3859 5992
543 579 911 634 CLAVDIVS
1837 573 1966 638 353
2882 583 3249 640 CLAVDIVS

794 774 1193 858 Heyesippus
1261 776 1437 858 apud
1496 777 1732 842 Euseb.
1800 776 1944 846 hist.
2010 778 2155 844 eccl.
2220 783 2296 857 3,
2359 783 2450 845 32
2512 777 2621 860 (αό
2685 778 2965 844 Eusebio
3016 779 3253 862 pendet

668 877 1027 945 Chronicon
1068 878 1386 944 Paschale
1416 902 1488 962 p.
1519 886 1641 945 471
1672 880 1765 948 ed.
1796 879 2179 962 Bonnensis)
2220 883 2518 947 narravit
2563 881 2930 947 Simeonem
2974 880 3250 946 alterum

667 981 805 1065 (qui
834 979 1068 1062 fertur)
1099 983 1471 1067 episcopum
1503 982 2164 1068 Hierosolymitanum
2211 994 2471 1049 eentum
2500 985 2732 1067 viginti
2779 1006 2983 1049 annos
3027 994 3249 1050 natum

665 1086 1046 1170 martyrium
1107 1107 1370 1171 passum
1431 1107 1572 1150 esse
1629 1087 1724 1151 ἐπὶ
1784 1085 2079 1174 Τραιανοῦ
2139 1085 2440 1173 Καίσαρος
2494 1090 2591 1153 καὶ
2650 1090 2932 1154 ὑπατικοῦ
2978 1084 3244 1165 Ἀττικοῦ,

664 1186 828 1253 unde
882 1188 1067 1270 vulqo
1114 1211 1241 1271 pro
1300 1193 1465 1253 certo
1521 1190 1829 1253 statuitur
1871 1190 2161 1253 Atticum
2205 1195 2465 1273 patrem
2522 1189 2801 1255 Herodis
2859 1189 3091 1273 Syriae
3154 1190 3252 1255 vel

666 1290 948 1356 Iudaeae
1005 1289 1420 1356 Palaestinae
1464 1292 1849 1373 praefuisse.
1948 1291 2203 1357 Atticus
2268 1291 2377 1356 ille
2432 1293 2546 1374 qui
2602 1292 2839 1357 dicitur
2894 1290 3250 1356 consularis

664 1393 904 1457 scilicet
947 1392 1206 1477 leyatus,
1249 1395 1509 1458 nonnisi
1551 1393 1785 1477 Syriae
1814 1413 2082 1475 praeses
2125 1413 2254 1459 esse
2284 1395 2519 1477 potuit,
2567 1415 2708 1458 cum
2750 1394 3061 1460 Iudaeam
3104 1399 3251 1459 tunc

667 1497 967 1578 temporis
1001 1496 1322 1578 praetorii
1361 1500 1665 1578 reyerent.
1752 1494 1885 1562 Sed
1934 1501 2008 1560 ut
2061 1496 2368 1561 incertum
2428 1501 2519 1561 est
2575 1497 2647 1562 in
2690 1499 3050 1580 coynomine
3090 1498 3250 1562 satis

663 1598 917 1681 vulyari
958 1598 1121 1682 (vide
1167 1617 1369 1680 supra
1413 1621 1486 1681 p.
1519 1598 1686 1679 178),
1742 1618 1895 1661 num
1951 1597 2126 1682 apud
2180 1597 2608 1681 Heyesippum
2663 1598 3113 1683 intelleyendus
3165 1600 3252 1663 sit

675 1702 769 1766 Ti.
802 1700 1118 1766 Claudius
1161 1700 1436 1777 Atticus,
1484 1701 1582 1765 ita
1625 1705 1879 1777 auctor,
1927 1701 2106 1765 cuius
2150 1704 2284 1765 tota
2324 1702 2621 1766 narratio
2668 1701 2744 1767 de
2786 1701 2896 1767 illo
2940 1703 3251 1785 martyrio

661 1823 935 1887 prorsus
978 1825 1022 1867 a
1061 1823 1206 1867 vero
1270 1802 1609 1868 abhorrere
1665 1802 1930 1879 videtur,
1988 1803 2196 1867 nescio
2255 1824 2342 1867 an
2392 1803 2642 1868 nullam
2681 1809 3001 1869 mereatur
3043 1804 3248 1888 fidem.

670 1907 845 1988 Quae
878 1926 1007 1971 non
1035 1910 1249 1988 potest
1289 1927 1417 1969 non
1448 1906 1749 1989 deneyari
1773 1905 1981 1970 verbis
2009 1906 2283 1987 fortasse
2328 1907 2408 1970 ab
2455 1911 2711 1971 auctore
2752 1907 2892 1990 ipso
2936 1907 3251 1989 corruptis

669 2009 951 2091 Martyr.
996 2009 1247 2089 Iynatii
1285 2030 1361 2090 p.
1402 2013 1527 2073 307
1567 2014 1712 2073 acta
1758 2009 2009 2091 anatii
2058 2007 2150 2075 ed.
2198 2007 2388 2073 Zahn
2432 2010 2495 2074 ἐν
2544 2008 2660 2074 ἔτει
2705 2010 2955 2095 πέμπτῳ
2999 2010 3250 2097 (ἐννοίτῳ

668 2112 827 2176 liber
869 2111 1098 2191 Onon.)
1142 2117 1248 2196 τῆς
1299 2113 1598 2198 βασιλείας
1641 2110 1937 2196 Τραιανοῦ
1983 2112 2286 2196 Καίσαρος
2329 2113 2423 2176 καὶ
2473 2111 2730 2198 δευτέρῳ
2777 2111 2893 2178 ἔτει
2938 2113 3251 2182 ἐνυπατίας

666 2215 756 2292 (ἐν
790 2216 1003 2298 ὑπατίᾳ
1032 2213 1261 2293 Oxou.)
1295 2210 1547 2279 Ἀττικοῦ
1579 2217 1678 2279 καὶ
1700 2214 2042 2299 Σουρβανοῦ
2074 2210 2188 2293 (sic
2216 2214 2439 2292 Oxon„
2473 2217 2575 2280 καί
2607 2213 2921 2302 Σουρβινόν
2960 2213 3247 2291 Vatican,

666 2315 913 2382 Ἀττικοῦ
946 2316 1362 2403 Σουβουρανοῦ
1390 2317 1645 2398 sempsit
1668 2316 1881 2400 Zalm)
1913 2319 2008 2382 καὶ
2039 2315 2434 2402 Μαρκέλλου.)
2466 2337 2621 2381 nam
2646 2321 2720 2381 ut
2748 2318 2999 2382 omnino
3032 2321 3254 2381 auctor

661 2423 926 2502 praeter
955 2418 1235 2483 consules
1267 2441 1326 2483 a.
1351 2424 1474 2483 104
1504 2419 1677 2502 (Sex.
1702 2419 1980 2504 Attium)
2014 2418 2428 2485 Suburanum
2458 2423 2517 2484 et
2547 2419 2674 2504 (M.
2704 2418 3030 2501 Asinium)
3063 2418 3251 2484 Mar-

665 2520 884 2587 cellum
926 2522 1117 2586 etiam
1162 2521 1536 2604 leqationem
1578 2521 1785 2585 Attici
1838 2543 2188 2587 memorare
2245 2522 2543 2600 voluerit,
2604 2522 2770 2587 hanc
2830 2544 2908 2587 ex
2948 2522 3249 2598 Eusebio,

665 2625 844 2689 cuius
886 2624 1224 2690 histo-riam
1268 2646 1407 2690 eum
1439 2624 1749 2707 eccpilassc
1781 2629 2029 2688 constat
2058 2625 2165 2709 (cf.
2199 2624 2411 2692 adnot.
2446 2624 2689 2689 Zahnii
2716 2623 2804 2689 ad
2832 2624 2871 2691 l.
2907 2623 2993 2707 l.),
3042 2625 3251 2690 alieno

666 2727 802 2792 loco
855 2748 993 2791 eum
1053 2728 1382 2792 intrusisse
1427 2726 1857 2810 probabiliter
1902 2728 2164 2791 coniecit
2209 2726 2417 2792 Zahn.
2504 2726 2708 2791 Falso
2750 2728 2949 2810 iyitur
2990 2728 3251 2793 Asbach

664 2830 725 2894 J
719 2829 1071 2895 ahrbiicher
1128 2829 1237 2894 des
1297 2830 1551 2895 Vereins
1617 2829 1728 2894 der
1783 2828 1873 2893 Al
1879 2828 2447 2911 terthumsfreunde
2502 2830 2573 2893 in
2632 2828 2751 2895 den
2805 2829 3251 2896 Rhcinlanden

662 2932 949 2998 LXXII
982 2931 1205 3015 (1882)
1253 2955 1324 3016 Ρ.
1369 2937 1450 2997 39
1509 2932 1642 2997 loco
1689 2952 1819 3015 pro
1872 2932 2145 2996 arbitrio
2201 2936 2444 2996 mutato
2501 2933 2601 2996 uti
2639 2931 2882 2996 studuit
2924 2933 3012 2997 ad
3053 2953 3253 2998 annos

666 3035 1025 3100 consulatus
1091 3040 1148 3099 et
1213 3035 1548 3118 leyationis
1607 3035 1972 3099 accuratius
2033 3033 2508 3099 constituendos.
2572 3070 2651 3080 —
2711 3032 2931 3116 Neque
2975 3034 3254 3118 probari

658 3142 872 3221 potest
928 3139 1239 3203 sententia
1295 3137 1773 3220 Dittenberyeri
1822 3136 2092 3202 Hermes
2134 3135 2337 3201 XIII
2371 3137 2584 3220 (1878)
2631 3157 2703 3217 p.
2750 3140 2837 3199 77
2890 3136 3255 3202 conicientis

660 3241 732 3305 in
777 3244 818 3304 t.
864 3245 965 3316 10,
1027 3260 1145 3321 quo
1188 3239 1460 3304 honorat
1505 3241 1729 3304 civitas
1769 3238 2181 3321 Gytheatium
2223 3238 2509 3302 Atticum
2547 3235 2849 3324 κηδεμόνα
2891 3243 2996 3303 τοῦ
3041 3237 3253 3310 ἔθνους

662 3342 822 3427 (scil.
881 3342 952 3407 E
961 3342 1572 3427 leutherolaconum),
1634 3343 1996 3426 siynificari
2049 3340 2149 3405 his
2207 3339 2413 3405 verbis
2461 3338 2903 3422 proconsulem
2961 3339 3253 3406 Achaiae

660 3446 758 3510 vel
800 3445 1073 3529 leyatum
1117 3444 1205 3509 ad
1239 3444 1674 3528 corrigendum
1704 3450 1976 3523 statum,·
2016 3466 2213 3526 neque
2243 3444 2408 3508 enim
2436 3443 2644 3507 omitti
2672 3442 2889 3525 potuit
2917 3442 3252 3527 ἀνθύπατος

659 3552 719 3613 et
761 3549 1190 3629 requireretur
1238 3548 1484 3612 omnino
1524 3568 1654 3630 pro
1700 3548 1912 3619 ἔθνους
1955 3568 2099 3612 voce
2143 3547 2456 3631 ἐπαρχεία.

794 3649 1089 3715 Vibullia
1117 3648 1308 3714 Aleia
1338 3672 1504 3714 uxor
1535 3655 1577 3713 t.
1602 3655 1661 3714 1.
1694 3655 1751 3714 7.
1780 3655 1877 3728 15,
1912 3649 2131 3714 liberi:
2167 3648 2267 3715 Ti.
2303 3647 2616 3714 Claudius
2644 3647 2902 3713 Atticus
2932 3647 3244 3732 HerodeS,

658 3752 759 3820 Ti.
805 3752 1118 3819 Claudius
1156 3753 1414 3817 Atticus
1450 3752 1884 3818 Herodianus.
1983 3750 2259 3817 Claudia
2297 3750 2615 3816 Athenais
2657 3771 2843 3816 soror
2890 3755 2964 3814 ut
3001 3750 3248 3817 videtur

656 3878 712 3921 v.
758 3856 942 3938 infra
981 3856 1095 3920 sub
1139 3854 1440 3922 Claudia.
1525 3855 1738 3919 Homo
1778 3876 2067 3919 summae
2117 3853 2541 3937 liberalitatis,
2592 3875 2722 3939 qua
2773 3854 3120 3939 praecipue
3175 3854 3240 3917 in

658 3959 833 4023 cives
893 3957 1319 4024 Athenienses
1387 3980 1542 4022 usus
1611 3969 1709 4024 est
1774 3957 2085 4022 Philostr.
2142 3957 2181 4021 l.
2235 3957 2274 4022 l.
2328 3957 2378 4040 §¹
2423 3960 2574 4022 4-5.
2629 3993 2717 4004 -
2784 3955 3244 4041 Scopelianum

659 4060 1012 4147 sophistam
1059 4059 1335 4146 hospitio
1376 4062 1634 4145 excepit
1675 4060 1763 4125 id.
1807 4066 1866 4137 1,
1912 4066 2019 4137 21,
2068 4064 2165 4125 13.

529 4166 655 4231 655
699 4174 795 4229 TI.
844 4174 1214 4229 CLAVDIVS
1260 4173 1572 4228 ATTICVS
1618 4172 1990 4241 HERODES,
2039 4161 2265 4228 consul
2308 4183 2479 4226 anno
2512 4163 2655 4227 143.
2721 4160 2825 4227 De
2860 4160 3063 4227 titidis
3107 4163 3242 4228 eius

658 4272 718 4332 et
762 4268 981 4350 patris
1038 4267 1424 4350 coynominis
1474 4266 1930 4349 distinyuendis
1983 4271 2041 4330 et
2099 4265 2174 4331 de
2234 4264 2464 4346 titulis,
2529 4265 2641 4346 qui
2692 4263 2780 4329 ad
2834 4269 3050 4329 utrum
3092 4288 3244 4350 per-

661 4371 905 4435 tincant
959 4369 1218 4434 dubium
1263 4374 1372 4445 est,
1429 4370 1500 4434 in
1550 4371 1909 4433 universum
1954 4367 2335 4450 conferenda
2376 4371 2523 4432 sunt
2566 4388 2725 4448 quae
2775 4386 2974 4449 supra
3015 4388 3079 4433 n.
3124 4372 3244 4435 654

657 4473 935 4554 exposui.
1019 4471 1265 4536 Titulos
1306 4475 1516 4536 autem
1557 4471 1929 4554 Olympicos,
1987 4473 2098 4553 qui
2141 4471 2229 4535 ad
2269 4470 2591 4537 Herodem
2631 4470 3067 4553 familiamque
3109 4472 3244 4535 eius

655 4579 956 4658 wectant,
1020 4574 1217 4639 edidit
1275 4578 1334 4637 et
1395 4573 1742 4638 illustravit
1784 4572 2250 4656 Dittenbcrqer‚
2306 4572 2409 4639 De
2451 4571 2732 4637 Herodis
2774 4570 2985 4637 Attici
3023 4593 3241 4638 monu-

655 4680 880 4743 mentis
922 4677 1285 4761 Olympici8‚
1332 4677 1538 4741 Indeoe
1579 4675 1938 4741 scholarum
1967 4677 2272 4742 Halensis
2317 4698 2377 4741 a.
2423 4679 2610 4751 1892,
2655 4674 2823 4740 unde
2862 4694 3017 4757 quos
3060 4675 3243 4756 infra

658 4781 1004 4857 attulimus,
1050 4778 1119 4844 D
1158 4779 1374 4843 littera
1415 4784 1473 4843 et
1504 4781 1901 4861 paginarum
1936 4780 2215 4843 numeris
2252 4778 2596 4863 adscriptis
2638 4777 3153 4862 siqnificavimuS.
3236 4767 3253 4784 ‘

785 4881 862 4964 I)
907 4881 1055 4964 Ipse
1087 4882 1310 4963 posuit
1355 4880 1422 4955 a)
1467 4880 1748 4945 Atticos:
1798 4879 1954 4946 GIA
1999 4881 2134 4946 III
2167 4886 2246 4946 69
2293 4880 2401 4963 (1),
2448 4902 2569 4963 quo
2613 4880 2908 4964 templum
2949 4878 3241 4944 Athenae

657 4983 1003 5062 dedicavit,·
1046 4984 1181 5049 III
1212 4987 1336 5047 403
1380 4980 1496 5063 (2),
1540 5003 1663 5064 quo
1706 4988 2171 5048 monumentum
2212 4985 2420 5049 nescio
2464 4984 2633 5065 quod
2644 5003 2666 5062 ,·
2711 4984 2951 5049 Δελτίον
3000 4983 3239 5067 ἀρχαιο-

657 5086 887 5173 λογικόν
915 5090 1085 5152 1888
1102 5108 1174 5169 p.
1199 5089 1322 5150 189
1351 5083 1459 5168 (3),
1492 5105 1611 5166 quo
1640 5088 1707 5150 τὸ
1740 5085 2133 5171 ἀγορανόμων
2153 5108 2169 5166 3
2192 5087 2412 5168 posuit
2434 5086 2693 5152 Anniae
2720 5084 3012 5167 Reyillae
3048 5084 3241 5148 uxori

651 5191 830 5254 vivae
873 5194 916 5253 t.
963 5188 1342 5253 Eleusinum
1380 5185 1711 5274 Ἐφημερὶς
1756 5190 2181 5275 ἀρχαιολογική
2228 5189 2362 5253 ΙΙΙ
2392 5187 2606 5273 (1885)
2639 5212 2712 5273 p.
2742 5192 2872 5255 152
2910 5208 2974 5255 n.
3003 5190 3095 5254 28
3121 5184 3234 5272 (4),

631 5297 1054 5352 Prosopognphia
1079 5297 1202 5352 1mp.
1231 5297 1370 5341 Rom.
1425 5296 1467 5340 1.
2757 5288 2826 5346 23
