3859 5992
662 540 1129 598 CALPVRNIVS
1953 535 2080 601 286
2901 543 3326 599 OALPVRNIV
3330 544 3368 599 S

914 737 1031 806 Cn.
1078 739 1120 804 f.
1169 737 1289 807 Cn.
1337 761 1400 803 n.
1443 739 1606 820 fasti
1642 737 2027 821 Capitolini,
2089 738 2210 805 Cn.
2261 740 2305 807 f.
2351 740 2486 806 Dio
2528 740 2718 805 index
2761 740 2801 805 Ζ.
2845 745 2951 806 53.
3039 739 3154 805 Act
3202 740 3365 806 hunc

783 842 1020 923 referri
1048 845 1261 924 potest
1299 862 1592 907 nummus
1637 862 1823 907 cusas
1861 848 1938 907 ut
1977 842 2225 908 videtur
2266 844 2338 908 in
2367 843 2698 926 Hispania
2728 866 2789 911 a.
2824 848 2948 910 705
2974 873 3059 898 =
3088 849 3170 909 49
3201 866 3263 911 a.
3296 843 3363 909 C.

784 945 856 1009 in
910 944 1177 1009 adversa
1232 945 1577 1027 inscriptus
1636 943 1755 1010 Cn.
1805 947 1956 1010 Piso
2015 967 2133 1030 pro
2194 947 2610 1032 q(uaestore)‚
2655 948 2727 1011 in
2771 966 2996 1012 aversa
3032 946 3366 1030 Magn(us)

783 1069 901 1133 pro
946 1046 1325 1130 co(n)s(ule)
1370 1046 1663 1112 Babelon
1692 1047 1744 1112 I
1764 1069 1837 1130 p.
1867 1052 2011 1116 303.
2084 1049 2272 1114 Anno
2315 1050 2441 1114 708
2480 1079 2565 1103 =
2594 1051 2677 1115 46
2722 1048 2899 1114 civili
2946 1048 3114 1115 bello
3159 1070 3363 1113 resur-

782 1158 1010 1230 gentes
1056 1152 1123 1214 in
1167 1149 1397 1216 Africa
1435 1161 1652 1235 partes
1696 1154 2012 1216 acerrimo
2056 1153 2415 1217 ministerio
2459 1152 2775 1218 adversus
2818 1152 3160 1219 Caesarem
3206 1153 3368 1216 iuvit

792 1251 941 1316 Tac.
974 1274 1034 1317 a.
1064 1257 1130 1329 2,
1162 1257 1262 1330 43,
1308 1252 1474 1318 Bell.
1506 1252 1808 1335 African.
1855 1259 1916 1320 3.
1956 1257 2058 1319 18.
2129 1254 2289 1319 Mox
2333 1255 2615 1320 Brutum
2659 1265 2728 1318 et
2768 1253 3065 1321 Cassium
3112 1263 3365 1318 secutus

787 1376 1092 1421 concesso
1153 1354 1370 1419 reditu
1432 1355 1745 1441 petitione
1784 1354 2102 1421 honorum
2147 1356 2492 1435 abstinuit,
2544 1357 2752 1422 donec
2796 1355 2967 1422 ultro
3015 1356 3367 1422 ambiretur

781 1454 1067 1522 delatum
1122 1457 1206 1521 ab
1250 1456 1549 1540 Augusto
1612 1456 2018 1522 consulatum
2078 1460 2376 1545 accipere
2428 1460 2577 1525 Tac.
2626 1460 2667 1525 Ζ.
2715 1459 2756 1525 Ζ.
2841 1458 3087 1525 Consul
3136 1481 3196 1526 a.
3244 1458 3358 1523 731

780 1588 866 1615 ==
928 1560 1011 1623 23
1068 1582 1127 1625 a.
1187 1558 1263 1625 C.
1323 1560 1502 1641 fasti.
1610 1561 1806 1626 Pater
1869 1559 1990 1627 Cn.
2059 1560 2398 1646 Calpurnii
2467 1563 2723 1628 Pisonis
2785 1561 3067 1626 consulis
3131 1585 3190 1628 a.
3245 1560 3364 1625 747

777 1691 859 1715 ·-—-
894 1662 930 1726 7
970 1685 1028 1727 a.
1061 1661 1136 1728 C.
1176 1662 1324 1727 Tac.
1365 1662 1405 1727 Ζ.
1438 1662 1480 1729 Ζ.
1527 1667 1586 1727 οΖ
1624 1663 1697 1726 L.
1740 1661 2084 1744 Calpurnii
2124 1662 2381 1729 Pisonis
2425 1686 2548 1730 003.
2595 1687 2657 1729 a.
2692 1669 2810 1730 753
2855 1694 2938 1716 ---
2981 1669 3021 1730 1
3065 1686 3126 1728 a.
3168 1663 3241 1729 G.

653 1765 780 1829 249
825 1774 1385 1829 1..oA1.PVRN1vs
1418 1774 1580 1829 P1so
1612 1766 1967 1846 1‹¹RvG1(‘?),
1995 1764 2220 1830 consul
2249 1790 2307 1831 a.
2335 1767 2459 1832 739
2482 1768 2671 1832 :15
2700 1778 2758 1834 ε..
2784 1766 2858 1832 C.
2882 1786 3028 1831 eum
3056 1765 3147 1830 Μ.
3177 1765 3365 1829 Livio

782 1867 1020 1933 Druso.
1041 1904 1119 1912 —
1146 1866 1396 1931 Titulus
1425 1867 1558 1931 eius
1587 1866 1832 1932 Veleias
1858 1867 1981 1932 XI
1998 1871 2170 1933 1182
2191 1867 2301 1951 (1),
2333 1873 2720 1934 memoratur
2751 1869 2817 1932 in
2847 1869 3010 1933 actis
3029 1867 3362 1932 Arvalium

781 1991 842 2036 a.
874 1974 953 2034 14
998 1969 1102 2035 VI
1132 1974 1310 2036 2023
1354 1970 1469 2053 (2),
1517 1992 1578 2036 a.
1609 1975 1701 2036 20
1743 1970 2011 2053 Ephmn.
2046 1993 2140 2053 ep.
2170 1975 2214 2035 8
2243 1993 2317 2053 p.
2346 1976 2474 2036 318
2514 1970 2621 2053 (3),
2670 1993 2730 2036 α.
2774 1976 2871 2037 27
2909 1970 3014 2036 VI
3037 1976 3218 2037 2024
3244 1969 3366 2053 (4),-

782 2072 944 2137 idem
986 2070 1434 2155 intellegendus
1476 2071 1724 2136 videtur
1767 2072 1836 2137 in
1882 2078 1924 2140 t.
1974 2072 2076 2138 VI
2094 2078 2307 2139 20743
2336 2073 2425 2157 (5)
2469 2072 2676 2138 Iullae
2717 2074 2796 2139 L.
2837 2073 3096 2139 Pisonis
3140 2071 3362 2157 pontif.

907 2175 993 2240 In
1037 2173 1399 2239 consulatu:
1442 2175 1513 2240 A.
1546 2172 1958 2261 Καλποόρνιος
1999 2176 2074 2240 Λ.
2120 2180 2196 2241 υἱ.
2247 2175 2447 2241 Πίσων
2483 2176 2771 2263 Φούρτιος
2815 2174 2955 2259 (sic)
3000 2174 3136 2241 Dio
3178 2174 3366 2240 index

782 2276 822 2341 Ζ.
852 2280 952 2353 54,
996 2273 1404 2361 Καλπούρνιος
1438 2276 1640 2341 Πίσων
1674 2275 1806 2341 Dio
1835 2282 1935 2354 54,
1968 2282 2075 2354 21,
2114 2278 2175 2341 L
2177 2326 2627 2344 ...........
2674 2280 2836 2360 fasti
2863 2279 3014 2343 min.
3048 2276 3193 2343 VII
3213 2277 3366 2343 CIL

780 2380 830 2445 I
837 2381 861 2417 2
882 2402 954 2463 p.
978 2384 1077 2455 64,
1122 2380 1200 2443 L.
1238 2379 1385 2443 Piso
1426 2378 1810 2457 Cassiodor„
1844 2383 2116 2444 ceterum
2150 2382 2297 2446 Piso
2329 2382 2507 2462 fasti.
2544 2418 2620 2427 —
2652 2381 2730 2445 L.
2761 2379 3160 2466 Calpurnius
3191 2380 3363 2465 [Piso

778 2479 1097 2568 p]ontifex
1140 2486 1182 2546 t.
1229 2486 1278 2547 2
1319 2502 1374 2548 υ.
1426 2486 1482 2557 7,
1527 2481 1603 2545 L.
1652 2480 1803 2545 Piso
1849 2481 2146 2567 pontifex
2188 2483 2318 2549 iba.
2365 2504 2422 2548 v.
2468 2487 2591 2562 23;
2646 2483 2725 2548 L.
2773 2482 3167 2570 Calpurnius
3212 2482 3363 2546 Piso

780 2583 1119 2670 [pontifex]
1167 2588 1208 2651 t.
1238 2589 1299 2660 3,
1345 2584 1460 2648 ubi
1500 2583 1994 2667 sufflementum
2025 2584 2227 2667 plane
2271 2590 2507 2651 certum
2551 2591 2659 2663 est,
2707 2636 2723 2651 .
2752 2637 2767 2652 .
2797 2636 2811 2651 .
2842 2636 2858 2651 .
2904 2586 3200 2672 pontifex
3244 2590 3287 2650 t.
3323 2589 3364 2649 4

775 2707 829 2751 v.
873 2692 940 2752 2.
983 2691 1090 2762 32,
1134 2684 1300 2751 uncle
1345 2691 1615 2768 apparet
1670 2687 1751 2750 in‘
1783 2687 1946 2751 actis
1987 2687 2330 2753 Arvalium
2371 2690 2731 2754 nominibus
2772 2690 2963 2754 huius
3005 2693 3364 2753 constanter

779 2788 1067 2853 additum
1111 2807 1240 2851 esse
1271 2788 1603 2870 pontificis
1642 2788 2034 2855 vocabulum.
2099 2791 2177 2855 L.
2210 2790 2360 2855 Piso
2391 2791 2684 2876 pontifex
2719 2796 2761 2857 t.
2792 2796 2853 2868 5,
2903 2791 3052 2857 Tac.
3078 2814 3137 2857 a.
3170 2796 3230 2867 6,
3262 2795 3359 2856 10.

779 2889 1004 2955 Etiam
1048 2890 1119 2953 in
1164 2895 1205 2953 t.
1235 2895 1275 2954 1
1319 2895 1543 2954 eontra
1587 2890 1870 2956 ordinem
1912 2891 2169 2957 solitum
2212 2894 2516 2975 scriptum
2560 2899 2651 2959 est
2678 2894 2756 2962 L.
2787 2893 3183 2980 Calpurnius
3210 2893 3361 2957 Piso

781 2992 1008 3077 pontif.
1053 3014 1203 3068 cos„
1250 2994 1439 3074 quasi
1485 2993 1762 3077 ‘pontifi'
1810 3016 1951 3059 cum
2008 2997 2368 3061 nominibus
2424 3002 2564 3062 arte
2607 2997 2928 3063 cohaererc
2943 3002 2983 3062 t.
3077 2998 3363 3083 Φοόρτιος

780 3095 851 3158 in
908 3094 1115 3159 indice
1173 3093 1409 3159 Dionis
1466 3096 1601 3159 sine
1660 3095 1851 3161 dubio
1909 3103 2276 3180 corruptum
2335 3104 2426 3165 est
2485 3121 2562 3164 ex
2605 3102 2849 3187 Φροῢγι,
2909 3100 3022 3166 3οᾱ
3078 3100 3366 3165 dubitari

774 3200 1001 3279 potest,
1047 3218 1200 3262 num
1237 3218 1571 3279 coynomen
1598 3203 1763 3262 recte
1797 3199 1945 3264 huie
1977 3202 2281 3266 tributum
2309 3203 2412 3266 sit.
2474 3201 2669 3266 Patri
2696 3204 2865 3267 enim
2897 3205 2973 3271 L.
3009 3202 3361 3285 Calpurnio

777 3300 1002 3365 Pisoni
1053 3299 1405 3365 Caesonino
1464 3321 1800 3383 coynomen
1864 3303 2069 3386 Frugi
2136 3324 2264 3368 non
2327 3306 2524 3385 fuisse
2582 3310 2807 3370 contra
2862 3304 3213 3370 Asconium
3269 3306 3364 3388 (in

772 3402 1105 3467 Pisonian.
1141 3425 1211 3485 p.
1255 3406 1327 3487 2)
1374 3404 1501 3466 viri
1543 3402 1712 3468 (loeti
1768 3404 1905 3469 iure
1962 3409 2319 3470 statuerunt
2363 3408 2445 3488 cf.
2490 3405 2837 3472 Drumann
2873 3408 2966 3472 II
2981 3430 3054 3490 p.
3085 3412 3186 3472 63.
3273 3407 3364 3472 Et

773 3506 1005 3570 mirum
1036 3512 1126 3571 03Ζ
1151 3512 1387 3583 nostro,
1431 3512 1503 3571 ut
1533 3508 1614 3572 ab
1647 3506 1798 3572 aliis
1828 3509 2050 3572 Luciis
2080 3508 2307 3573 Pisoni
2310 3510 2423 3574 bus
2451 3509 2958 3593 distinyueretur,
2989 3509 3362 3575 vocabulum

772 3609 1102 3691 pontificis
1134 3609 1421 3673 additum
1455 3630 1602 3685 esse,
1632 3631 1760 3673 non
1790 3630 2126 3692 coynomen
2158 3616 2365 3676 aetate
2385 3612 2666 3693 Auyusti
2693 3632 2848 3677 sane
2875 3632 3102 3676 rarum
3130 3610 3359 3694 Fruyi,

771 3732 890 3793 quo
936 3716 1081 3775 tunc
1114 3715 1453 3793 praeterea
1490 3731 1655 3775 unus
1683 3716 1988 3793 quantum
2015 3715 2302 3778 novimus
2333 3713 2448 3779 Gn.
2481 3714 2637 3779 Piso
2667 3734 2789 3779 003.
2822 3736 2884 3778 a.
2920 3719 3036 3778 731
3064 3733 3220 3778 ustas
3249 3718 3357 3778 est.

902 3814 1066 3878 Luci
1111 3812 1282 3877 filius
1327 3812 1459 3877 Dio
1502 3813 1693 3877 index
1736 3814 1775 3881 Ζ.
1822 3818 1922 3891 53,
1980 3826 2165 3899 pater
2225 3817 2280 3879 ei
2334 3817 2663 3881 censorius
2706 3817 2829 3881 fuit
2879 3817 3028 3881 Tac.
3075 3838 3135 3881 a.
3175 3822 3233 3892 6,
3281 3821 3362 3879 10

767 3915 1008 3979 seilicet
1055 3916 1132 3979 L.
1191 3915 1348 3979 Piso
1408 3914 1623 3980 consul
1682 3937 1740 3981 a.
1789 3920 1907 3981 696
1957 3945 2043 3970 ==
2080 3921 2190 3993 58,
2253 3938 2471 3982 censor
2531 3940 2592 3983 a.
2641 3923 2763 3983 704
2805 3948 2888 3972 ==
2930 3923 3011 3984 50
3054 3940 3114 3985 α.
3158 3917 3230 3983 C'.
3275 3954 3360 3965 —

770 4016 1015 4082 Consul
1077 4040 1135 4084 a.
1185 4018 1308 4082 739
1354 4047 1439 4071 ==
1486 4018 1566 4082 15
1608 4040 1667 4080 a.
1714 4016 1788 4082 C.
1895 4018 2076 4083 Idem
2133 4020 2380 4083 videtur
2439 4020 2515 4085 L.
2579 4022 2729 4086 Piso
2791 4019 3136 4105 proconsul
3196 4019 3358 4101 (scil.

772 4119 1327 4203 Transpadanae)‚
1391 4118 1564 4203 apud
1632 4141 1825 4203 quem
1872 4118 2188 4185 Albucius
2252 4121 2425 4186 Silus
2486 4144 2668 4187 reum
2728 4122 2944 4187 caedis
3005 4121 3355 4186 Mediolani

771 4220 1062 4285 defendit
1107 4220 1363 4286 Sueten.
1413 4220 1488 4285 cle
1532 4220 1763 4285 rhetor.
1801 4227 1901 4285 30.
1995 4223 2283 4305 Legatus
2329 4225 2611 4306 Augusti
2660 4224 3086 4309 Pamphyliae
3130 4247 3187 4288 a.
3234 4224 3353 4288 741

769 4352 851 4375 =
899 4324 979 4387 13
1025 4345 1080 4388 a.
1128 4322 1200 4387 C.
1261 4322 1395 4387 Dio
1449 4328 1550 4398 54,
1597 4329 1715 4400 34;
1772 4324 1860 4387 ad
1914 4325 2036 4388 iter
2095 4327 2163 4389 in
2208 4327 2612 4407 provinciam
2665 4332 3020 4409 susceptum
3073 4332 3359 4410 &actare

762 4423 1007 4489 videtur
1050 4426 1244 4508 cpiqr.
1290 4426 1632 4507 Antipatri
1672 4425 1931 4491 Antlcol.
1973 4450 2070 4510 Ψ.
2110 4432 2209 4504 10,
2255 4434 2361 4494 25.
2437 4429 2598 4493 Inde
2645 4431 2708 4493 in
2756 4429 3102 4494 Thraciam
3149 4440 3351 4493 trans-

762 4526 932 4592 latus
963 4550 1080 4613 per
1109 4528 1455 4592 triennium
1488 4534 1574 4609 (a.
1621 4530 1893 4603 13—11)
1928 4529 2177 4612 legatus
2211 4532 2494 4614 Augusti
2527 4554 2674 4595 cum
2703 4531 3024 4596 Thraciae
3051 4531 3355 4615 gentibus

762 4628 1005 4695 bellum
1047 4632 1248 4712 gessit
1293 4642 1358 4693 et
1402 4641 1779 4695 ornamenta
1822 4632 2239 4716 triumphalia
2267 4635 2503 4698 meruit
2531 4634 2753 4698 Livius
2783 4633 3094 4716 periocha
3138 4633 3180 4699 Ζ.
3214 4640 3353 4711 140,
3452 4622 3457 4626 ’

764 4732 1031 4798 Velleius
1088 4738 1152 4810 2,
1201 4738 1315 4810 98,
1371 4734 1549 4809 Ταο.,
1610 4732 1743 4798 Dio
1789 4733 1830 4799 l.
1877 4734 1948 4811 Ζ.,
2007 4734 2254 4800 Florus
2296 4742 2362 4813 2,
2399 4740 2504 4814 27,
2569 4732 2824 4803 Seneca
2870 4738 3048 4819 epist.
3093 4741 3195 4813 83,
3254 4741 3354 4802 14.

763 4835 1139 4900 Praefectus
1186 4836 1330 4900 urbi
1391 4836 1513 4901 sub
1558 4836 1820 4901 Tiberio
1875 4836 2171 4914 Velleius,
2237 4838 2511 4915 Seneca,
2569 4839 2824 4903 Tacitus
2869 4838 2910 4907 Ζ.
2958 4839 3033 4917 Ζ.,
3093 4840 3353 4907 Sueten.

769 4938 984 5004 Tiber.
1014 4943 1122 5015 42,
1171 4937 1348 5003 Plin.
1377 4960 1440 5003 n.
1472 4938 1533 5003 h.
1565 4944 1662 5007 14.
1701 4944 1815 5004 145
1861 4941 1944 5020 ef.
1978 4941 2173 5021 epiqr.
2204 4940 2549 5023 Antipatri
2590 4941 2630 5005 l.
2669 4941 2709 5005 Ζ.
2743 4947 2799 5018 6,
2830 4945 2969 5007 335.
3046 4941 3239 5007 Anno
3270 4944 3353 5008 32

764 5041 1216 5123 octogenarius
1274 5051 1567 5105 mortuus
1625 5041 1758 5106 Dio
1816 5045 1918 5118 58,
1981 5047 2081 5117 19,
2150 5042 2296 5107 Tac.
2348 5066 2405 5110 a.
2453 5050 2523 5120 6,
2568 5049 2682 5120 11,
2760 5054 3101 5128 postquam
3170 5067 3353 5131 prae-

756 5144 1010 5210 fectura
1037 5144 1175 5209 XX
1205 5165 1322 5231 per
1351 5166 1554 5208 annos
1588 5144 1847 5210 functus
1879 5154 1993 5227 est,
2044 5143 2305 5229 publico
2347 5145 2575 5212 funere
2620 5144 2824 5212 elatus
2879 5147 3026 5213 Tae.
3121 5147 3264 5213 Vbi>
3294 5147 3354 5213 si
