3859 5992
465 540 764 599 CASSIVS
1759 530 1886 597 317
2877 538 3182 596 CASSIVS

467 740 594 805 443
642 737 911 805 Cassius
959 736 1261 803 Severus.
1351 735 1689 819 Augustus
1749 744 2108 800 commotus
2152 733 2364 801 Cassii
2410 734 2637 801 Severi
2695 734 2995 819 libidine,
3054 757 3187 821 qua

595 843 774 904 viros
806 841 1210 925 feminasque
1238 837 1524 903 illustres
1554 837 2022 923 diffamaverat,
2070 839 2500 921 cognitionem
2534 836 2615 901 de
2647 837 2904 903 famosis
2948 837 3184 904 libellis

596 944 815 1030 specie
856 941 1022 1025 legis
1067 942 1423 1007 maiestatis
1469 942 1773 1006 tractavit
1811 942 1959 1008 Tac.
1993 962 2053 1006 a.
2084 946 2145 1018 1,
2180 944 2276 1018 73,
2320 962 2489 1005 anno
2527 942 2604 1005 12
2641 963 2702 1026 p.
2739 940 2812 1009 C.
2840 946 2914 1007 ut
2939 941 3186 1008 videtur

596 1067 673 1111 etc
714 1044 928 1110 Dione
971 1048 1072 1121 56,
1115 1049 1224 1113 27.
1312 1042 1506 1109 Anno
1552 1044 1637 1110 24
1688 1045 1757 1108 in
1801 1053 2032 1108 senatu
2078 1042 2356 1108 relatum
2400 1053 2499 1109 est
2541 1042 2624 1108 de
2669 1043 2892 1109 Cassio
2942 1044 3184 1111 Severo

595 1146 810 1231 exule,
860 1148 973 1233 qui
1019 1146 1318 1211 sordidae
1363 1146 1651 1230 originis,
1698 1144 2032 1211 maleficae
2074 1147 2266 1229 vitae,
2314 1145 2429 1211 sed
2475 1146 2701 1211 orandi
2747 1145 3023 1230 validus,
3067 1170 3186 1233 per

595 1249 977 1315 immodicas
1039 1249 1407 1313 inimicitias
1470 1258 1543 1314 ut
1599 1249 1841 1314 iudicio
1906 1250 2099 1314 iurati
2158 1258 2420 1314 senatus
2466 1248 2730 1315 Cretam
2773 1261 3185 1316 amoveretur

595 1354 936 1435 effecerat3
997 1361 1195 1438 atque
1256 1350 1387 1416 illic
1446 1351 1672 1416 eadem
1731 1351 2059 1416 actitando
2122 1354 2408 1416 recentia
2458 1361 2812 1438 veteraque
2868 1353 3016 1419 odia
3073 1353 3185 1417 ad-

592 1458 807 1538 vertit,
855 1455 1174 1541 bonisque
1215 1465 1450 1519 exutus
1496 1455 1841 1520 interdicto
1888 1456 2025 1537 igni
2067 1464 2264 1540 atque
2308 1477 2481 1541 aqua
2527 1477 2684 1521 saxo
2718 1455 2991 1541 Seripho
3038 1479 3185 1521 con-

597 1559 811 1623 senuit
863 1559 1011 1624 Tac.
1059 1579 1120 1621 a.
1164 1563 1225 1635 4,
1270 1563 1376 1623 21.
1482 1556 1654 1623 Vnde
1684 1557 2027 1641 probabile
2072 1562 2162 1623 est
2207 1557 2505 1623 Severum
2550 1558 2632 1623 ab
2677 1557 2967 1641 Auyusto
3011 1560 3188 1624 eirca

593 1682 656 1725 a.
700 1665 788 1727 12
844 1662 915 1725 in
969 1659 1226 1725 Cretam
1284 1660 1606 1725 exulatum
1666 1680 1796 1725 esse
1848 1665 1908 1724 et
1959 1680 2206 1725 errasse
2248 1659 2725 1743 Hieronymum,
2786 1681 2926 1725 cum
2970 1661 3182 1727 chron.

602 1763 690 1827 ad
732 1785 791 1828 a.
823 1763 987 1830 Abr.
1016 1768 1188 1830 2048
1220 1793 1302 1816 ---
1330 1766 1450 1828 785
1479 1792 1565 1816 --
1593 1766 1683 1829 32
1713 1784 1785 1846 p.
1819 1760 1887 1829 C.
1935 1762 2272 1828 adnotaret
2309 1761 2597 1829 ‘Cassius
2644 1763 2926 1828 Severus
2971 1774 3189 1831 orator

600 1867 903 1949 egregius
945 1903 1034 1912 —
1075 1903 1163 1914 —
1200 1866 1400 1931 XXV
1445 1865 1625 1930 exilii
1685 1866 1784 1930 sui
1844 1888 2015 1931 anno
2061 1867 2127 1930 in
2175 1887 2427 1931 summa
2472 1866 2691 1952 inopia
2732 1868 3058 1931 moritur‘.
3100 1902 3189 1914 —-

599 1968 822 2046 Immo,
879 1973 951 2032 ut
1004 1989 1265 2033 numero
1325 1989 1638 2034 annorum
1691 1969 1873 2033 exilii
1922 1969 2082 2053 fides
2123 1968 2420 2035 habenda
2460 1970 2563 2047 sit,
2609 1973 2897 2034 mortuus
2937 1974 3029 2035 est
3069 1970 3215 2035 sub.

596 2071 787 2154 finem
833 2071 1090 2154 imperii
1139 2071 1400 2136 Tiberii.

728 2172 968 2239 Orator
1007 2174 1315 2256 insignis:
1361 2173 1604 2238 iudicia
1633 2173 1715 2237 de
1746 2173 2006 2238 dicendi
2036 2194 2277 2257 genere
2307 2176 2448 2238 eius
2480 2174 2722 2240 Seneca
2749 2178 3123 2239 controvers·
3147 2178 3190 2239 3

597 2276 811 2358 praef.
844 2279 998 2352 1-8,
1040 2275 1418 2356 Quintilian.
1461 2276 1735 2340 institut.
1776 2280 1877 2353 10,
1910 2281 1971 2353 1,
2004 2280 2141 2340 116.
2172 2280 2314 2353 117,
2370 2275 2516 2343 Tac.
2550 2275 2706 2340 dial.
2736 2280 2837 2341 19.
2867 2280 2975 2342 26.
3053 2275 3191 2343 Sub

599 2377 900 2462 Augusto
922 2377 1208 2443 Nonium
1236 2377 1661 2465 Asprenatem
1686 2378 2095 2464 Torquatum
2127 2377 2419 2444 veneficii
2451 2379 2785 2443 accusavit
2806 2378 3188 2460 Quintilian.

598 2481 871 2545 institut.
919 2484 1020 2558 10,
1071 2486 1129 2558 1,
1176 2485 1307 2560 22,·
1343 2485 1443 2558 11,
1491 2486 1550 2558 1,
1596 2484 1698 2560 57,
1741 2479 1920 2546 Plin.
1967 2502 2031 2546 n.
2076 2481 2134 2545 h.
2166 2485 2265 2556 35,
2298 2486 2436 2558 164,
2481 2481 2736 2549 Sueton.
2768 2481 2937 2565 Any.
2967 2484 3049 2547 56
3092 2482 3192 2568 (de

602 2586 876 2665 tempore
934 2584 1359 2649 accusationis
1418 2584 1501 2664 cf.
1546 2604 1707 2665 quae
1762 2604 1965 2667 supra
2023 2582 2328 2648 adnotavi
2373 2604 2440 2665 p.
2487 2586 2654 2670 165).
2749 2583 2940 2649 Multi
2986 2584 3068 2649 ab
3115 2607 3191 2649 eo

605 2688 891 2750 accusati
937 2685 1219 2751 absoluti
1279 2696 1446 2768 sunt,
1503 2709 1634 2772 qua
1676 2686 1759 2751 de
1803 2708 1874 2750 re
1916 2685 2255 2769 Augustus
2301 2687 2546 2751 iocatus
2592 2695 2691 2751 est
2727 2686 3023 2755 Maerob.
3067 2691 3188 2752 sat.

601 2791 668 2865 2,
697 2792 757 2872 4,
790 2793 852 2854 9.
926 2787 1266 2852 Publicam
1295 2810 1555 2852 causam
1602 2810 1936 2873 nunquam
1980 2786 2255 2874 amplius
2299 2787 2539 2871 agebat
2582 2810 2779 2875 quam
2821 2811 3018 2855 unam
3061 2811 3189 2855 uno

604 2888 744 2973 die3
792 2901 938 2955 ‘nec
997 2900 1211 2955 tamen
1272 2892 1432 2974 scic,
1480 2911 1673 2976 quem
1732 2912 1916 2955 reum
1970 2890 2063 2955 illi
2109 2890 2460 2956 defendere
2522 2893 2648 2956 nisi
2706 2914 2776 2956 se
2819 2893 3185 2976 contigerit’

606 2993 846 3059 Seneca
874 2992 914 3061 l.
948 2992 989 3058 l.
1020 2992 1069 3076 §⁶
1098 2997 1156 3060 5.
1224 2992 1585 3058 Accusatus
1617 3001 1716 3057 est
1746 3017 1784 3058 a
1814 2992 2022 3058 Fabio
2054 2994 2344 3059 Maximo
2373 2993 2461 3059 id.
2497 2999 2868 3062 controvers,
2901 3000 2967 3073 2,
2997 3001 3057 3073 4,
3090 3000 3189 3061 11.

607 3096 684 3161 In
741 3116 941 3160 causa
996 3096 1257 3182 privata
1316 3105 1544 3160 contra
1600 3096 1690 3160 Μ.
1738 3096 2169 3182 Pomponium
2213 3095 2592 3161 Marcellum
2637 3097 2768 3181 egit
2813 3097 3069 3164 Sueton.
3118 3097 3192 3164 de

600 3219 867 3281 yrmnm.
916 3204 1032 3264 22.
1121 3197 1466 3263 Orationes
1526 3201 1799 3285 scriptas
1860 3198 2126 3285 reliquit
2180 3201 2264 3282 cf.
2329 3200 2497 3265 locos
2551 3221 2753 3284 supra
2811 3199 2887 3265 de
2943 3200 3195 3266 dicendi

596 3321 821 3384 ywere
866 3301 1131 3380 allatos‚·
1174 3323 1302 3366 non
1348 3323 1435 3367 ex
1479 3300 1578 3366 his
1608 3323 1777 3388 quae
1821 3301 2027 3367 edidit
2069 3302 2511 3367 aestimandus
2561 3312 2679 3382 est,
2716 3313 2891 3368 ‘sunt
2921 3302 3186 3388 quidem

607 3412 671 3468 et
729 3403 887 3469 haec
931 3404 1168 3491 quibus
1214 3403 1588 3491 eloquentia
1637 3407 1775 3470 eius
1822 3410 2225 3488 aqnoscatur,
2272 3405 2528 3470 auditus
2573 3409 2780 3470 tamen
2825 3406 2940 3490 (sic
2983 3404 3189 3489 suppl.
3263 3443 3276 3450 -

603 3506 919 3589 Bursian)
960 3507 1154 3590 longe
1198 3508 1405 3571 maior
1449 3516 1589 3571 erat
1631 3528 1829 3593 quam
1872 3506 2078 3572 lectus
2116 3506 2359 3574 Seneca
2391 3508 2604 3590 praef.
2644 3506 2683 3572 l.
2718 3508 2759 3572 l.
2788 3508 2838 3591 §
2866 3512 2926 3573 3.
2993 3508 3194 3572 Dicta

607 3610 745 3674 eius
790 3608 1034 3676 Seneca
1094 3613 1470 3676 controvers.
1514 3614 1582 3687 2,
1626 3615 1686 3686 4,
1731 3615 1846 3689 11,·
1900 3614 1945 3674 3
1988 3610 2205 3692 praef.
2249 3614 2328 3673 16
2342 3629 2364 3688 ,·
2419 3613 2461 3674 4
2491 3610 2706 3692 praef.
2749 3614 2865 3687 11,-
2904 3614 2963 3687 7,
3009 3614 3069 3687 3,
3112 3613 3193 3690 8,·

606 3716 666 3787 9,
698 3716 758 3788 3,
791 3717 907 3790 14;
944 3718 1027 3777 10
1058 3713 1279 3795 praef.
1311 3716 1388 3791 8,·
1429 3717 1530 3789 10,
1559 3716 1618 3790 5,
1649 3717 1758 3789 20,
1814 3711 2192 3794 Quintilian.
2239 3712 2508 3780 institut.
2556 3716 2613 3788 6,
2656 3717 2715 3789 1,
2744 3716 2860 3791 43,-
2901 3717 2959 3790 6,
2990 3717 3051 3790 3,
3080 3716 3190 3779 27.

609 3816 707 3881 78.
756 3819 869 3894 79,·
910 3819 972 3893 8,
1017 3821 1084 3894 2,
1132 3820 1217 3894 2,·
1256 3818 1318 3893 8,
1360 3819 1421 3893 3,
1465 3819 1586 3894 89,·
1628 3819 1728 3893 11,
1772 3819 1833 3892 3,
1872 3818 2015 3893 133,
2063 3814 2323 3881 Sueton.
2369 3814 2411 3882 l.
2453 3813 2515 3892 Ζ.,
2560 3812 2895 3881 Plutarch·
2944 3814 3188 3881 Moral.

603 3939 674 4001 p.
721 3923 803 3983 60
820 3918 881 3984 d.

734 4019 905 4085 Cum
963 4019 1385 4103 declamaret,
1448 4021 1622 4086 infra
1678 4020 1914 4086 multos
1974 4028 2148 4104 erat3
2208 4021 2429 4106 itaque
2487 4042 2634 4085 raro
2679 4018 3088 4085 declamabat
3130 4029 3196 4085 et

608 4125 866 4188 nonnisi
911 4123 994 4189 ab
1038 4125 1263 4189 amicis
1309 4135 1570 4189 coactus
1617 4125 1860 4191 Seneca
1903 4127 2177 4189 controv.
2219 4128 2263 4188 3
2292 4123 2512 4207 praef.
2559 4128 2632 4201 7,·
2689 4121 3000 4187 iudicium
3055 4123 3194 4187 eius

607 4225 692 4291 de
735 4226 1241 4292 declamatorum
1303 4226 1603 4291 inanibus
1650 4226 1880 4290 studiis
1922 4225 2055 4292 ibd.
2098 4229 2308 4305 8-18,·
2364 4227 2548 4290 rixae
2591 4225 2730 4289 eius
2783 4246 2932 4290 cum
2975 4223 3191 4290 Cestio

606 4329 737 4395 ibd.
780 4334 1028 4409 16-17;
1082 4329 1392 4394 iudicium
1448 4329 1530 4394 de
1573 4329 1776 4394 Vario
1824 4330 2103 4397 Gemino
2157 4328 2244 4396 id.
2290 4348 2536 4393 suasor.
2582 4332 2641 4405 6,
2676 4332 2757 4394 11
2770 4346 2792 4407 ,·
2838 4327 3195 4394 sententiae

609 4432 748 4496 eius
787 4432 874 4502 id.
922 4437 1299 4499 controvers
1330 4437 1390 4510 9,
1421 4438 1489 4510 2,
1521 4435 1643 4510 12,·
1685 4436 1787 4510 10,
1817 4437 1878 4510 4,
1910 4438 1975 4498 2.
2008 4434 2112 4514 25,
2161 4430 2339 4496 color
2382 4429 2510 4495 ibd.
2544 4434 2602 4508 7,
2630 4434 2691 4507 3,
2724 4434 2823 4495 10.

734 4533 1011 4601 Praeter
1072 4536 1388 4601 orationes
1447 4556 1587 4599 eum
1642 4534 1780 4600 alia
1836 4535 2083 4617 scripta
2139 4534 2210 4599 in
2265 4534 2468 4616 iisque
2519 4531 2760 4599 libellos
2801 4532 3082 4614 famosos
3124 4531 3197 4597 in

607 4637 887 4703 homines
929 4638 1211 4704 illustres
1240 4637 1510 4704 edidisse
1540 4659 1617 4703 ex
1652 4638 1872 4704 Tacito
1904 4638 1984 4722 (v.
2014 4640 2240 4721 supra)
2273 4640 2579 4719 apparet,·
2623 4636 2938 4719 originem
2981 4634 3195 4718 gentis

609 4741 1022 4806 Vitelliorum
1067 4742 1359 4806 irriserat
1401 4740 1658 4808 Sueton.
1709 4740 1915 4806 Vitell.
1947 4745 2014 4807 2.
2104 4739 2366 4826 Scripta
2408 4742 2548 4804 eius
2593 4748 2856 4803 senatus
2901 4737 3195 4803 consulto

610 4842 851 4909 abolita
894 4847 1248 4930 imperator
1292 4841 1498 4909 Gaius
1545 4843 1790 4929 requiri
1849 4852 1913 4907 et
1963 4864 2102 4907 esse
2146 4844 2213 4906 in
2258 4841 2560 4907 manibus
2602 4839 3014 4926 lectitarique
3057 4862 3197 4927 per-

609 4947 787 5011 misit
827 4947 1087 5013 Sueton.
1130 4946 1335 5030 Galiy.
1367 4951 1467 5011 16.
1555 4945 1809 5011 Auctor
1851 4945 2050 5010 Plinii
2096 4944 2273 5011 Plin.
2312 4965 2377 5010 n.
2416 4944 2477 5010 h.
2522 4943 2653 5010 ind.
2687 4942 2725 5010 l.
2755 4946 2854 5010 35.
2931 4941 3195 5008 Cassius

610 5048 893 5114 Severus
953 5049 1035 5113 ad
1096 5049 1540 5114 Maecenatem
1602 5051 1841 5113 citatur
1894 5047 2154 5113 Charis
2213 5046 2501 5113 Gramm.
2552 5047 2701 5113 Lat.
2744 5046 2796 5111 I
2829 5066 2901 5129 p.
2947 5050 3069 5111 104
3112 5074 3194 5099 =

608 5149 927 5217 Priscian.
953 5152 1047 5217 ΙΙ
1051 5174 1124 5234 p.
1147 5156 1291 5229 333,
1324 5150 1591 5217 Cassius
1625 5151 1907 5216 Severus
1939 5151 2041 5234 (em
2077 5150 2241 5215 libro
2271 5149 2536 5233 incerto)
2567 5148 2863 5216 Diomed.
2885 5149 2936 5215 I
2940 5169 3015 5232 p.
3036 5152 3163 5215 371
3173 5167 3195 5226 ,·
