<?xml version="1.0" encoding="UTF-8"?>
<!DOCTYPE html PUBLIC "-//W3C//DTD XHTML 1.0 Transitional//EN"
    "http://www.w3.org/TR/xhtml1/DTD/xhtml1-transitional.dtd">
<html xmlns="http://www.w3.org/1999/xhtml" xml:lang="en" lang="en">
 <head>
  <title>
</title>
<meta http-equiv="Content-Type" content="text/html;charset=utf-8" />
  <meta name='ocr-system' content='tesseract 3.04.00' />
  <meta name='ocr-capabilities' content='ocr_page ocr_carea ocr_par ocr_line ocrx_word'/>
</head>
<body>
  <div class='ocr_page' id='page_1' title='image "./prosopographiai01dessgoog_0042.png"; bbox 0 0 3859 5992; ppageno 0'>
   <div class='ocr_carea' id='block_1_1' title="bbox 595 474 3314 542">
    <p class='ocr_par' dir='ltr' id='par_1_1' title="bbox 595 474 3314 542">
     <span class='ocr_line' id='line_1_1' title="bbox 595 474 3314 542; baseline -0.004 -1"><span class='ocrx_word' id='word_1_1' title='bbox 595 485 961 542; x_wconf 86' lang='lat' dir='ltr'><strong>AEMILIVS</strong></span> <span class='ocrx_word' id='word_1_2' title='bbox 1907 474 1991 539; x_wconf 84' lang='grc'><strong><em>26</em></strong></span> <span class='ocrx_word' id='word_1_3' title='bbox 2943 479 3045 533; x_wconf 82' lang='grc' dir='ltr'><strong>ΑΕ</strong></span> <span class='ocrx_word' id='word_1_4' title='bbox 3053 477 3314 534; x_wconf 84' lang='lat' dir='ltr'><strong>MILIVS</strong></span> 
     </span>
    </p>
   </div>
   <div class='ocr_carea' id='block_1_2' title="bbox 2867 577 3042 583">
    <p class='ocr_par' dir='ltr' id='par_1_2' title="bbox 2867 577 3042 583">
     <span class='ocr_line' id='line_1_2' title="bbox 2867 577 3042 583; baseline 0 0"><span class='ocrx_word' id='word_1_5' title='bbox 2867 577 3042 583; x_wconf 95' lang='lat' dir='ltr'><strong> </strong></span> 
     </span>
    </p>
   </div>
   <div class='ocr_carea' id='block_1_3' title="bbox 960 582 1465 589">
    <p class='ocr_par' dir='ltr' id='par_1_3' title="bbox 960 582 1465 589">
     <span class='ocr_line' id='line_1_3' title="bbox 960 582 1465 589; baseline 0 5403"><span class='ocrx_word' id='word_1_6' title='bbox 960 582 1465 589; x_wconf 95' lang='lat' dir='ltr'><strong> </strong></span> 
     </span>
    </p>
   </div>
   <div class='ocr_carea' id='block_1_4' title="bbox 1504 580 1875 587">
    <p class='ocr_par' dir='ltr' id='par_1_4' title="bbox 1504 580 1875 587">
     <span class='ocr_line' id='line_1_4' title="bbox 1504 580 1875 587; baseline 0 5405"><span class='ocrx_word' id='word_1_7' title='bbox 1504 580 1875 587; x_wconf 95' lang='lat' dir='ltr'><strong> </strong></span> 
     </span>
    </p>
   </div>
   <div class='ocr_carea' id='block_1_5' title="bbox 1914 580 2226 586">
    <p class='ocr_par' dir='ltr' id='par_1_5' title="bbox 1914 580 2226 586">
     <span class='ocr_line' id='line_1_5' title="bbox 1914 580 2226 586; baseline 0 0"><span class='ocrx_word' id='word_1_8' title='bbox 1914 580 2226 586; x_wconf 95' lang='lat' dir='ltr'><strong> </strong></span> 
     </span>
    </p>
   </div>
   <div class='ocr_carea' id='block_1_6' title="bbox 594 584 957 592">
    <p class='ocr_par' dir='ltr' id='par_1_6' title="bbox 594 584 957 592">
     <span class='ocr_line' id='line_1_6' title="bbox 594 584 957 592; baseline 0 5400"><span class='ocrx_word' id='word_1_9' title='bbox 594 584 957 592; x_wconf 95' lang='lat' dir='ltr'><strong> </strong></span> 
     </span>
    </p>
   </div>
   <div class='ocr_carea' id='block_1_7' title="bbox 605 675 3328 5175">
    <p class='ocr_par' dir='ltr' id='par_1_7' title="bbox 722 675 3310 865">
     <span class='ocr_line' id='line_1_7' title="bbox 722 675 3310 767; baseline -0.003 -19"><span class='ocrx_word' id='word_1_10' title='bbox 722 681 1124 748; x_wconf 80' lang='lat' dir='ltr'><strong>Aemilianus</strong></span> <span class='ocrx_word' id='word_1_11' title='bbox 1168 704 1231 767; x_wconf 91' lang='lat' dir='ltr'><strong>p.</strong></span> <span class='ocrx_word' id='word_1_12' title='bbox 1263 680 1307 746; x_wconf 88' lang='lat' dir='ltr'><strong>f.</strong></span> <span class='ocrx_word' id='word_1_13' title='bbox 1345 680 1516 764; x_wconf 86' lang='lat' dir='ltr'><strong>Aug.</strong></span> <span class='ocrx_word' id='word_1_14' title='bbox 1563 681 1632 744; x_wconf 80' lang='lat' dir='ltr'><strong>in</strong></span> <span class='ocrx_word' id='word_1_15' title='bbox 1672 680 1982 757; x_wconf 71' lang='lat' dir='ltr'><strong>nunzmis3</strong></span> <span class='ocrx_word' id='word_1_16' title='bbox 2021 676 2343 743; x_wconf 83' lang='lat' dir='ltr'><strong>Aemilius</strong></span> <span class='ocrx_word' id='word_1_17' title='bbox 2373 675 2778 742; x_wconf 79' lang='lat' dir='ltr'><strong>Aemilianus</strong></span> <span class='ocrx_word' id='word_1_18' title='bbox 2812 676 2966 744; x_wconf 70' lang='lat' dir='ltr'><strong>Viae.</strong></span> <span class='ocrx_word' id='word_1_19' title='bbox 2995 675 3175 741; x_wconf 69' lang='lat' dir='ltr'><strong>Caes.</strong></span> <span class='ocrx_word' id='word_1_20' title='bbox 3205 679 3310 747; x_wconf 88' lang='grc'><strong><em>31,</em></strong></span> 
     </span>
     <span class='ocr_line' id='line_1_8' title="bbox 723 783 2058 865; baseline 0 -17"><span class='ocrx_word' id='word_1_21' title='bbox 723 790 991 849; x_wconf 72' lang='lat' dir='ltr'><strong>ceter-am</strong></span> <span class='ocrx_word' id='word_1_22' title='bbox 1033 783 1436 850; x_wconf 83' lang='lat' dir='ltr'><strong>Aemilianus</strong></span> <span class='ocrx_word' id='word_1_23' title='bbox 1486 783 1660 865; x_wconf 75' lang='lat' dir='ltr'><strong>apud</strong></span> <span class='ocrx_word' id='word_1_24' title='bbox 1701 784 2058 865; x_wconf 75' lang='lat' dir='ltr'><strong>scriptores,</strong></span> 
     </span>
    </p>

    <p class='ocr_par' dir='ltr' id='par_1_8' title="bbox 722 883 3319 2918">
     <span class='ocr_line' id='line_1_9' title="bbox 853 883 3314 971; baseline -0.003 -19"><span class='ocrx_word' id='word_1_25' title='bbox 853 887 1122 971; x_wconf 80' lang='lat' dir='ltr'><strong>Origine</strong></span> <span class='ocrx_word' id='word_1_26' title='bbox 1153 887 1420 950; x_wconf 87' lang='lat' dir='ltr'><strong>Maurus</strong></span> <span class='ocrx_word' id='word_1_27' title='bbox 1468 884 1623 950; x_wconf 86' lang='lat' dir='ltr'><strong>Vict.</strong></span> <span class='ocrx_word' id='word_1_28' title='bbox 1658 885 1805 968; x_wconf 76' lang='lat' dir='ltr'><strong>epit.</strong></span> <span class='ocrx_word' id='word_1_29' title='bbox 1834 889 1934 961; x_wconf 87' lang='lat'><strong><em>31,</em></strong></span> <span class='ocrx_word' id='word_1_30' title='bbox 1970 889 2028 960; x_wconf 96' lang='lat'><strong><em>1,</em></strong></span> <span class='ocrx_word' id='word_1_31' title='bbox 2063 885 2301 951; x_wconf 85' lang='lat' dir='ltr'><strong>Zonar.</strong></span> <span class='ocrx_word' id='word_1_32' title='bbox 2333 889 2438 960; x_wconf 85' lang='lat'><strong><em>12,</em></strong></span> <span class='ocrx_word' id='word_1_33' title='bbox 2470 888 2577 959; x_wconf 94' lang='lat'><strong><em>21,</em></strong></span> <span class='ocrx_word' id='word_1_34' title='bbox 2627 883 3084 948; x_wconf 85' lang='lat' dir='ltr'><strong>obscurissime</strong></span> <span class='ocrx_word' id='word_1_35' title='bbox 3119 893 3314 947; x_wconf 85' lang='lat' dir='ltr'><strong>natus</strong></span> 
     </span>
     <span class='ocr_line' id='line_1_10' title="bbox 722 985 3310 1072; baseline -0.003 -17"><span class='ocrx_word' id='word_1_36' title='bbox 722 990 993 1072; x_wconf 72' lang='lat' dir='ltr'><strong>Eutrop.</strong></span> <span class='ocrx_word' id='word_1_37' title='bbox 1034 994 1091 1065; x_wconf 87' lang='grc'><strong>9,</strong></span> <span class='ocrx_word' id='word_1_38' title='bbox 1125 994 1184 1054; x_wconf 90' lang='grc'><strong>5.</strong></span> <span class='ocrx_word' id='word_1_39' title='bbox 1275 986 1519 1053; x_wconf 87' lang='lat' dir='ltr'><strong>Consul</strong></span> <span class='ocrx_word' id='word_1_40' title='bbox 1567 993 1608 1054; x_wconf 85' lang='lat' dir='ltr'><strong>t.</strong></span> <span class='ocrx_word' id='word_1_41' title='bbox 1655 992 1720 1062; x_wconf 83' lang='lat'><strong>2,</strong></span> <span class='ocrx_word' id='word_1_42' title='bbox 1765 985 2069 1064; x_wconf 79' lang='lat' dir='ltr'><strong>suffectus</strong></span> <span class='ocrx_word' id='word_1_43' title='bbox 2114 1008 2173 1049; x_wconf 85' lang='lat' dir='ltr'><strong>a.</strong></span> <span class='ocrx_word' id='word_1_44' title='bbox 2220 987 2480 1062; x_wconf 81' lang='lat' dir='ltr'><strong>incerte,</strong></span> <span class='ocrx_word' id='word_1_45' title='bbox 2526 987 2586 1049; x_wconf 75' lang='lat' dir='ltr'><strong>si</strong></span> <span class='ocrx_word' id='word_1_46' title='bbox 2627 985 2876 1067; x_wconf 50' lang='lat' dir='ltr'><strong>quidem&gt;</strong></span> <span class='ocrx_word' id='word_1_47' title='bbox 2919 985 3310 1051; x_wconf 53' lang='lat' dir='ltr'><strong>con-sudatum</strong></span> 
     </span>
     <span class='ocr_line' id='line_1_11' title="bbox 729 1080 3315 1174; baseline -0.002 -18"><span class='ocrx_word' id='word_1_48' title='bbox 729 1097 875 1156; x_wconf 80' lang='lat' dir='ltr'><strong>ante</strong></span> <span class='ocrx_word' id='word_1_49' title='bbox 917 1091 1252 1173; x_wconf 61' lang='lat' dir='ltr'><strong>imperium</strong></span> <span class='ocrx_word' id='word_1_50' title='bbox 1298 1090 1658 1154; x_wconf 72' lang='lat' dir='ltr'><strong>obtinuerit.</strong></span> <span class='ocrx_word' id='word_1_51' title='bbox 1749 1087 1855 1153; x_wconf 86' lang='lat' dir='ltr'><strong>Ab</strong></span> <span class='ocrx_word' id='word_1_52' title='bbox 1902 1080 2289 1174; x_wconf 82' lang='lat' dir='ltr'><strong>imperatore</strong></span> <span class='ocrx_word' id='word_1_53' title='bbox 2334 1088 2747 1153; x_wconf 85' lang='lat' dir='ltr'><strong>Treboniano</strong></span> <span class='ocrx_word' id='word_1_54' title='bbox 2796 1087 2984 1154; x_wconf 83' lang='lat' dir='ltr'><strong>Gallo</strong></span> <span class='ocrx_word' id='word_1_55' title='bbox 3029 1087 3315 1152; x_wconf 84' lang='lat' dir='ltr'><strong>Moesiae</strong></span> 
     </span>
     <span class='ocr_line' id='line_1_12' title="bbox 729 1190 3315 1274; baseline -0 -17"><span class='ocrx_word' id='word_1_56' title='bbox 729 1195 844 1273; x_wconf 77' lang='lat' dir='ltr'><strong>(sic</strong></span> <span class='ocrx_word' id='word_1_57' title='bbox 875 1194 1114 1260; x_wconf 85' lang='lat' dir='ltr'><strong>Zonar.</strong></span> <span class='ocrx_word' id='word_1_58' title='bbox 1152 1192 1190 1260; x_wconf 78' lang='lat' dir='ltr'><strong>l.</strong></span> <span class='ocrx_word' id='word_1_59' title='bbox 1227 1193 1286 1269; x_wconf 81' lang='grc'><strong><em>1.,</em></strong></span> <span class='ocrx_word' id='word_1_60' title='bbox 1321 1193 1598 1258; x_wconf 79' lang='lat' dir='ltr'><strong>Ioannes</strong></span> <span class='ocrx_word' id='word_1_61' title='bbox 1627 1190 1923 1258; x_wconf 77' lang='lat' dir='ltr'><strong>Antz’och.</strong></span> <span class='ocrx_word' id='word_1_62' title='bbox 1956 1191 2043 1273; x_wconf 81' lang='lat' dir='ltr'><strong>fr.</strong></span> <span class='ocrx_word' id='word_1_63' title='bbox 2073 1196 2196 1257; x_wconf 88' lang='lat'><strong>150</strong></span> <span class='ocrx_word' id='word_1_64' title='bbox 2227 1191 2327 1256; x_wconf 84' lang='lat' dir='ltr'><strong>M.</strong></span> <span class='ocrx_word' id='word_1_65' title='bbox 2360 1191 2479 1255; x_wconf 91' lang='lat' dir='ltr'><strong>IV</strong></span> <span class='ocrx_word' id='word_1_66' title='bbox 2497 1192 2580 1274; x_wconf 81' lang='lat' dir='ltr'><strong>cf.</strong></span> <span class='ocrx_word' id='word_1_67' title='bbox 2612 1191 2878 1256; x_wconf 76' lang='lat' dir='ltr'><strong>Jordan.</strong></span> <span class='ocrx_word' id='word_1_68' title='bbox 2924 1190 3126 1256; x_wconf 85' lang='lat' dir='ltr'><strong>Getic.</strong></span> <span class='ocrx_word' id='word_1_69' title='bbox 3157 1194 3315 1270; x_wconf 86' lang='lat'><strong><em>105,-</em></strong></span> 
     </span>
     <span class='ocr_line' id='line_1_13' title="bbox 726 1293 3314 1379; baseline -0.002 -17"><span class='ocrx_word' id='word_1_70' title='bbox 726 1297 1101 1362; x_wconf 82' lang='lat' dir='ltr'><strong>Pannoniae</strong></span> <span class='ocrx_word' id='word_1_71' title='bbox 1164 1296 1453 1360; x_wconf 77' lang='lat' dir='ltr'><strong>Zosimus</strong></span> <span class='ocrx_word' id='word_1_72' title='bbox 1497 1300 1570 1372; x_wconf 93' lang='lat'><strong><em>1,</em></strong></span> <span class='ocrx_word' id='word_1_73' title='bbox 1615 1293 1728 1376; x_wconf 84' lang='grc'><strong>28)</strong></span> <span class='ocrx_word' id='word_1_74' title='bbox 1789 1295 2191 1379; x_wconf 88' lang='lat' dir='ltr'><strong>praepositus</strong></span> <span class='ocrx_word' id='word_1_75' title='bbox 2251 1305 2593 1379; x_wconf 85' lang='lat' dir='ltr'><strong>postquam</strong></span> <span class='ocrx_word' id='word_1_76' title='bbox 2652 1315 2822 1358; x_wconf 87' lang='lat' dir='ltr'><strong>anno</strong></span> <span class='ocrx_word' id='word_1_77' title='bbox 2881 1295 3006 1359; x_wconf 82' lang='lat'><strong>253</strong></span> <span class='ocrx_word' id='word_1_78' title='bbox 3065 1293 3314 1360; x_wconf 83' lang='lat' dir='ltr'><strong>Gothos</strong></span> 
     </span>
     <span class='ocr_line' id='line_1_14' title="bbox 728 1395 3311 1482; baseline -0.001 -19"><span class='ocrx_word' id='word_1_79' title='bbox 728 1399 990 1479; x_wconf 81' lang='lat' dir='ltr'><strong>devicit,</strong></span> <span class='ocrx_word' id='word_1_80' title='bbox 1039 1421 1079 1462; x_wconf 87' lang='lat' dir='ltr'><strong>a</strong></span> <span class='ocrx_word' id='word_1_81' title='bbox 1115 1396 1427 1463; x_wconf 87' lang='lat' dir='ltr'><strong>militibus</strong></span> <span class='ocrx_word' id='word_1_82' title='bbox 1473 1398 1823 1482; x_wconf 87' lang='lat' dir='ltr'><strong>imperator</strong></span> <span class='ocrx_word' id='word_1_83' title='bbox 1867 1395 2077 1461; x_wconf 84' lang='lat' dir='ltr'><strong>factus</strong></span> <span class='ocrx_word' id='word_1_84' title='bbox 2124 1397 2399 1482; x_wconf 83' lang='lat' dir='ltr'><strong>sumpsit</strong></span> <span class='ocrx_word' id='word_1_85' title='bbox 2444 1398 2785 1481; x_wconf 87' lang='lat' dir='ltr'><strong>imperium</strong></span> <span class='ocrx_word' id='word_1_86' title='bbox 2829 1406 2894 1460; x_wconf 85' lang='lat' dir='ltr'><strong>et</strong></span> <span class='ocrx_word' id='word_1_87' title='bbox 2937 1418 3089 1461; x_wconf 89' lang='lat' dir='ltr'><strong>cum</strong></span> <span class='ocrx_word' id='word_1_88' title='bbox 3132 1419 3311 1461; x_wconf 87' lang='lat' dir='ltr'><strong>exer-</strong></span> 
     </span>
     <span class='ocr_line' id='line_1_15' title="bbox 726 1498 3311 1584; baseline 0 -19"><span class='ocrx_word' id='word_1_89' title='bbox 726 1504 860 1566; x_wconf 88' lang='lat' dir='ltr'><strong>citu</strong></span> <span class='ocrx_word' id='word_1_90' title='bbox 916 1503 984 1564; x_wconf 91' lang='lat' dir='ltr'><strong>in</strong></span> <span class='ocrx_word' id='word_1_91' title='bbox 1040 1498 1293 1565; x_wconf 84' lang='lat' dir='ltr'><strong>ltaliam</strong></span> <span class='ocrx_word' id='word_1_92' title='bbox 1353 1498 1704 1564; x_wconf 82' lang='lat' dir='ltr'><strong>contendit.</strong></span> <span class='ocrx_word' id='word_1_93' title='bbox 1792 1498 2298 1584; x_wconf 69' lang='lat' dir='ltr'><strong>Imperator-ibus</strong></span> <span class='ocrx_word' id='word_1_94' title='bbox 2352 1498 2765 1564; x_wconf 87' lang='lat' dir='ltr'><strong>Treboniano</strong></span> <span class='ocrx_word' id='word_1_95' title='bbox 2826 1510 2890 1563; x_wconf 92' lang='lat' dir='ltr'><strong>et</strong></span> <span class='ocrx_word' id='word_1_96' title='bbox 2934 1499 3311 1584; x_wconf 82' lang='lat' dir='ltr'><strong>VolusianO,</strong></span> 
     </span>
     <span class='ocr_line' id='line_1_16' title="bbox 726 1600 3315 1691; baseline -0 -23"><span class='ocrx_word' id='word_1_97' title='bbox 726 1607 837 1691; x_wconf 90' lang='lat' dir='ltr'><strong>qui</strong></span> <span class='ocrx_word' id='word_1_98' title='bbox 884 1614 1109 1668; x_wconf 88' lang='lat' dir='ltr'><strong>contra</strong></span> <span class='ocrx_word' id='word_1_99' title='bbox 1155 1625 1299 1667; x_wconf 89' lang='lat' dir='ltr'><strong>cum</strong></span> <span class='ocrx_word' id='word_1_100' title='bbox 1339 1601 1611 1688; x_wconf 85' lang='lat' dir='ltr'><strong>profecti</strong></span> <span class='ocrx_word' id='word_1_101' title='bbox 1660 1612 1876 1681; x_wconf 85' lang='lat' dir='ltr'><strong>erant,</strong></span> <span class='ocrx_word' id='word_1_102' title='bbox 1940 1600 2113 1687; x_wconf 87' lang='lat' dir='ltr'><strong>apud</strong></span> <span class='ocrx_word' id='word_1_103' title='bbox 2159 1602 2598 1665; x_wconf 84' lang='lat' dir='ltr'><strong>Interamnam</strong></span> <span class='ocrx_word' id='word_1_104' title='bbox 2641 1603 2867 1667; x_wconf 87' lang='lat' dir='ltr'><strong>occisis</strong></span> <span class='ocrx_word' id='word_1_105' title='bbox 2914 1602 3315 1667; x_wconf 83' lang='lat' dir='ltr'><strong>Aemilianus</strong></span> 
     </span>
     <span class='ocr_line' id='line_1_17' title="bbox 727 1703 3314 1789; baseline -0.001 -19"><span class='ocrx_word' id='word_1_106' title='bbox 727 1707 808 1772; x_wconf 79' lang='lat' dir='ltr'><strong>ab</strong></span> <span class='ocrx_word' id='word_1_107' title='bbox 855 1716 1124 1789; x_wconf 90' lang='lat' dir='ltr'><strong>utroque</strong></span> <span class='ocrx_word' id='word_1_108' title='bbox 1173 1707 1466 1769; x_wconf 86' lang='lat' dir='ltr'><strong>exercitu</strong></span> <span class='ocrx_word' id='word_1_109' title='bbox 1513 1716 1578 1769; x_wconf 90' lang='lat' dir='ltr'><strong>et</strong></span> <span class='ocrx_word' id='word_1_110' title='bbox 1621 1728 1661 1768; x_wconf 86' lang='lat' dir='ltr'><strong>a</strong></span> <span class='ocrx_word' id='word_1_111' title='bbox 1705 1714 1936 1768; x_wconf 88' lang='lat' dir='ltr'><strong>senatu</strong></span> <span class='ocrx_word' id='word_1_112' title='bbox 1980 1704 2331 1789; x_wconf 84' lang='lat' dir='ltr'><strong>imperator</strong></span> <span class='ocrx_word' id='word_1_113' title='bbox 2375 1706 2634 1788; x_wconf 89' lang='lat' dir='ltr'><strong>agnitus</strong></span> <span class='ocrx_word' id='word_1_114' title='bbox 2672 1715 2769 1769; x_wconf 89' lang='lat' dir='ltr'><strong>est</strong></span> <span class='ocrx_word' id='word_1_115' title='bbox 2814 1703 2968 1769; x_wconf 81' lang='lat' dir='ltr'><strong>Vict.</strong></span> <span class='ocrx_word' id='word_1_116' title='bbox 3014 1704 3196 1769; x_wconf 74' lang='lat' dir='ltr'><strong>Caes,</strong></span> <span class='ocrx_word' id='word_1_117' title='bbox 3234 1710 3314 1769; x_wconf 83' lang='lat'><strong><em>31</em></strong></span> 
     </span>
     <span class='ocr_line' id='line_1_18' title="bbox 726 1806 3312 1893; baseline 0 -20"><span class='ocrx_word' id='word_1_118' title='bbox 726 1812 972 1893; x_wconf 55' lang='lat' dir='ltr'><strong>«mitem.</strong></span> <span class='ocrx_word' id='word_1_119' title='bbox 1016 1814 1115 1884; x_wconf 85' lang='lat'><strong><em>31,</em></strong></span> <span class='ocrx_word' id='word_1_120' title='bbox 1163 1809 1445 1890; x_wconf 74' lang='lat' dir='ltr'><strong>Eutrop.</strong></span> <span class='ocrx_word' id='word_1_121' title='bbox 1493 1813 1552 1885; x_wconf 85' lang='lat'><strong>9,</strong></span> <span class='ocrx_word' id='word_1_122' title='bbox 1598 1812 1639 1872; x_wconf 88' lang='lat'><em>5</em></span> <span class='ocrx_word' id='word_1_123' title='bbox 1681 1838 1761 1860; x_wconf 60' lang='grc' dir='ltr'><strong>ετ</strong></span> <span class='ocrx_word' id='word_1_124' title='bbox 1808 1807 1987 1874; x_wconf 80' lang='lat' dir='ltr'><strong>Oros,</strong></span> <span class='ocrx_word' id='word_1_125' title='bbox 2032 1812 2087 1883; x_wconf 96' lang='grc'><strong>7,</strong></span> <span class='ocrx_word' id='word_1_126' title='bbox 2118 1811 2224 1883; x_wconf 90' lang='grc'><strong>21,</strong></span> <span class='ocrx_word' id='word_1_127' title='bbox 2274 1806 2513 1874; x_wconf 84' lang='lat' dir='ltr'><strong>Zonar.</strong></span> <span class='ocrx_word' id='word_1_128' title='bbox 2544 1812 2647 1884; x_wconf 87' lang='lat'><strong><em>10,</em></strong></span> <span class='ocrx_word' id='word_1_129' title='bbox 2677 1812 2789 1884; x_wconf 85' lang='lat'><strong>22,</strong></span> <span class='ocrx_word' id='word_1_130' title='bbox 2839 1807 3084 1872; x_wconf 77' lang='lat' dir='ltr'><strong>Zosim.</strong></span> <span class='ocrx_word' id='word_1_131' title='bbox 3116 1813 3173 1884; x_wconf 92' lang='lat'><strong><em>1,</em></strong></span> <span class='ocrx_word' id='word_1_132' title='bbox 3206 1812 3312 1883; x_wconf 91' lang='grc'><strong>28,</strong></span> 
     </span>
     <span class='ocr_line' id='line_1_19' title="bbox 727 1907 3310 1995; baseline -0.001 -19"><span class='ocrx_word' id='word_1_133' title='bbox 727 1910 861 1977; x_wconf 72' lang='lat' dir='ltr'><strong>Dio</strong></span> <span class='ocrx_word' id='word_1_134' title='bbox 892 1915 1053 1976; x_wconf 83' lang='lat' dir='ltr'><strong>cont.</strong></span> <span class='ocrx_word' id='word_1_135' title='bbox 1086 1912 1171 1992; x_wconf 81' lang='lat' dir='ltr'><strong>fr.</strong></span> <span class='ocrx_word' id='word_1_136' title='bbox 1204 1916 1268 1975; x_wconf 90' lang='lat'><strong>2.</strong></span> <span class='ocrx_word' id='word_1_137' title='bbox 1333 1909 1577 1976; x_wconf 82' lang='lat' dir='ltr'><strong>Contra</strong></span> <span class='ocrx_word' id='word_1_138' title='bbox 1606 1907 2047 1989; x_wconf 85' lang='lat' dir='ltr'><strong>Valerianum,</strong></span> <span class='ocrx_word' id='word_1_139' title='bbox 2082 1909 2193 1995; x_wconf 90' lang='lat' dir='ltr'><strong>qni</strong></span> <span class='ocrx_word' id='word_1_140' title='bbox 2225 1930 2309 1972; x_wconf 85' lang='lat' dir='ltr'><strong>ex</strong></span> <span class='ocrx_word' id='word_1_141' title='bbox 2340 1910 2570 1973; x_wconf 84' lang='lat' dir='ltr'><strong>Raetia</strong></span> <span class='ocrx_word' id='word_1_142' title='bbox 2611 1910 2966 1973; x_wconf 81' lang='lat' dir='ltr'><strong>exercitum</strong></span> <span class='ocrx_word' id='word_1_143' title='bbox 3012 1910 3310 1992; x_wconf 85' lang='lat' dir='ltr'><strong>duxerat,</strong></span> 
     </span>
     <span class='ocr_line' id='line_1_20' title="bbox 727 2011 3317 2100; baseline -0 -22"><span class='ocrx_word' id='word_1_144' title='bbox 727 2014 1054 2100; x_wconf 88' lang='lat' dir='ltr'><strong>profectus</strong></span> <span class='ocrx_word' id='word_1_145' title='bbox 1112 2012 1285 2098; x_wconf 86' lang='lat' dir='ltr'><strong>apud</strong></span> <span class='ocrx_word' id='word_1_146' title='bbox 1349 2011 1684 2097; x_wconf 85' lang='lat' dir='ltr'><strong>Spoletum</strong></span> <span class='ocrx_word' id='word_1_147' title='bbox 1744 2022 2055 2076; x_wconf 87' lang='lat' dir='ltr'><strong>autumno</strong></span> <span class='ocrx_word' id='word_1_148' title='bbox 2121 2035 2181 2075; x_wconf 89' lang='lat' dir='ltr'><strong>a.</strong></span> <span class='ocrx_word' id='word_1_149' title='bbox 2239 2013 2365 2077; x_wconf 83' lang='lat'><strong>253</strong></span> <span class='ocrx_word' id='word_1_150' title='bbox 2424 2013 2675 2076; x_wconf 88' lang='lat' dir='ltr'><strong>occisus</strong></span> <span class='ocrx_word' id='word_1_151' title='bbox 2736 2021 2834 2076; x_wconf 86' lang='lat' dir='ltr'><strong>est</strong></span> <span class='ocrx_word' id='word_1_152' title='bbox 2897 2011 3148 2095; x_wconf 91' lang='lat' dir='ltr'><strong>(morbo</strong></span> <span class='ocrx_word' id='word_1_153' title='bbox 3210 2013 3317 2077; x_wconf 83' lang='lat' dir='ltr'><strong>ab·</strong></span> 
     </span>
     <span class='ocr_line' id='line_1_21' title="bbox 729 2112 3316 2201; baseline 0 -22"><span class='ocrx_word' id='word_1_154' title='bbox 729 2129 1021 2201; x_wconf 88' lang='lat' dir='ltr'><strong>sumptus</strong></span> <span class='ocrx_word' id='word_1_155' title='bbox 1064 2116 1234 2180; x_wconf 79' lang='lat' dir='ltr'><strong>solus</strong></span> <span class='ocrx_word' id='word_1_156' title='bbox 1280 2115 1434 2179; x_wconf 84' lang='lat' dir='ltr'><strong>Vict.</strong></span> <span class='ocrx_word' id='word_1_157' title='bbox 1477 2113 1708 2193; x_wconf 66' lang='lat' dir='ltr'><strong>Gaea).</strong></span> <span class='ocrx_word' id='word_1_158' title='bbox 1801 2114 1985 2179; x_wconf 87' lang='lat' dir='ltr'><strong>Vixit</strong></span> <span class='ocrx_word' id='word_1_159' title='bbox 2044 2113 2481 2201; x_wconf 84' lang='lat' dir='ltr'><strong>quadraginta</strong></span> <span class='ocrx_word' id='word_1_160' title='bbox 2538 2112 2835 2196; x_wconf 82' lang='lat' dir='ltr'><strong>(Zonar.)</strong></span> <span class='ocrx_word' id='word_1_161' title='bbox 2895 2115 2988 2179; x_wconf 83' lang='lat' dir='ltr'><strong>vel</strong></span> <span class='ocrx_word' id='word_1_162' title='bbox 3044 2115 3316 2201; x_wconf 86' lang='lat' dir='ltr'><strong>quadra-</strong></span> 
     </span>
     <span class='ocr_line' id='line_1_22' title="bbox 727 2215 3319 2303; baseline 0 -22"><span class='ocrx_word' id='word_1_163' title='bbox 727 2219 910 2300; x_wconf 86' lang='lat' dir='ltr'><strong>ginta</strong></span> <span class='ocrx_word' id='word_1_164' title='bbox 967 2228 1212 2303; x_wconf 87' lang='lat' dir='ltr'><strong>septem</strong></span> <span class='ocrx_word' id='word_1_165' title='bbox 1273 2216 1470 2296; x_wconf 84' lang='lat' dir='ltr'><strong>(Vict.</strong></span> <span class='ocrx_word' id='word_1_166' title='bbox 1519 2217 1692 2299; x_wconf 66' lang='lat' dir='ltr'><strong>cpit.)</strong></span> <span class='ocrx_word' id='word_1_167' title='bbox 1750 2239 1985 2299; x_wconf 87' lang='lat' dir='ltr'><strong>annos,</strong></span> <span class='ocrx_word' id='word_1_168' title='bbox 2048 2218 2349 2300; x_wconf 86' lang='lat' dir='ltr'><strong>regnavit</strong></span> <span class='ocrx_word' id='word_1_169' title='bbox 2412 2226 2540 2280; x_wconf 89' lang='lat' dir='ltr'><strong>tres</strong></span> <span class='ocrx_word' id='word_1_170' title='bbox 2601 2215 2739 2280; x_wconf 88' lang='lat' dir='ltr'><strong>fere</strong></span> <span class='ocrx_word' id='word_1_171' title='bbox 2793 2238 3043 2282; x_wconf 87' lang='lat' dir='ltr'><strong>menses</strong></span> <span class='ocrx_word' id='word_1_172' title='bbox 3085 2218 3231 2283; x_wconf 80' lang='lat' dir='ltr'><strong>inde</strong></span> <span class='ocrx_word' id='word_1_173' title='bbox 3276 2240 3319 2282; x_wconf 81' lang='lat' dir='ltr'><strong>a</strong></span> 
     </span>
     <span class='ocr_line' id='line_1_23' title="bbox 728 2316 3314 2401; baseline 0 -18"><span class='ocrx_word' id='word_1_174' title='bbox 728 2339 935 2384; x_wconf 80' lang='lat' dir='ltr'><strong>mense</strong></span> <span class='ocrx_word' id='word_1_175' title='bbox 980 2319 1149 2383; x_wconf 81' lang='lat' dir='ltr'><strong>Iulio</strong></span> <span class='ocrx_word' id='word_1_176' title='bbox 1196 2320 1450 2383; x_wconf 81' lang='lat' dir='ltr'><strong>circiter</strong></span> <span class='ocrx_word' id='word_1_177' title='bbox 1488 2339 1680 2401; x_wconf 77' lang='lat' dir='ltr'><strong>usque</strong></span> <span class='ocrx_word' id='word_1_178' title='bbox 1725 2318 1813 2383; x_wconf 80' lang='lat' dir='ltr'><strong>ad</strong></span> <span class='ocrx_word' id='word_1_179' title='bbox 1842 2319 2270 2401; x_wconf 77' lang='lat' dir='ltr'><strong>Septembrem</strong></span> <span class='ocrx_word' id='word_1_180' title='bbox 2315 2340 2375 2382; x_wconf 86' lang='lat' dir='ltr'><strong>a.</strong></span> <span class='ocrx_word' id='word_1_181' title='bbox 2407 2324 2535 2384; x_wconf 88' lang='grc'><strong>253</strong></span> <span class='ocrx_word' id='word_1_182' title='bbox 2578 2348 2662 2372; x_wconf 89' lang='lat'><strong><em>=</em></strong></span> <span class='ocrx_word' id='word_1_183' title='bbox 2706 2316 2845 2383; x_wconf 85' lang='lat' dir='ltr'><strong>dies</strong></span> <span class='ocrx_word' id='word_1_184' title='bbox 2887 2318 3314 2384; x_wconf 89' lang='lat' dir='ltr'><strong>LXXXVIII</strong></span> 
     </span>
     <span class='ocr_line' id='line_1_24' title="bbox 725 2420 3315 2506; baseline 0 -21"><span class='ocrx_word' id='word_1_185' title='bbox 725 2421 1207 2503; x_wconf 73' lang='lat' dir='ltr'><strong>Chronoyraph.</strong></span> <span class='ocrx_word' id='word_1_186' title='bbox 1235 2443 1306 2503; x_wconf 75' lang='lat' dir='ltr'><strong>p.</strong></span> <span class='ocrx_word' id='word_1_187' title='bbox 1331 2424 1471 2489; x_wconf 78' lang='lat'><strong><em>148,</em></strong></span> <span class='ocrx_word' id='word_1_188' title='bbox 1522 2422 1710 2485; x_wconf 88' lang='lat' dir='ltr'><strong>tertio</strong></span> <span class='ocrx_word' id='word_1_189' title='bbox 1756 2442 1975 2485; x_wconf 84' lang='lat' dir='ltr'><strong>mense</strong></span> <span class='ocrx_word' id='word_1_190' title='bbox 2008 2422 2333 2484; x_wconf 87' lang='lat' dir='ltr'><strong>extinctus</strong></span> <span class='ocrx_word' id='word_1_191' title='bbox 2363 2420 2637 2503; x_wconf 79' lang='lat' dir='ltr'><strong>Eutrop.</strong></span> <span class='ocrx_word' id='word_1_192' title='bbox 2670 2426 2729 2498; x_wconf 87' lang='lat'><strong>9,</strong></span> <span class='ocrx_word' id='word_1_193' title='bbox 2764 2427 2804 2486; x_wconf 87' lang='grc'><em>6</em></span> <span class='ocrx_word' id='word_1_194' title='bbox 2833 2451 2917 2474; x_wconf 89' lang='lat'><strong><em>=</em></strong></span> <span class='ocrx_word' id='word_1_195' title='bbox 2946 2420 3315 2506; x_wconf 69' lang='lat' dir='ltr'><strong>ffl&#39;eronym.</strong></span> 
     </span>
     <span class='ocr_line' id='line_1_25' title="bbox 731 2522 3314 2600; baseline 0.002 -13"><span class='ocrx_word' id='word_1_196' title='bbox 731 2524 860 2589; x_wconf 79' lang='lat' dir='ltr'><strong>chr.</strong></span> <span class='ocrx_word' id='word_1_197' title='bbox 891 2528 1068 2589; x_wconf 83' lang='lat'><strong><em>2270</em></strong></span> <span class='ocrx_word' id='word_1_198' title='bbox 1098 2553 1184 2576; x_wconf 93' lang='lat'><strong><em>=</em></strong></span> <span class='ocrx_word' id='word_1_199' title='bbox 1217 2522 1396 2588; x_wconf 79' lang='lat' dir='ltr'><strong>Oros.</strong></span> <span class='ocrx_word' id='word_1_200' title='bbox 1433 2528 1490 2599; x_wconf 84' lang='lat'><strong>7,</strong></span> <span class='ocrx_word' id='word_1_201' title='bbox 1522 2528 1609 2588; x_wconf 87' lang='lat'><strong><em>21</em></strong></span> <span class='ocrx_word' id='word_1_202' title='bbox 1645 2553 1725 2576; x_wconf 83' lang='lat'>=</span> <span class='ocrx_word' id='word_1_203' title='bbox 1756 2523 2023 2587; x_wconf 81' lang='lat' dir='ltr'><strong>Jordan.</strong></span> <span class='ocrx_word' id='word_1_204' title='bbox 2066 2523 2251 2587; x_wconf 85' lang='lat' dir='ltr'><strong>Rom.</strong></span> <span class='ocrx_word' id='word_1_205' title='bbox 2291 2527 2440 2600; x_wconf 87' lang='grc'><strong><em>286,</em></strong></span> <span class='ocrx_word' id='word_1_206' title='bbox 2489 2533 2617 2587; x_wconf 86' lang='lat' dir='ltr'><strong>tres</strong></span> <span class='ocrx_word' id='word_1_207' title='bbox 2646 2545 2899 2588; x_wconf 88' lang='lat' dir='ltr'><strong>menses</strong></span> <span class='ocrx_word' id='word_1_208' title='bbox 2939 2523 3095 2588; x_wconf 85' lang='lat' dir='ltr'><strong>Vict.</strong></span> <span class='ocrx_word' id='word_1_209' title='bbox 3136 2524 3314 2593; x_wconf 68' lang='lat' dir='ltr'><strong>Gaea</strong></span> 
     </span>
     <span class='ocr_line' id='line_1_26' title="bbox 724 2625 3318 2715; baseline 0.001 -27"><span class='ocrx_word' id='word_1_210' title='bbox 724 2631 825 2703; x_wconf 87' lang='grc'><strong><em>31,</em></strong></span> <span class='ocrx_word' id='word_1_211' title='bbox 870 2630 930 2703; x_wconf 84' lang='grc'><strong><em>3,</em></strong></span> <span class='ocrx_word' id='word_1_212' title='bbox 979 2637 1284 2711; x_wconf 88' lang='lat' dir='ltr'><strong>quattuor</strong></span> <span class='ocrx_word' id='word_1_213' title='bbox 1327 2647 1580 2689; x_wconf 85' lang='lat' dir='ltr'><strong>menses</strong></span> <span class='ocrx_word' id='word_1_214' title='bbox 1628 2625 1785 2690; x_wconf 85' lang='lat' dir='ltr'><strong>Viet.</strong></span> <span class='ocrx_word' id='word_1_215' title='bbox 1832 2627 1978 2708; x_wconf 80' lang='lat' dir='ltr'><strong>epit.</strong></span> <span class='ocrx_word' id='word_1_216' title='bbox 2022 2631 2123 2703; x_wconf 87' lang='lat'><strong>31,</strong></span> <span class='ocrx_word' id='word_1_217' title='bbox 2168 2631 2233 2702; x_wconf 87' lang='grc'><strong><em>2,</em></strong></span> <span class='ocrx_word' id='word_1_218' title='bbox 2283 2627 2448 2692; x_wconf 79' lang='grc' dir='ltr'>οὔπω</span> <span class='ocrx_word' id='word_1_219' title='bbox 2502 2627 2792 2715; x_wconf 83' lang='grc' dir='ltr'>τέσσαρας</span> <span class='ocrx_word' id='word_1_220' title='bbox 2846 2634 3035 2713; x_wconf 78' lang='grc' dir='ltr'><strong>μῆνας</strong></span> <span class='ocrx_word' id='word_1_221' title='bbox 3080 2628 3318 2693; x_wconf 79' lang='lat' dir='ltr'><strong>Zonar.</strong></span> 
     </span>
     <span class='ocr_line' id='line_1_27' title="bbox 730 2728 3316 2817; baseline 0 -23"><span class='ocrx_word' id='word_1_222' title='bbox 730 2734 835 2806; x_wconf 89' lang='grc'><strong><em>12,</em></strong></span> <span class='ocrx_word' id='word_1_223' title='bbox 866 2734 977 2805; x_wconf 91' lang='grc'><strong>22,</strong></span> <span class='ocrx_word' id='word_1_224' title='bbox 1023 2732 1285 2817; x_wconf 80' lang='grc' dir='ltr'>τετάρτῳ</span> <span class='ocrx_word' id='word_1_225' title='bbox 1332 2731 1474 2815; x_wconf 78' lang='grc' dir='ltr'>μηνί</span> <span class='ocrx_word' id='word_1_226' title='bbox 1512 2729 1743 2794; x_wconf 82' lang='lat' dir='ltr'><strong>Ioann.</strong></span> <span class='ocrx_word' id='word_1_227' title='bbox 1776 2728 2075 2794; x_wconf 79' lang='lat' dir='ltr'><strong>Antioch.</strong></span> <span class='ocrx_word' id='word_1_228' title='bbox 2118 2730 2201 2810; x_wconf 71' lang='lat' dir='ltr'><strong>fr.</strong></span> <span class='ocrx_word' id='word_1_229' title='bbox 2232 2734 2371 2794; x_wconf 83' lang='lat'><strong>150.</strong></span> <span class='ocrx_word' id='word_1_230' title='bbox 2403 2766 2490 2776; x_wconf 88' lang='lat'><strong>-—</strong></span> <span class='ocrx_word' id='word_1_231' title='bbox 2520 2728 2692 2793; x_wconf 59' lang='lat' dir='ltr'><strong>Vror</strong></span> <span class='ocrx_word' id='word_1_232' title='bbox 2732 2730 3010 2794; x_wconf 71' lang='lat' dir='ltr'><strong>ereditur</strong></span> <span class='ocrx_word' id='word_1_233' title='bbox 3054 2729 3130 2796; x_wconf 85' lang='lat' dir='ltr'><strong>O.</strong></span> <span class='ocrx_word' id='word_1_234' title='bbox 3163 2730 3316 2795; x_wconf 83' lang='lat' dir='ltr'><strong>Cor-</strong></span> 
     </span>
     <span class='ocr_line' id='line_1_28' title="bbox 731 2830 2235 2918; baseline 0.001 -22"><span class='ocrx_word' id='word_1_235' title='bbox 731 2830 903 2896; x_wconf 87' lang='lat' dir='ltr'><strong>nelia</strong></span> <span class='ocrx_word' id='word_1_236' title='bbox 947 2831 1199 2918; x_wconf 87' lang='lat' dir='ltr'><strong>Supera</strong></span> <span class='ocrx_word' id='word_1_237' title='bbox 1244 2836 1487 2896; x_wconf 80' lang='lat' dir='ltr'><strong>tantum</strong></span> <span class='ocrx_word' id='word_1_238' title='bbox 1530 2853 1608 2894; x_wconf 68' lang='lat' dir='ltr'><strong>ex</strong></span> <span class='ocrx_word' id='word_1_239' title='bbox 1649 2832 1919 2895; x_wconf 77' lang='lat' dir='ltr'><strong>nummis</strong></span> <span class='ocrx_word' id='word_1_240' title='bbox 1965 2833 2235 2914; x_wconf 63' lang='lat' dir='ltr'><strong>cognita.</strong></span> 
     </span>
    </p>

    <p class='ocr_par' dir='ltr' id='par_1_9' title="bbox 623 2942 3318 3100">
     <span class='ocr_line' id='line_1_29' title="bbox 623 2942 3318 3000; baseline 0.001 -4"><span class='ocrx_word' id='word_1_241' title='bbox 623 2971 709 2979; x_wconf 88' lang='lat'><em>—</em></span> <span class='ocrx_word' id='word_1_242' title='bbox 776 2944 853 2998; x_wconf 84' lang='lat' dir='ltr'><strong>M.</strong></span> <span class='ocrx_word' id='word_1_243' title='bbox 900 2943 1217 2998; x_wconf 83' lang='lat' dir='ltr'><strong>MESSIVS</strong></span> <span class='ocrx_word' id='word_1_244' title='bbox 1281 2942 1640 2997; x_wconf 81' lang='lat' dir='ltr'><strong>RVSTIGVS</strong></span> <span class='ocrx_word' id='word_1_245' title='bbox 1702 2943 2068 2997; x_wconf 83' lang='lat' dir='ltr'><strong>AEMILIVS</strong></span> <span class='ocrx_word' id='word_1_246' title='bbox 2130 2943 2333 2996; x_wconf 82' lang='lat' dir='ltr'><strong>AFER</strong></span> <span class='ocrx_word' id='word_1_247' title='bbox 2395 2944 2659 2999; x_wconf 85' lang='lat' dir='ltr'><strong>CVTIVS</strong></span> <span class='ocrx_word' id='word_1_248' title='bbox 2719 2944 3073 2999; x_wconf 78' lang='lat' dir='ltr'><strong>ROMVLVS</strong></span> <span class='ocrx_word' id='word_1_249' title='bbox 3126 2946 3318 3000; x_wconf 82' lang='lat' dir='ltr'>PRIS-</span> 
     </span>
     <span class='ocr_line' id='line_1_30' title="bbox 736 3044 1775 3100; baseline 0 0"><span class='ocrx_word' id='word_1_250' title='bbox 736 3046 1005 3100; x_wconf 87' lang='lat' dir='ltr'><strong>CIANVS</strong></span> <span class='ocrx_word' id='word_1_251' title='bbox 1051 3044 1325 3100; x_wconf 85' lang='lat' dir='ltr'><strong>ARRIVS</strong></span> <span class='ocrx_word' id='word_1_252' title='bbox 1372 3044 1775 3100; x_wconf 84' lang='lat' dir='ltr'><strong>PROCVLVS.</strong></span> 
     </span>
    </p>

    <p class='ocr_par' dir='ltr' id='par_1_10' title="bbox 605 3136 3317 3307">
     <span class='ocr_line' id='line_1_31' title="bbox 605 3136 3317 3223; baseline 0.002 -19"><span class='ocrx_word' id='word_1_253' title='bbox 605 3141 733 3204; x_wconf 85' lang='lat'><strong>214</strong></span> <span class='ocrx_word' id='word_1_254' title='bbox 776 3138 865 3205; x_wconf 90' lang='grc' dir='ltr'><strong>Μ.</strong></span> <span class='ocrx_word' id='word_1_255' title='bbox 897 3136 1212 3204; x_wconf 87' lang='lat' dir='ltr'><strong>Aemilius</strong></span> <span class='ocrx_word' id='word_1_256' title='bbox 1245 3136 1553 3220; x_wconf 85' lang='lat' dir='ltr'><strong>Alcimus,</strong></span> <span class='ocrx_word' id='word_1_257' title='bbox 1602 3140 1848 3203; x_wconf 87' lang='lat' dir='ltr'><strong>amicus</strong></span> <span class='ocrx_word' id='word_1_258' title='bbox 1894 3138 1970 3204; x_wconf 92' lang='lat' dir='ltr'><strong>L.</strong></span> <span class='ocrx_word' id='word_1_259' title='bbox 2005 3136 2259 3203; x_wconf 84' lang='lat' dir='ltr'><strong>Aurelii</strong></span> <span class='ocrx_word' id='word_1_260' title='bbox 2293 3138 2465 3205; x_wconf 82' lang='lat' dir='ltr'><strong>Galli</strong></span> <span class='ocrx_word' id='word_1_261' title='bbox 2508 3162 2657 3215; x_wconf 75' lang='lat' dir='ltr'><strong>coe„</strong></span> <span class='ocrx_word' id='word_1_262' title='bbox 2704 3142 2810 3205; x_wconf 76' lang='lat' dir='ltr'><strong>cui</strong></span> <span class='ocrx_word' id='word_1_263' title='bbox 2837 3143 3056 3223; x_wconf 65' lang='lat' dir='ltr'><strong>posuit</strong></span> <span class='ocrx_word' id='word_1_264' title='bbox 3105 3149 3145 3208; x_wconf 88' lang='lat' dir='ltr'><strong>t.</strong></span> <span class='ocrx_word' id='word_1_265' title='bbox 3177 3144 3317 3209; x_wconf 76' lang='lat' dir='ltr'><strong>urb.</strong></span> 
     </span>
     <span class='ocr_line' id='line_1_32' title="bbox 738 3242 1048 3307; baseline -0.006 0"><span class='ocrx_word' id='word_1_266' title='bbox 738 3242 838 3307; x_wconf 91' lang='lat' dir='ltr'><strong>VI</strong></span> <span class='ocrx_word' id='word_1_267' title='bbox 871 3245 1048 3306; x_wconf 82' lang='lat'><strong><em>1356.</em></strong></span> 
     </span>
    </p>

    <p class='ocr_par' dir='ltr' id='par_1_11' title="bbox 629 3342 1831 3429">
     <span class='ocr_line' id='line_1_33' title="bbox 629 3342 1831 3429; baseline -0.001 -19"><span class='ocrx_word' id='word_1_268' title='bbox 629 3383 714 3391; x_wconf 92' lang='lat'>—</span> <span class='ocrx_word' id='word_1_269' title='bbox 782 3346 854 3410; x_wconf 89' lang='lat' dir='ltr'><strong>P.</strong></span> <span class='ocrx_word' id='word_1_270' title='bbox 903 3342 1163 3425; x_wconf 88' lang='lat' dir='ltr'><strong>Iul(ius)</strong></span> <span class='ocrx_word' id='word_1_271' title='bbox 1210 3342 1525 3408; x_wconf 88' lang='lat' dir='ltr'><strong>Aemilius</strong></span> <span class='ocrx_word' id='word_1_272' title='bbox 1568 3342 1831 3429; x_wconf 89' lang='lat' dir='ltr'><strong>Aquila.</strong></span> 
     </span>
    </p>

    <p class='ocr_par' dir='ltr' id='par_1_12' title="bbox 605 3446 3323 4354">
     <span class='ocr_line' id='line_1_34' title="bbox 605 3446 3318 3514; baseline 0 0"><span class='ocrx_word' id='word_1_273' title='bbox 605 3450 730 3514; x_wconf 86' lang='lat'><strong>215</strong></span> <span class='ocrx_word' id='word_1_274' title='bbox 775 3457 843 3511; x_wconf 91' lang='lat' dir='ltr'><strong>L.</strong></span> <span class='ocrx_word' id='word_1_275' title='bbox 903 3455 1266 3510; x_wconf 79' lang='lat' dir='ltr'><strong>AEMILIVS</strong></span> <span class='ocrx_word' id='word_1_276' title='bbox 1324 3455 1693 3512; x_wconf 79' lang='lat' dir='ltr'><strong>ARCANVS.</strong></span> <span class='ocrx_word' id='word_1_277' title='bbox 1799 3446 2047 3512; x_wconf 77' lang='lat' dir='ltr'><strong>Titulus</strong></span> <span class='ocrx_word' id='word_1_278' title='bbox 2105 3447 2238 3510; x_wconf 77' lang='lat' dir='ltr'><strong>eius</strong></span> <span class='ocrx_word' id='word_1_279' title='bbox 2298 3446 2739 3511; x_wconf 71' lang='lat' dir='ltr'><strong>Narbonensis</strong></span> <span class='ocrx_word' id='word_1_280' title='bbox 2789 3449 2850 3513; x_wconf 79' lang='grc' dir='ltr'><strong><em>Χ</em></strong></span> <span class='ocrx_word' id='word_1_281' title='bbox 2860 3448 2952 3512; x_wconf 91' lang='grc' dir='ltr'><strong>ΙΙ</strong></span> <span class='ocrx_word' id='word_1_282' title='bbox 2997 3454 3175 3514; x_wconf 80' lang='grc'><em>4354.</em></span> <span class='ocrx_word' id='word_1_283' title='bbox 3239 3488 3318 3495; x_wconf 90' lang='grc'><strong>-</strong></span> 
     </span>
     <span class='ocr_line' id='line_1_35' title="bbox 733 3546 3315 3634; baseline 0.001 -20"><span class='ocrx_word' id='word_1_284' title='bbox 733 3550 812 3618; x_wconf 93' lang='lat' dir='ltr'><strong>L.</strong></span> <span class='ocrx_word' id='word_1_285' title='bbox 858 3548 918 3631; x_wconf 90' lang='lat' dir='ltr'><strong>f.‚</strong></span> <span class='ocrx_word' id='word_1_286' title='bbox 968 3546 1145 3614; x_wconf 84' lang='lat' dir='ltr'><strong>tribu</strong></span> <span class='ocrx_word' id='word_1_287' title='bbox 1192 3548 1366 3634; x_wconf 70' lang='lat' dir='ltr'><strong>Pap,</strong></span> <span class='ocrx_word' id='word_1_288' title='bbox 1416 3550 1658 3632; x_wconf 73' lang='lat' dir='ltr'><strong>oriyine</strong></span> <span class='ocrx_word' id='word_1_289' title='bbox 1700 3549 2158 3627; x_wconf 65' lang='lat' dir='ltr'><strong>Narbonensis,</strong></span> <span class='ocrx_word' id='word_1_290' title='bbox 2207 3550 2507 3615; x_wconf 88' lang='lat' dir='ltr'><strong>tribunus</strong></span> <span class='ocrx_word' id='word_1_291' title='bbox 2554 3550 2827 3615; x_wconf 88' lang='lat' dir='ltr'><strong>militum</strong></span> <span class='ocrx_word' id='word_1_292' title='bbox 2870 3549 2996 3634; x_wconf 88' lang='lat' dir='ltr'><strong>leg.</strong></span> <span class='ocrx_word' id='word_1_293' title='bbox 3029 3553 3129 3616; x_wconf 91' lang='lat' dir='ltr'><strong>XI</strong></span> <span class='ocrx_word' id='word_1_294' title='bbox 3176 3552 3315 3632; x_wconf 79' lang='lat' dir='ltr'><strong>(sie)</strong></span> 
     </span>
     <span class='ocr_line' id='line_1_36' title="bbox 736 3651 3319 3736; baseline 0 -18"><span class='ocrx_word' id='word_1_295' title='bbox 736 3652 1052 3718; x_wconf 84' lang='lat' dir='ltr'><strong>Geminae</strong></span> <span class='ocrx_word' id='word_1_296' title='bbox 1092 3661 1156 3715; x_wconf 87' lang='lat' dir='ltr'><strong>et</strong></span> <span class='ocrx_word' id='word_1_297' title='bbox 1199 3651 1494 3717; x_wconf 87' lang='lat' dir='ltr'><strong>tribunus</strong></span> <span class='ocrx_word' id='word_1_298' title='bbox 1524 3651 1803 3716; x_wconf 87' lang='lat' dir='ltr'><strong>militum</strong></span> <span class='ocrx_word' id='word_1_299' title='bbox 1836 3651 1959 3736; x_wconf 89' lang='lat' dir='ltr'><strong>leg.</strong></span> <span class='ocrx_word' id='word_1_300' title='bbox 1993 3653 2026 3716; x_wconf 95' lang='lat' dir='ltr'><strong>I</strong></span> <span class='ocrx_word' id='word_1_301' title='bbox 2070 3653 2449 3735; x_wconf 86' lang='lat' dir='ltr'><strong>Minerviae,</strong></span> <span class='ocrx_word' id='word_1_302' title='bbox 2499 3656 2651 3717; x_wconf 88' lang='lat' dir='ltr'><strong>item</strong></span> <span class='ocrx_word' id='word_1_303' title='bbox 2697 3653 2998 3718; x_wconf 87' lang='lat' dir='ltr'><strong>tribunus</strong></span> <span class='ocrx_word' id='word_1_304' title='bbox 3041 3654 3319 3720; x_wconf 87' lang='lat' dir='ltr'><strong>militum</strong></span> 
     </span>
     <span class='ocr_line' id='line_1_37' title="bbox 737 3753 3323 3843; baseline 0.002 -25"><span class='ocrx_word' id='word_1_305' title='bbox 737 3754 860 3837; x_wconf 92' lang='lat' dir='ltr'><strong>leg.</strong></span> <span class='ocrx_word' id='word_1_306' title='bbox 905 3755 973 3819; x_wconf 93' lang='lat' dir='ltr'><strong>II</strong></span> <span class='ocrx_word' id='word_1_307' title='bbox 1024 3753 1379 3839; x_wconf 84' lang='lat' dir='ltr'><strong>Augustae,</strong></span> <span class='ocrx_word' id='word_1_308' title='bbox 1428 3753 1717 3820; x_wconf 87' lang='lat' dir='ltr'><strong>adlectus</strong></span> <span class='ocrx_word' id='word_1_309' title='bbox 1764 3755 1830 3819; x_wconf 91' lang='lat' dir='ltr'><strong>in</strong></span> <span class='ocrx_word' id='word_1_310' title='bbox 1875 3754 2344 3841; x_wconf 86' lang='lat' dir='ltr'><strong>amplissimum</strong></span> <span class='ocrx_word' id='word_1_311' title='bbox 2390 3755 2681 3821; x_wconf 89' lang='lat' dir='ltr'><strong>ordinem</strong></span> <span class='ocrx_word' id='word_1_312' title='bbox 2727 3756 2810 3820; x_wconf 92' lang='lat' dir='ltr'><strong>ab</strong></span> <span class='ocrx_word' id='word_1_313' title='bbox 2857 3759 3008 3843; x_wconf 89' lang='lat' dir='ltr'><strong>imp.</strong></span> <span class='ocrx_word' id='word_1_314' title='bbox 3044 3757 3323 3824; x_wconf 83' lang='lat' dir='ltr'><strong>Caesare</strong></span> 
     </span>
     <span class='ocr_line' id='line_1_38' title="bbox 735 3855 3321 3945; baseline 0.002 -24"><span class='ocrx_word' id='word_1_315' title='bbox 735 3855 1076 3922; x_wconf 86' lang='lat' dir='ltr'><strong>Hadriano</strong></span> <span class='ocrx_word' id='word_1_316' title='bbox 1121 3856 1327 3941; x_wconf 74' lang='lat' dir='ltr'><strong>Aug,</strong></span> <span class='ocrx_word' id='word_1_317' title='bbox 1383 3859 1556 3922; x_wconf 88' lang='lat' dir='ltr'><strong>sevir</strong></span> <span class='ocrx_word' id='word_1_318' title='bbox 1616 3860 1907 3945; x_wconf 89' lang='lat' dir='ltr'><strong>equitum</strong></span> <span class='ocrx_word' id='word_1_319' title='bbox 1955 3860 2425 3940; x_wconf 87' lang='lat' dir='ltr'><strong>Romanorum,</strong></span> <span class='ocrx_word' id='word_1_320' title='bbox 2480 3870 2782 3945; x_wconf 85' lang='lat' dir='ltr'><strong>quaestor</strong></span> <span class='ocrx_word' id='word_1_321' title='bbox 2827 3859 3149 3939; x_wconf 77' lang='lat' dir='ltr'><strong>urbanuS‚</strong></span> <span class='ocrx_word' id='word_1_322' title='bbox 3211 3863 3321 3926; x_wconf 88' lang='lat' dir='ltr'><strong>tri-</strong></span> 
     </span>
     <span class='ocr_line' id='line_1_39' title="bbox 735 3959 3323 4045; baseline 0.002 -20"><span class='ocrx_word' id='word_1_323' title='bbox 735 3959 948 4025; x_wconf 89' lang='lat' dir='ltr'><strong>bunus</strong></span> <span class='ocrx_word' id='word_1_324' title='bbox 997 3959 1221 4045; x_wconf 81' lang='lat' dir='ltr'><strong>plebis,</strong></span> <span class='ocrx_word' id='word_1_325' title='bbox 1270 3970 1529 4045; x_wconf 88' lang='lat' dir='ltr'><strong>praetor</strong></span> <span class='ocrx_word' id='word_1_326' title='bbox 1573 3960 1950 4044; x_wconf 84' lang='lat' dir='ltr'><strong>designatus</strong></span> <span class='ocrx_word' id='word_1_327' title='bbox 1996 3963 2171 4027; x_wconf 88' lang='lat' dir='ltr'><strong>obiit.</strong></span> <span class='ocrx_word' id='word_1_328' title='bbox 2216 3999 2301 4007; x_wconf 94' lang='grc'>-</span> <span class='ocrx_word' id='word_1_329' title='bbox 2346 3961 2579 4043; x_wconf 82' lang='lat' dir='ltr'><strong>Ourio3</strong></span> <span class='ocrx_word' id='word_1_330' title='bbox 2626 3962 2924 4027; x_wconf 87' lang='lat' dir='ltr'><strong>omnibus</strong></span> <span class='ocrx_word' id='word_1_331' title='bbox 2971 3962 3323 4029; x_wconf 81' lang='lat' dir='ltr'><strong>honoribus</strong></span> 
     </span>
     <span class='ocr_line' id='line_1_40' title="bbox 740 4060 3322 4150; baseline 0.002 -24"><span class='ocrx_word' id='word_1_332' title='bbox 740 4065 802 4126; x_wconf 93' lang='lat' dir='ltr'><strong>in</strong></span> <span class='ocrx_word' id='word_1_333' title='bbox 851 4060 1104 4128; x_wconf 89' lang='lat' dir='ltr'><strong>colonia</strong></span> <span class='ocrx_word' id='word_1_334' title='bbox 1147 4085 1265 4126; x_wconf 89' lang='lat' dir='ltr'><strong>sua</strong></span> <span class='ocrx_word' id='word_1_335' title='bbox 1308 4061 1567 4127; x_wconf 85' lang='lat' dir='ltr'><strong>functus</strong></span> <span class='ocrx_word' id='word_1_336' title='bbox 1608 4064 1701 4131; x_wconf 82' lang='lat' dir='ltr'><strong>tit.</strong></span> <span class='ocrx_word' id='word_1_337' title='bbox 1729 4101 1818 4111; x_wconf 89' lang='lat'><strong>—-</strong></span> <span class='ocrx_word' id='word_1_338' title='bbox 1847 4063 2146 4129; x_wconf 88' lang='lat' dir='ltr'><strong>Arcanus</strong></span> <span class='ocrx_word' id='word_1_339' title='bbox 2195 4074 2411 4150; x_wconf 85' lang='lat' dir='ltr'><strong>‘quem</strong></span> <span class='ocrx_word' id='word_1_340' title='bbox 2456 4062 2894 4149; x_wconf 84' lang='lat' dir='ltr'><strong>pulcherrima</strong></span> <span class='ocrx_word' id='word_1_341' title='bbox 2936 4067 3064 4130; x_wconf 86' lang='lat' dir='ltr'><strong>iam</strong></span> <span class='ocrx_word' id='word_1_342' title='bbox 3111 4066 3322 4131; x_wconf 87' lang='lat' dir='ltr'><strong>redire</strong></span> 
     </span>
     <span class='ocr_line' id='line_1_41' title="bbox 736 4164 3323 4253; baseline 0.002 -23"><span class='ocrx_word' id='word_1_343' title='bbox 736 4165 957 4231; x_wconf 88' lang='lat' dir='ltr'><strong>Narbo</strong></span> <span class='ocrx_word' id='word_1_344' title='bbox 983 4204 1055 4213; x_wconf 92' lang='lat'>—</span> <span class='ocrx_word' id='word_1_345' title='bbox 1079 4202 1155 4211; x_wconf 91' lang='lat'>—</span> <span class='ocrx_word' id='word_1_346' title='bbox 1187 4164 1272 4230; x_wconf 87' lang='lat' dir='ltr'><strong>ad</strong></span> <span class='ocrx_word' id='word_1_347' title='bbox 1303 4164 1478 4249; x_wconf 88' lang='lat' dir='ltr'><strong>leges</strong></span> <span class='ocrx_word' id='word_1_348' title='bbox 1510 4165 1691 4231; x_wconf 87' lang='lat' dir='ltr'><strong>iubet</strong></span> <span class='ocrx_word' id='word_1_349' title='bbox 1720 4189 2098 4253; x_wconf 88' lang='lat' dir='ltr'><strong>annuosque</strong></span> <span class='ocrx_word' id='word_1_350' title='bbox 2130 4166 2360 4231; x_wconf 88' lang='lat' dir='ltr'><strong>fasees’</strong></span> <span class='ocrx_word' id='word_1_351' title='bbox 2391 4169 2631 4231; x_wconf 77' lang='lat' dir='ltr'><strong>amicus</strong></span> <span class='ocrx_word' id='word_1_352' title='bbox 2658 4167 2998 4232; x_wconf 77' lang='lat' dir='ltr'><strong>Martialis</strong></span> <span class='ocrx_word' id='word_1_353' title='bbox 3023 4167 3323 4237; x_wconf 78' lang='lat' dir='ltr'><strong>Martia-l.</strong></span> 
     </span>
     <span class='ocr_line' id='line_1_42' title="bbox 733 4268 3235 4354; baseline 0.003 -23"><span class='ocrx_word' id='word_1_354' title='bbox 733 4273 794 4345; x_wconf 89' lang='grc'><strong>8,</strong></span> <span class='ocrx_word' id='word_1_355' title='bbox 840 4272 942 4344; x_wconf 91' lang='grc'><strong><em>72,</em></strong></span> <span class='ocrx_word' id='word_1_356' title='bbox 982 4272 1026 4331; x_wconf 86' lang='grc'><em>3</em></span> <span class='ocrx_word' id='word_1_357' title='bbox 1069 4273 1230 4332; x_wconf 82' lang='lat' dir='ltr'><strong>certe</strong></span> <span class='ocrx_word' id='word_1_358' title='bbox 1276 4289 1416 4332; x_wconf 79' lang='lat' dir='ltr'><strong>cum</strong></span> <span class='ocrx_word' id='word_1_359' title='bbox 1459 4268 1572 4332; x_wconf 79' lang='lat' dir='ltr'><strong>hoc</strong></span> <span class='ocrx_word' id='word_1_360' title='bbox 1614 4268 2068 4333; x_wconf 76' lang='lat' dir='ltr'><strong>necessitudine</strong></span> <span class='ocrx_word' id='word_1_361' title='bbox 2113 4271 2480 4334; x_wconf 73' lang='lat' dir='ltr'><strong>coniunctus</strong></span> <span class='ocrx_word' id='word_1_362' title='bbox 2523 4270 2669 4352; x_wconf 76' lang='lat' dir='ltr'><strong>fnit,</strong></span> <span class='ocrx_word' id='word_1_363' title='bbox 2716 4271 2991 4352; x_wconf 79' lang='lat' dir='ltr'><strong>fortasse</strong></span> <span class='ocrx_word' id='word_1_364' title='bbox 3022 4278 3235 4354; x_wconf 75' lang='lat' dir='ltr'><strong>pater.</strong></span> 
     </span>
    </p>

    <p class='ocr_par' dir='ltr' id='par_1_13' title="bbox 608 4369 3328 5175">
     <span class='ocr_line' id='line_1_43' title="bbox 608 4369 3322 4458; baseline 0.001 -21"><span class='ocrx_word' id='word_1_365' title='bbox 608 4374 733 4437; x_wconf 82' lang='lat'><strong>216</strong></span> <span class='ocrx_word' id='word_1_366' title='bbox 779 4369 1098 4436; x_wconf 88' lang='lat' dir='ltr'><strong>Aemilius</strong></span> <span class='ocrx_word' id='word_1_367' title='bbox 1161 4371 1404 4458; x_wconf 88' lang='lat' dir='ltr'><strong>Asper,</strong></span> <span class='ocrx_word' id='word_1_368' title='bbox 1465 4373 1928 4455; x_wconf 87' lang='lat' dir='ltr'><strong>grammaticus</strong></span> <span class='ocrx_word' id='word_1_369' title='bbox 1988 4372 2229 4437; x_wconf 85' lang='lat' dir='ltr'><strong>saeculi</strong></span> <span class='ocrx_word' id='word_1_370' title='bbox 2284 4373 2514 4437; x_wconf 88' lang='lat' dir='ltr'><strong>incerti</strong></span> <span class='ocrx_word' id='word_1_371' title='bbox 2560 4375 2791 4437; x_wconf 83' lang='lat' dir='ltr'><strong>aetatis</strong></span> <span class='ocrx_word' id='word_1_372' title='bbox 2837 4374 3322 4458; x_wconf 87' lang='lat' dir='ltr'><strong>imperatoriae;</strong></span> 
     </span>
     <span class='ocr_line' id='line_1_44' title="bbox 737 4474 3326 4543; baseline 0.002 -6"><span class='ocrx_word' id='word_1_373' title='bbox 737 4475 1018 4539; x_wconf 80' lang='lat' dir='ltr'><strong>diversas</strong></span> <span class='ocrx_word' id='word_1_374' title='bbox 1058 4479 1267 4539; x_wconf 79' lang='lat' dir='ltr'><strong>senten</strong></span> <span class='ocrx_word' id='word_1_375' title='bbox 1275 4476 1402 4539; x_wconf 83' lang='lat' dir='ltr'><strong>tias</strong></span> <span class='ocrx_word' id='word_1_376' title='bbox 1440 4476 1717 4539; x_wconf 72' lang='lat' dir='ltr'><strong>virorum</strong></span> <span class='ocrx_word' id='word_1_377' title='bbox 1760 4474 2084 4539; x_wconf 79' lang='lat' dir='ltr'><strong>doctorum</strong></span> <span class='ocrx_word' id='word_1_378' title='bbox 2115 4476 2613 4540; x_wconf 63' lang='lat' dir='ltr'><strong>dissentientium</strong></span> <span class='ocrx_word' id='word_1_379' title='bbox 2657 4474 2731 4541; x_wconf 80' lang='lat' dir='ltr'><strong>de</strong></span> <span class='ocrx_word' id='word_1_380' title='bbox 2775 4481 2983 4541; x_wconf 83' lang='lat' dir='ltr'><strong>aetate</strong></span> <span class='ocrx_word' id='word_1_381' title='bbox 3017 4479 3326 4543; x_wconf 77' lang='lat' dir='ltr'><strong>recensuit</strong></span> 
     </span>
     <span class='ocr_line' id='line_1_45' title="bbox 742 4575 3323 4664; baseline 0.001 -21"><span class='ocrx_word' id='word_1_382' title='bbox 742 4578 1201 4643; x_wconf 75' lang='lat' dir='ltr'><strong>Laemmerhirt</strong></span> <span class='ocrx_word' id='word_1_383' title='bbox 1260 4578 1805 4643; x_wconf 78' lang='lat' dir='ltr'><strong>commentationes</strong></span> <span class='ocrx_word' id='word_1_384' title='bbox 1853 4577 2160 4661; x_wconf 63' lang='lat' dir='ltr'><strong>philolog.</strong></span> <span class='ocrx_word' id='word_1_385' title='bbox 2223 4579 2467 4644; x_wconf 78' lang='lat' dir='ltr'><strong>lenens,</strong></span> <span class='ocrx_word' id='word_1_386' title='bbox 2514 4577 2632 4644; x_wconf 87' lang='lat' dir='ltr'><strong>IV</strong></span> <span class='ocrx_word' id='word_1_387' title='bbox 2666 4576 2880 4664; x_wconf 84' lang='grc'><strong><em>(1890)</em></strong></span> <span class='ocrx_word' id='word_1_388' title='bbox 2914 4602 2986 4663; x_wconf 77' lang='lat' dir='ltr'><strong>p.</strong></span> <span class='ocrx_word' id='word_1_389' title='bbox 3017 4575 3141 4645; x_wconf 80' lang='lat'><strong>401</strong></span> <span class='ocrx_word' id='word_1_390' title='bbox 3177 4601 3323 4662; x_wconf 62' lang='lat' dir='ltr'><strong>seq„</strong></span> 
     </span>
     <span class='ocr_line' id='line_1_46' title="bbox 734 4681 3328 4769; baseline 0.001 -24"><span class='ocrx_word' id='word_1_391' title='bbox 734 4682 1074 4765; x_wconf 77' lang='lat' dir='ltr'><strong>proferens</strong></span> <span class='ocrx_word' id='word_1_392' title='bbox 1130 4688 1189 4746; x_wconf 75' lang='lat' dir='ltr'><strong>et</strong></span> <span class='ocrx_word' id='word_1_393' title='bbox 1246 4683 1378 4765; x_wconf 77' lang='lat' dir='ltr'><strong>ipse</strong></span> <span class='ocrx_word' id='word_1_394' title='bbox 1436 4702 1561 4745; x_wconf 88' lang='lat' dir='ltr'><strong>non</strong></span> <span class='ocrx_word' id='word_1_395' title='bbox 1619 4682 1827 4746; x_wconf 79' lang='lat' dir='ltr'><strong>minus</strong></span> <span class='ocrx_word' id='word_1_396' title='bbox 1884 4683 2192 4746; x_wconf 78' lang='lat' dir='ltr'><strong>incertam</strong></span> <span class='ocrx_word' id='word_1_397' title='bbox 2251 4702 2437 4762; x_wconf 79' lang='lat' dir='ltr'><strong>quam</strong></span> <span class='ocrx_word' id='word_1_398' title='bbox 2491 4681 2740 4763; x_wconf 70' lang='lat' dir='ltr'><strong>reliqui.</strong></span> <span class='ocrx_word' id='word_1_399' title='bbox 2846 4682 3124 4768; x_wconf 85' lang='lat' dir='ltr'><strong>Scripsit</strong></span> <span class='ocrx_word' id='word_1_400' title='bbox 3181 4696 3328 4769; x_wconf 88' lang='lat' dir='ltr'><strong>post</strong></span> 
     </span>
     <span class='ocr_line' id='line_1_47' title="bbox 723 4782 3323 4872; baseline -0 -23"><span class='ocrx_word' id='word_1_401' title='bbox 723 4785 1103 4870; x_wconf 77' lang='lat' dir='ltr'><strong>Cornutum,</strong></span> <span class='ocrx_word' id='word_1_402' title='bbox 1153 4807 1344 4872; x_wconf 92' lang='lat' dir='ltr'><strong>quem</strong></span> <span class='ocrx_word' id='word_1_403' title='bbox 1391 4783 1628 4849; x_wconf 83' lang='lat' dir='ltr'><strong>refellit</strong></span> <span class='ocrx_word' id='word_1_404' title='bbox 1671 4784 1861 4851; x_wconf 77' lang='lat' dir='ltr'><strong>schol.</strong></span> <span class='ocrx_word' id='word_1_405' title='bbox 1902 4784 2233 4849; x_wconf 65' lang='lat' dir='ltr'><strong>VeronenS.</strong></span> <span class='ocrx_word' id='word_1_406' title='bbox 2266 4782 2428 4849; x_wconf 85' lang='lat' dir='ltr'><strong>Aen.</strong></span> <span class='ocrx_word' id='word_1_407' title='bbox 2464 4783 2600 4848; x_wconf 91' lang='lat' dir='ltr'><strong>III</strong></span> <span class='ocrx_word' id='word_1_408' title='bbox 2619 4789 2758 4851; x_wconf 85' lang='lat'><strong>691.</strong></span> <span class='ocrx_word' id='word_1_409' title='bbox 2827 4783 3126 4850; x_wconf 85' lang='lat' dir='ltr'><strong>Confecit</strong></span> <span class='ocrx_word' id='word_1_410' title='bbox 3154 4808 3323 4851; x_wconf 87' lang='lat' dir='ltr'><strong>com·</strong></span> 
     </span>
     <span class='ocr_line' id='line_1_48' title="bbox 733 4885 3324 4971; baseline 0 -18"><span class='ocrx_word' id='word_1_411' title='bbox 733 4892 1124 4956; x_wconf 81' lang='lat' dir='ltr'><strong>mentarium</strong></span> <span class='ocrx_word' id='word_1_412' title='bbox 1175 4892 1241 4954; x_wconf 90' lang='lat' dir='ltr'><strong>in</strong></span> <span class='ocrx_word' id='word_1_413' title='bbox 1287 4890 1683 4971; x_wconf 87' lang='lat' dir='ltr'><strong>Terentium,</strong></span> <span class='ocrx_word' id='word_1_414' title='bbox 1744 4888 1855 4969; x_wconf 73' lang='lat' dir='ltr'><strong>qui</strong></span> <span class='ocrx_word' id='word_1_415' title='bbox 1910 4889 2150 4952; x_wconf 74' lang='lat' dir='ltr'><strong>citatur</strong></span> <span class='ocrx_word' id='word_1_416' title='bbox 2197 4887 2446 4971; x_wconf 63' lang='lat' dir='ltr'><strong>paesim</strong></span> <span class='ocrx_word' id='word_1_417' title='bbox 2492 4887 2668 4970; x_wconf 77' lang='lat' dir='ltr'><strong>apud</strong></span> <span class='ocrx_word' id='word_1_418' title='bbox 2708 4885 3055 4965; x_wconf 72' lang='lat' dir='ltr'><strong>Donatum,</strong></span> <span class='ocrx_word' id='word_1_419' title='bbox 3103 4888 3324 4971; x_wconf 76' lang='lat' dir='ltr'><strong>Rufin.</strong></span> 
     </span>
     <span class='ocr_line' id='line_1_49' title="bbox 731 4986 3322 5066; baseline -0.002 -9"><span class='ocrx_word' id='word_1_420' title='bbox 731 4994 1018 5059; x_wconf 67' lang='lat' dir='ltr'><strong>Gratum.</strong></span> <span class='ocrx_word' id='word_1_421' title='bbox 1053 4993 1201 5056; x_wconf 84' lang='lat' dir='ltr'><strong>Lat.</strong></span> <span class='ocrx_word' id='word_1_422' title='bbox 1251 4990 1352 5054; x_wconf 86' lang='lat' dir='ltr'><strong>VI</strong></span> <span class='ocrx_word' id='word_1_423' title='bbox 1383 4996 1523 5066; x_wconf 82' lang='lat'><strong><em>555,</em></strong></span> <span class='ocrx_word' id='word_1_424' title='bbox 1556 4994 1631 5066; x_wconf 91' lang='lat'><strong><em>1,·</em></strong></span> <span class='ocrx_word' id='word_1_425' title='bbox 1674 4993 2206 5055; x_wconf 86' lang='lat' dir='ltr'><strong>commentarium</strong></span> <span class='ocrx_word' id='word_1_426' title='bbox 2255 4993 2320 5054; x_wconf 89' lang='lat' dir='ltr'><strong>in</strong></span> <span class='ocrx_word' id='word_1_427' title='bbox 2369 4986 2750 5054; x_wconf 85' lang='lat' dir='ltr'><strong>Sallustium</strong></span> <span class='ocrx_word' id='word_1_428' title='bbox 2792 4989 3049 5056; x_wconf 56' lang='lat' dir='ltr'><strong>Charis</strong></span> <span class='ocrx_word' id='word_1_429' title='bbox 3097 4989 3225 5055; x_wconf 78' lang='lat' dir='ltr'><strong>ibd.</strong></span> <span class='ocrx_word' id='word_1_430' title='bbox 3272 4991 3322 5052; x_wconf 89' lang='lat' dir='ltr'><em>I</em></span> 
     </span>
     <span class='ocr_line' id='line_1_50' title="bbox 736 5090 3324 5175; baseline -0.002 -14"><span class='ocrx_word' id='word_1_431' title='bbox 736 5101 875 5173; x_wconf 85' lang='grc'><strong><em>196,</em></strong></span> <span class='ocrx_word' id='word_1_432' title='bbox 914 5100 1003 5162; x_wconf 82' lang='grc'><strong>23</strong></span> <span class='ocrx_word' id='word_1_433' title='bbox 1016 5116 1035 5172; x_wconf 89' lang='lat'><strong>,·</strong></span> <span class='ocrx_word' id='word_1_434' title='bbox 1091 5100 1240 5169; x_wconf 87' lang='grc'><strong><em>209,</em></strong></span> <span class='ocrx_word' id='word_1_435' title='bbox 1290 5098 1366 5169; x_wconf 91' lang='grc'><strong>1,·</strong></span> <span class='ocrx_word' id='word_1_436' title='bbox 1416 5096 1562 5168; x_wconf 82' lang='grc'><strong><em>215,</em></strong></span> <span class='ocrx_word' id='word_1_437' title='bbox 1610 5095 1684 5170; x_wconf 85' lang='grc'><strong>6,·</strong></span> <span class='ocrx_word' id='word_1_438' title='bbox 1733 5096 1879 5169; x_wconf 77' lang='grc'><strong><em>216,</em></strong></span> <span class='ocrx_word' id='word_1_439' title='bbox 1911 5096 2018 5169; x_wconf 83' lang='grc'><strong>28,</strong></span> <span class='ocrx_word' id='word_1_440' title='bbox 2067 5092 2287 5175; x_wconf 74' lang='lat' dir='ltr'><strong>Pomp.</strong></span> <span class='ocrx_word' id='word_1_441' title='bbox 2335 5091 2463 5157; x_wconf 73' lang='lat' dir='ltr'><strong>ibd.</strong></span> <span class='ocrx_word' id='word_1_442' title='bbox 2514 5090 2575 5155; x_wconf 87' lang='lat' dir='ltr'><strong>V</strong></span> <span class='ocrx_word' id='word_1_443' title='bbox 2604 5096 2750 5168; x_wconf 85' lang='grc'><strong><em>273,</em></strong></span> <span class='ocrx_word' id='word_1_444' title='bbox 2803 5098 2906 5167; x_wconf 86' lang='grc'><strong>12,</strong></span> <span class='ocrx_word' id='word_1_445' title='bbox 2953 5091 3324 5173; x_wconf 78' lang='lat' dir='ltr'><strong>IIieronym.</strong></span> 
     </span>
    </p>
   </div>
   <div class='ocr_carea' id='block_1_8' title="bbox 3790 696 3793 1657">
    <p class='ocr_par' dir='ltr' id='par_1_14' title="bbox 3790 696 3793 1657">
     <span class='ocr_line' id='line_1_51' title="bbox 3790 696 3793 1657; baseline 0 0"><span class='ocrx_word' id='word_1_446' title='bbox 3790 696 3793 1657; x_wconf 95' lang='lat' dir='ltr'><strong> </strong></span> 
     </span>
    </p>
   </div>
   <div class='ocr_carea' id='block_1_9' title="bbox 3790 2001 3793 2845">
    <p class='ocr_par' dir='ltr' id='par_1_15' title="bbox 3790 2001 3793 2845">
     <span class='ocr_line' id='line_1_52' title="bbox 3790 2001 3793 2845; baseline 0 0"><span class='ocrx_word' id='word_1_447' title='bbox 3790 2001 3793 2845; x_wconf 95' lang='lat' dir='ltr'><strong> </strong></span> 
     </span>
    </p>
   </div>
   <div class='ocr_carea' id='block_1_10' title="bbox 3789 4520 3794 5955">
    <p class='ocr_par' dir='ltr' id='par_1_16' title="bbox 3789 4520 3794 5955">
     <span class='ocr_line' id='line_1_53' title="bbox 3789 4520 3794 5955; baseline 0 0"><span class='ocrx_word' id='word_1_448' title='bbox 3789 4520 3794 5955; x_wconf 95' lang='lat' dir='ltr'><strong> </strong></span> 
     </span>
    </p>
   </div>
  </div>
 </body>
</html>
