3859 5992
621 507 999 563 AVRELIVS
1925 493 2048 559 198
2955 500 3342 557 AVRELIVS

627 704 794 770 1220
836 700 1148 768 Aurelius
1194 699 1524 767 Canartha
1543 750 1559 783 ,
1622 701 1924 786 princeps
1977 699 2269 782 gentium
2313 697 2739 784 Baquatium,
2802 707 2989 784 pater
3029 696 3345 764 Memoris

748 806 1118 871 nominatur
1175 804 1245 869 in
1306 809 1350 868 t.
1410 802 1540 887 filii
1582 802 1685 868 VI
1716 807 1917 881 1800,·
1975 803 2044 866 in
2105 800 2317 885 lapide
2377 806 2553 865 extat
2603 799 2668 866 d.
2725 823 2811 869 m.
2874 801 3182 867 Memoris
3222 820 3348 867 mu

750 906 977 974 Aureli
1010 906 1379 973 Canarthae
1410 911 1544 983 etc„
1590 905 1941 971 memoriae
1970 903 2119 970 Aeli
2165 907 2626 987 interpretatur
2653 904 2927 982 Dessau,
2967 906 3347 988 Inscriptio-

748 1031 861 1076 nes
900 1009 1164 1076 selectae
1207 1031 1270 1075 n.
1298 1013 1422 1076 855
1461 1008 1637 1074 haud
1676 1013 1863 1075 recte.

629 1114 787 1179 1221
837 1122 990 1180 IMP.
1038 1121 1332 1177 CAESAR
1390 1122 1468 1179 M.
1513 1121 1887 1176 AVRELIVS
1951 1119 2274 1175 CARINVS
2319 1119 2724 1175 AVGVSTVS.
2814 1110 3031 1176 ,Plena
3082 1113 3345 1176 nomina

754 1214 1043 1281 exhibent
1075 1214 1248 1279 tituli
1276 1215 1681 1297 imperatoris
1708 1214 2085 1295 nummique,
2119 1212 2295 1296 apud
2320 1214 2661 1295 scriptores
2690 1212 2994 1279 Carinus,
3035 1251 3095 1258 -
3139 1212 3347 1278 Filius

753 1320 959 1384 maior
1014 1318 1104 1383 M.
1168 1315 1418 1382 Aurelii
1483 1315 1635 1381 Cari
1693 1316 1830 1379 vita
1888 1311 2046 1381 Gari
2096 1320 2195 1392 10,
2258 1337 2298 1379 a
2356 1326 2540 1401 patre
2599 1326 2947 1402 postquam
3003 1317 3348 1403 imperium

759 1420 1032 1506 adeptus
1090 1430 1217 1501 est,
1283 1418 1524 1485 Caesar
1583 1428 1995 1503 nuncupatus
2037 1419 2146 1484 vit.
2190 1417 2351 1483 Cari
2395 1423 2451 1494 7,
2496 1422 2593 1495 16,
2656 1417 2871 1483 Victor
2909 1417 3090 1486 Gaea.
3135 1422 3236 1496 38,
3283 1424 3346 1495 1,

753 1524 1028 1605 Eutrop.
1063 1527 1121 1599 9,
1151 1525 1253 1598 18,
1296 1522 1592 1605 Fpitome
1623 1523 1724 1597 38,
1755 1524 1822 1587 2.
1896 1518 2064 1584 Cum
2096 1518 2377 1587 Carinus
2410 1522 2479 1585 in
2511 1522 2747 1586 Persas
2792 1520 3121 1608 profectus
3160 1530 3348 1604 esset,

753 1625 1034 1692 Carinus
1079 1623 1321 1690 Caesar
1369 1623 1669 1688 ‘decretis
1714 1622 1837 1688 sibi
1884 1620 2118 1690 Galliis
2163 1632 2360 1709 atque
2404 1622 2616 1707 Italia,
2675 1622 2961 1709 Illyrico,
3009 1625 3351 1710 Hispaniis

756 1750 834 1792 ac
864 1727 1219 1793 Britanniis
1260 1736 1324 1791 et
1360 1725 1586 1790 Africa
1621 1726 1883 1791 relictus
1919 1747 1961 1788 a
2002 1734 2187 1811 patre
2219 1724 2699 1791 Caesareanum
2728 1728 2938 1792 tenuit
2980 1727 3348 1813 imperium,

755 1830 867 1896 sed
915 1852 991 1894 ea
1033 1828 1197 1913 lege,
1244 1838 1317 1893 ut
1361 1829 1578 1894 omnia
1621 1828 1880 1911 faceret,
1930 1849 2098 1914 quae
2127 1828 2410 1912 Augusti
2456 1829 2725 1895 faciunt'
2779 1832 2888 1897 vit.
2932 1829 3095 1895 Cari
3133 1834 3232 1907 16,
3277 1835 3348 1895 2.

750 1933 992 1999 Caesar
1026 1933 1238 2014 factus
1269 1931 1503 1996 dicitur
1530 1931 1620 1996 M.
1656 1930 1962 1996 Aurelius
1993 1929 2274 1997 Carinus
2312 1930 2752 1998 nobilissimus
2782 1932 3026 1998 Caesar
3053 1933 3148 1999 II
3162 1937 3346 2017 4103,

759 2035 943 2102 VIII
974 2038 1193 2100 10157.
1239 2037 1465 2110 10219,
1513 2033 1586 2099 Χ
1622 2037 1804 2109 8013,
1853 2034 2110 2115 passim
2167 2034 2238 2098 in
2296 2036 2570 2099 nummis
2623 2034 2835 2101 Cohen
2879 2035 2984 2102 VI
2989 2036 3015 2074 ⁸
3071 2034 3354 2103 Carinus

755 2160 818 2203 n.
851 2143 948 2205 19.
980 2142 1087 2203 25.
1119 2140 1225 2203 29.
1255 2140 1352 2202 49.
1384 2141 1489 2202 62.
1521 2141 1623 2203 63.
1659 2141 1757 2202 69.
1793 2141 1887 2201 70.
1918 2140 2179 2200 87-110
2202 2142 2312 2204 ete.
2344 2137 2440 2201 vel
2469 2138 2632 2223 Imp.
2659 2136 2901 2203 Caesar
2923 2137 3015 2203 M.
3042 2138 3350 2204 Aurelius

757 2241 1036 2308 Carinus
1081 2237 1513 2304 nobilissimus
1544 2236 1788 2303 Caesar
1829 2237 2041 2304 Gohen
2067 2260 2131 2304 n.
2164 2240 2300 2304 145.
2334 2243 2472 2305 155.
2503 2245 2644 2307 177.
2676 2244 2824 2307 182.
2857 2245 2998 2308 186.
3033 2245 3159 2308 188
3199 2244 3350 2308 item

760 2346 829 2408 in
864 2342 1346 2419 Alcoeandrinis,
1392 2343 1503 2424 qui
1534 2344 1820 2426 primum
1866 2363 2104 2407 annum
2149 2341 2369 2427 (Cari)
2414 2342 2706 2408 indicant
2744 2342 3096 2429 Gataloque
3139 2346 3218 2429 of
3249 2345 3354 2412 the

758 2445 965 2512 Greek
1009 2447 1185 2511 coins
1227 2446 1297 2509 in
1337 2444 1437 2509 the
1478 2444 1730 2509 British
1775 2445 2074 2509 Museum
2091 2495 2106 2521 ,
2154 2444 2562 2511 Alexandria
2597 2468 2668 2528 p.
2698 2451 2827 2511 317
2865 2468 2926 2511 n.
2959 2452 3349 2515 2448-2451

757 2549 838 2630 cf.
883 2547 1124 2613 Eckhel
1168 2546 1311 2612 VII
1330 2570 1403 2631 p.
1432 2551 1574 2613 516.
1639 2546 1725 2612 In
1768 2547 1973 2612 titulis
2013 2568 2482 2630 nonnumquam
2526 2547 2703 2612 haud
2744 2554 3042 2614 accurate
3088 2550 3351 2616 additur

760 2650 1097 2736 Augustus
1140 2649 1336 2715 veluti
1374 2650 1467 2716 II
1496 2653 1677 2716 3835.
1721 2654 1904 2726 4761,
1968 2650 2152 2715 VIII
2181 2654 2365 2717 5332.
2413 2655 2636 2715 10144.

891 2752 1058 2819 Caro
1090 2763 1342 2817 mortuo
1373 2776 1431 2817 a.
1463 2753 1593 2818 283
1624 2751 1904 2818 Carinus
1937 2754 2219 2838 primum
2249 2776 2396 2817 oum
2427 2754 2823 2819 Numeriano
2854 2755 3075 2839 fratre,
3116 2755 3347 2821 deinde

767 2854 940 2920 solus
973 2855 1309 2940 Augustus
1340 2856 1680 2941 imperium
1713 2856 1921 2920 tenuit
1948 2856 2055 2920 vit.
2099 2854 2261 2920 Cari
2287 2860 2386 2921 16.
2457 2857 2616 2943 Imp.
2650 2855 2892 2922 Caesar
2919 2856 3012 2924 M.
3043 2855 3347 2923 Aurelius

766 2959 1044 3025 Carinus
1090 2958 1426 3041 Augustus
1470 2959 1539 3021 in
1585 2958 1787 3023 titulis
1827 2959 2234 3040 numinisque.
2326 2958 2571 3025 Consul
2616 2961 2650 3025 I
2694 2981 2842 3025 cum
2884 2972 3070 3047 patre
3113 2985 3170 3027 a.
3203 2962 3343 3044 283,

766 3062 835 3126 11
880 3083 1026 3126 eum
1071 3061 1273 3125 fratre
1318 3082 1375 3126 a.
1422 3061 1549 3127 284
1595 3062 1773 3143 fasti.
1870 3060 2071 3147 Apud
2130 3060 2431 3145 Margum
2490 3062 2736 3148 proelio
2797 3066 3136 3130 commisso
3196 3066 3345 3131 Dio·

767 3163 1115 3228 cletianum
1160 3165 1352 3247 vicit,
1415 3163 1527 3227 sed
1589 3185 1851 3228 suorum
1900 3165 2032 3228 ictu
2078 3165 2325 3229 interiit
2369 3163 2584 3231 Victor
2622 3164 2800 3232 Cae-5.
2843 3171 2944 3244 39,
2993 3173 3101 3246 12,
3147 3169 3349 3233 minus

767 3271 1062 3332 accurate
1117 3289 1157 3330 a
1211 3265 1619 3331 Diocletiano
1680 3268 1891 3330 victus
1939 3266 2174 3331 dicitur
2215 3268 2324 3332 vit.
2371 3265 2530 3332 Gari
2570 3273 2670 3345 18,
2719 3273 2781 3346 2,
2841 3269 3116 3353 Eutrop.
3157 3275 3217 3347 9,
3260 3275 3350 3337 20

767 3365 1068 3449 (Orosius
1115 3374 1170 3445 7,
1218 3374 1323 3434 24.
1369 3368 1498 3452 25),
1560 3369 1859 3451 Epitome
1901 3372 2002 3445 38,
2048 3373 2130 3448 8,·
2172 3369 2339 3434 male
2385 3372 2449 3433 in
2495 3392 2718 3456 pugna
2760 3382 2986 3436 contra
3030 3372 3349 3438 Iulianum

767 3472 974 3538 Carus
1019 3473 1266 3537 occisus
1294 3472 1670 3555 perhibetur
1716 3473 1795 3537 ab
1844 3473 2253 3555 epitomatore
2302 3473 2544 3538 Zosimi
2588 3474 2732 3540 Zos.
2779 3481 2837 3552 1,
2883 3480 2980 3551 73,
3026 3481 3086 3541 3.

895 3576 1256 3661 Imperavit
1298 3575 1484 3639 annis
1530 3575 1596 3639 Il
1640 3574 1970 3640 mensibus
2015 3575 2118 3640 XI
2161 3574 2222 3642 d.
2269 3576 2335 3640 ΙΙ
2384 3575 2954 3661 Chronoqraphus,
3013 3581 3352 3664 scriptores

765 3679 1000 3761 reliqui
1044 3697 1253 3743 omnes
1296 3679 1567 3760 imperia
1606 3676 1769 3743 Cari
1802 3682 1862 3742 et
1898 3676 2180 3760 filiorum
2209 3678 2515 3762 compleoei
2540 3684 2720 3744 sunt:
2761 3680 3097 3747 biennium
3142 3683 3353 3749 Victor

767 3781 946 3848 Caes,
1001 3787 1102 3859 39,
1155 3786 1267 3858 13,
1333 3780 1629 3864 Epitome
1682 3784 1795 3857 38,
1856 3785 1929 3856 1,
1988 3780 2260 3863 Eutrop.
2323 3786 2382 3858 9,
2437 3785 2550 3858 18,
2616 3783 2935 3850 Eusebius
2994 3807 3231 3853 armen.
3293 3792 3352 3853 et

767 3886 1194 3969 Hieronymus
1224 3884 1436 3950 chron.
1471 3906 1542 3968 p.
1575 3888 1716 3948 186.
1748 3887 1874 3948 187
1908 3884 1988 3949 ed
2021 3883 2283 3961 Somne,
2330 3883 2457 3949 οὔδ’
2490 3886 2618 3952 ὅλοι
2654 3893 2806 3973 τρεῖς
2835 3889 3095 3955 ἐνιαυτοί
3117 3889 3350 3957 Euseb.

765 3988 912 4054 hist.
944 3988 1087 4054 eccl.
1123 3994 1178 4065 7,
1209 3993 1307 4065 30,
1354 3991 1386 4053 ὃ
1436 3989 1501 4052 δὲ
1544 3995 1649 4073 τῆς
1692 3986 1917 4053 τοότων
1965 3990 2159 4073 ἀρχῆς
2202 3987 2419 4073 χρόνος
2463 3990 2530 4054 οὐ
2575 3989 2786 4077 γέγονε
2837 3988 2976 4057 καθ’
3022 3993 3350 4080 ὁλόκληρον

763 4095 990 4178 τριετής
1045 4091 1284 4156 Zonar.
1330 4096 1445 4167 12,
1495 4095 1578 4154 30
1627 4112 1699 4173 Ρ.
1746 4093 1885 4167 157,
1929 4095 2026 4156 22
2082 4089 2174 4156 ecl.
2235 4088 2544 4174 Dindorf.
2648 4092 2950 4159 Mortuus
3006 4095 3206 4178 iyitur
3264 4100 3353 4160 est

768 4198 1005 4259 aestate
1048 4195 1182 4276 fere
1227 4214 1287 4258 a.
1333 4197 1481 4259 285.

898 4296 1119 4361 onr:
1164 4295 1435 4379 Magnia
1478 4294 1742 4360 Vrbica.

644 4400 809 4464 1222
855 4397 1217 4481 (Aurelius)
1264 4398 1538 4485 Carpus,
1586 4398 2022 4485 proo(urator)
2069 4398 2502 4482 k(astrensis),
2549 4410 2735 4487 pater
2777 4400 2866 4465 M.
2898 4399 3149 4467 Aurelii
3182 4404 3352 4471 Ster-

768 4503 908 4567 tinii
953 4503 1148 4589 Carpi
1196 4501 1299 4568 VI
1328 4507 1477 4569 727.

645 4607 808 4672 1223
852 4616 1006 4676 ΙΜΡ.
1079 4615 1374 4672 CAESAR
1438 4616 1517 4671 M.
1577 4614 1955 4670 AVRELIVS
2025 4613 2262 4670 CARVS
2323 4616 2491 4674 AVG.
2591 4605 2804 4672 Plena
2866 4608 3128 4674 nomina
3187 4607 3360 4675 tituli

766 4712 1123 4794 nwmmique
1167 4710 1572 4795 imperatoris
1616 4708 1925 4786 exhibent,
1975 4707 2183 4775 Carus
2225 4709 2402 4793 apud
2439 4712 2797 4794 scriptores.
2829 4748 2913 4758 —
2948 4711 3172 4778 Patria
3201 4712 3353 4779 Cari

772 4813 1073 4900 ambigue
1125 4814 1363 4879 tradita
1399 4824 1527 4894 est3
1588 4812 1699 4878 alii
1748 4835 1893 4877 eum
1940 4814 2204 4895 Romae,
2267 4813 2376 4878 alii
2418 4814 2484 4877 in
2523 4813 2806 4899 Illyrico,
2853 4813 2963 4879 alii
3007 4813 3353 4880 Mediolani

770 4928 995 4983 natum
1056 4939 1196 4984 esse
1255 4917 1647 4983 rettulerunt
1686 4917 1821 4981 vita
1859 4921 1937 4995 4,·
1994 4915 2299 4982 Narbone
2358 4926 2549 4982 natus
2609 4916 2822 4983 Victor
2874 4916 3053 4983 GaeS.
3097 4922 3199 4995 39,
3255 4922 3352 4995 13,

771 5023 1069 5108 Epitome
1096 5026 1198 5101 38,
1229 5022 1501 5106 Eutrop.
1536 5026 1595 5099 9,
1626 5024 1728 5098 18,
1776 5019 1998 5087 Sidon.
2031 5020 2246 5104 Apoll.
2281 5042 2473 5086 carm.
2505 5025 2611 5099 23,
2646 5025 2747 5099 93,
2792 5022 2858 5087 τὸ
2887 5019 3058 5108 γένος
3089 5021 3359 5107 Γαλάτης

771 5127 1011 5195 Zonar.
1046 5131 1154 5204 12,
1184 5131 1264 5192 30
1296 5156 1380 5179 =
1411 5124 1680 5211 Syncell.
1699 5145 1775 5209 p.
1810 5128 1954 5192 724.
2035 5123 2197 5188 Dux
2227 5145 2311 5188 ex
2341 5122 2687 5209 disciplina
2720 5122 2981 5190 militari
3019 5121 3216 5189 Probi
3247 5125 3354 5189 vit.
