3859 5992
1290 1898 1852 1975 PRAEFATIO
1915 1898 2372 1975 EDITORIS

640 2231 998 2314 Postquam
1042 2250 1122 2298 ea
1160 2248 1328 2314 quae
1370 2230 1719 2315 scriptores
1749 2228 1999 2314 antiqui
2029 2229 2433 2297 tradiderunt
2462 2251 2606 2298 cum
2638 2232 2948 2303 memoria
2978 2252 3199 2300 earum

448 2369 684 2417 rerum
740 2348 826 2417 de
880 2348 1111 2434 quibus
1165 2357 1584 2415 monumenta
1638 2348 1995 2416 certissime
2050 2356 2370 2417 testantur
2421 2349 2723 2435 coniungi
2773 2358 2969 2436 atque
3037 2373 3202 2420 com-

456 2470 626 2556 poni
679 2474 914 2555 coepta
969 2476 1139 2554 sunt,
1196 2488 1338 2535 cum
1396 2467 1593 2536 totius
1649 2467 1787 2536 fere
1840 2468 2246 2553 antiquitatis
2312 2469 2583 2537 historia
2650 2472 2910 2540 saeculo
2976 2480 3200 2540 nostro

455 2596 766 2657 correcta
829 2595 1022 2656 aucta
1087 2585 1484 2673 amplificata
1550 2588 1652 2673 sit,
1721 2595 1854 2654 tum
1920 2595 2106 2656 aetas
2159 2589 2595 2656 Romanorum
2647 2590 3066 2678 imperatoria
3117 2614 3201 2661 ex

446 2709 713 2795 ingenti
768 2714 1326 2775 monumentorum
1397 2707 1585 2794 copia
1638 2709 1823 2793 quasi
1889 2729 2064 2776 nova
2128 2708 2410 2794 quadam
2477 2710 2622 2779 luce
2685 2711 3012 2780 illustrata
3079 2721 3199 2781 est.

452 2832 685 2914 Atque
732 2828 930 2897 etiam
975 2828 1307 2895 hominum
1353 2828 1461 2913 qui
1507 2829 1625 2895 illa
1668 2837 1887 2898 aetate
1931 2831 2038 2898 vel
2080 2828 2148 2894 iu
2195 2827 2389 2896 rebus
2432 2828 2707 2915 publicis
2735 2832 2842 2899 vel
2870 2833 2938 2899 in
2971 2832 3201 2901 litteris

461 2949 636 3016 clari
680 2948 941 3016 fuerunt
986 2948 1360 3015 memoriam
1409 2970 1553 3015 cum
1600 2950 1841 3035 scripta
1886 2970 2054 3035 quae
2084 2957 2363 3018 aetatem
2396 2950 2682 3017 tulerunt
2718 2972 3015 3020 mancam
3057 2955 3202 3021 reli·

457 3069 764 3154 quissent
807 3070 915 3137 vel
957 3068 1192 3135 iniuria
1235 3075 1594 3156 temporum
1636 3090 1900 3155 prorsus
1945 3069 2273 3138 oblivione
2325 3069 2662 3155 obruisset,
2707 3072 3014 3139 adhibitis
3057 3074 3204 3141 titu-

449 3191 671 3258 lorum
745 3208 1278 3273 nummorumque
1349 3189 1737 3257 testimoniis
1802 3189 2230 3274 redintegrari
2284 3210 2478 3276 posse
2529 3190 2814 3257 virorum
2867 3193 3201 3261 doctorum

458 3309 902 3396 temptamina
944 3309 1262 3395 quaedam
1312 3309 1516 3378 veluti
1561 3310 1808 3378 indices
1852 3310 1937 3376 ad
1984 3308 2179 3375 Plinii
2223 3309 2537 3394 epistulas
2578 3329 2621 3376 a
2649 3311 3069 3401 Mommseno,
3114 3316 3202 3382 ad

452 3432 627 3497 Acta
679 3430 1015 3498 Arvalium
1081 3429 1166 3496 ab
1219 3431 1531 3497 Henzeno
1599 3429 1875 3497 confecti
1953 3428 2250 3496 omnibus
2315 3435 2470 3497 ante
2537 3431 2760 3498 oculos
2826 3441 3199 3517 posuerant.

462 3548 596 3629 Qui
642 3548 894 3617 iudices
938 3569 1326 3635 quamquam
1372 3548 1530 3616 artis
1573 3549 1809 3616 finibus
1854 3549 2316 3635 circumscripti
2363 3556 2567 3635 erant,
2610 3570 2754 3616 cum
2801 3572 3002 3637 opera
3039 3553 3203 3620 eius·

453 3671 642 3738 modi
694 3672 1085 3757 permultum
1128 3671 1215 3737 ad
1259 3670 1497 3737 aetatis
1541 3670 1999 3756 imperatoriae
2051 3671 2386 3738 meliorem
2430 3670 2863 3754 cognitionem
2908 3671 3202 3740 conferre

452 3810 657 3878 posse
712 3790 1071 3859 luculenter
1126 3791 1702 3877 demonstrassent,
1746 3789 2104 3858 Academia
2147 3791 2354 3874 Regia
2396 3789 2741 3857 Borussica
2793 3790 3081 3860 decrerit
3133 3799 3202 3859 ut

456 3913 666 3979 totius
721 3911 961 3979 aetatis
1020 3910 1419 3997 principatus
1474 3912 1628 3979 inde
1669 3911 1756 3978 ab
1801 3912 2094 3996 Augusto
2138 3930 2342 3994 usque
2394 3908 2480 3976 ad
2524 3909 3001 3979 Diocletianum
3050 3913 3203 3979 Pro-

460 4031 916 4119 sopographia
971 4032 1375 4119 conderetur,
1430 4054 1508 4100 eo
1563 4032 1834 4100 consilio
1893 4039 1968 4099 ut
2019 4049 2441 4116 quaecunque
2494 4029 2578 4097 de
2621 4030 2988 4098 hominibus
3030 4031 3203 4098 illius

451 4153 701 4221 aetatis
786 4152 1185 4219 notabilibus
1277 4153 1384 4220 vel
1462 4173 1580 4238 per
1663 4151 2013 4238 scriptores
2088 4149 2196 4217 vel
2287 4169 2402 4236 per
2471 4150 2695 4253 titulos
2775 4172 3201 4237 nummosque

453 4272 818 4342 memoriae
884 4272 1126 4340 tradita
1206 4278 1356 4339 sunt
1421 4272 1877 4356 colligerentur
1945 4278 2012 4339 et
2076 4278 2633 4358 componerentur.
2734 4270 2934 4338 Cuius
2987 4271 3200 4357 operis

454 4413 687 4462 curam
744 4392 1103 4459 Academia
1165 4412 1436 4459 munere
1505 4391 1830 4478 tripartito
1897 4391 2188 4458 Elimaro
2234 4390 2459 4476 Klebs,
2504 4392 2879 4459 Hermanno
2925 4393 3201 4476 Dessau,

452 4515 667 4582 Paulo
711 4534 844 4580 von
890 4513 1167 4581 Rohdeu
1221 4513 1579 4581 mandavit.
1680 4513 1894 4597 Atque
1949 4513 2254 4579 volumen
2313 4512 2586 4596 primum
2634 4510 2860 4596 Klebs,
2923 4512 3199 4577 alterum

453 4638 719 4703 Dessau
764 4633 1076 4721 confecit3
1132 4634 1393 4701 tertium
1439 4655 1523 4702 ne
1568 4633 1759 4701 simul
1802 4655 1947 4701 cum
1991 4633 2093 4699 his
2138 4651 2306 4718 quae
2350 4652 2519 4698 nunc
2563 4630 2629 4698 in
2660 4631 2983 4717 publicum
3017 4632 3203 4717 prod-

452 4761 620 4824 eunt
663 4755 988 4839 ederetur,
1056 4753 1274 4838 gravis
1317 4755 1502 4822 Pauli
1556 4775 1689 4822 von
1735 4753 2012 4821 Rohdeu
2055 4752 2363 4820 valetudo
2419 4750 2687 4819 obstitit.
2777 4751 2962 4819 Vnde
3027 4751 3200 4818 tertii

452 4873 809 4942 voluminis
874 4876 962 4942 ad
1027 4874 1219 4943 finem
1286 4874 1683 4961 perducendi
1751 4893 1974 4940 curam
2041 4873 2296 4940 Dessau
2362 4870 2430 4938 in
2506 4892 2578 4938 se
2645 4871 2947 4957 suscepit.
3055 4869 3197 4950 Quo

452 4993 753 5062 confecto
835 5000 1135 5080 quartum
1208 4996 1452 5063 addere
1527 4995 1592 5062 in
1670 4994 1888 5060 animo
1967 5000 2086 5077 est,
2162 4993 2358 5076 quod·
2408 4991 2612 5058 fastos
2683 4991 3059 5059 consulares
3133 4998 3199 5059 et

451 5116 810 5183 laterculos
864 5136 1085 5184 eorum
1144 5117 1251 5200 qui
1307 5115 1661 5183 honoribus
1716 5122 1782 5182 et
1834 5111 2206 5180 muneribus
2259 5111 2535 5197 publicis
2585 5111 2786 5179 functi
2838 5117 2987 5196 sunt
3051 5130 3199 5177 con-

452 5234 707 5303 tinebit.
