3859 5992
522 548 835 606 Amclvs
1853 542 1936 606 56
2883 550 3238 611 ANNAEVS

653 748 914 812 Primus
978 746 1151 834 pilus
1216 746 1341 831 leg.
1402 746 1537 812 XII
1610 745 2056 830 Fulminatae‚
2121 747 2488 833 praefectus
2555 754 2916 813 castrorum
2980 747 3105 833 leg.
3171 750 3240 815 H

650 849 987 934 Augustae
1054 853 1122 916 in
1189 850 1561 931 Britannia,
1626 848 1991 935 praefectus
2058 850 2380 914 exercitus
2442 851 2552 936 qui
2620 860 2719 915 est
2776 853 2844 916 in
2902 852 3238 939 Aegypt03

657 951 935 1019 donatus
1004 953 1087 1017 ab
1168 954 1555 1038 imperatore
1623 950 1902 1038 (Gaiff)
1969 951 2158 1016 donis
2228 951 2617 1018 militaribus
2689 956 2757 1018 in
2831 955 3241 1041 expeditione

652 1053 839 1139 (quae
895 1055 1194 1140 tacetur),
1262 1055 1614 1121 honoratus
1677 1076 1918 1118 corona
1978 1053 2209 1120 murali
2270 1066 2334 1121 et
2393 1055 2580 1121 hasta
2638 1078 2803 1142 pura
2862 1057 2944 1123 ob
3000 1057 3238 1124 bellum

650 1159 1106 1224 Britannicum
1164 1157 1597 1242 (imperatoris
1650 1156 1918 1223 Claudii
1973 1179 2033 1226 a.
2078 1158 2204 1241 43).
2251 1195 2328 1207 —
2387 1160 2760 1225 Praefectus
2806 1160 2925 1227 Cn.
2973 1162 3240 1227 Domitii

650 1260 1072 1327 Ahenobarbi
1120 1261 1420 1344 (consulis
1465 1282 1527 1325 a.
1556 1265 1647 1326 32
1676 1282 1748 1343 p.
1794 1258 1865 1325 G.
1911 1260 1984 1324 in
2034 1259 2372 1326 duovirata
2411 1262 2836 1344 Antiochiae).

540 1400 627 1411 —
694 1374 757 1430 C.
804 1371 1086 1429 MATIVS
1146 1363 1268 1447 (vel
1309 1372 1598 1427 MATTIV
1602 1362 1669 1444 S)
1727 1371 2071 1427 SABINIVS
2133 1372 2495 1429 SVLLINVS
2553 1374 3015 1429 VATINIANVS
3077 1377 3237 1431 ANI-

661 1476 825 1532 GIVS
872 1472 1219 1531 MAXIMVS
1268 1474 1755 1530 CAESVLENVS
1802 1474 2214 1530 MARTIALIS
2260 1474 2608 1530 PISIBANV
2612 1476 2648 1530 S
2693 1476 3032 1535 LEPIDVS.

520 1570 647 1636 445
691 1578 995 1634 ANIGIVS
1026 1579 1331 1651 PROBVS,
1368 1570 1472 1633 vir
1502 1568 1897 1633 clarissimus
1931 1569 2006 1633 in
2034 1567 2294 1634 lamella
2322 1590 2552 1634 aenea:
2583 1568 2816 1634 Aincio
2848 1571 2987 1654 (sic)
3026 1572 3235 1637 Probo

648 1693 750 1738 vc.
798 1682 863 1736 et
906 1671 1184 1737 Anicihe
1226 1672 1365 1756 (sic)
1412 1671 1630 1737 Probe
1674 1694 1728 1736 c.
1776 1669 1867 1756 [fi]
1911 1671 2101 1736 XIV
2116 1676 2305 1748 4120,
2344 1676 2411 1750 2,
2457 1672 2734 1754 fortasse
2774 1672 3014 1738 saeculi
3054 1675 3234 1741 IIII.

522 1774 651 1840 446
695 1774 933 1840 Anicia
975 1777 1320 1859 Postuma,
1370 1773 1523 1840 Sex.
1570 1774 1647 1858 f.,
1702 1772 1978 1857 Etril(ii)
2022 1772 2170 1839 Afri
2218 1774 2440 1857 (uxor)
2485 1774 2802 1840 honorata
2845 1797 2888 1840 a
2930 1775 3235 1861 col(onia)

653 1876 1008 1961 Aug(usta)
1055 1875 1403 1960 Gem(ella)
1449 1877 1541 1943 II
1573 1881 1737 1942 1674
1779 1881 1823 1941 t.
1876 1877 2276 1945 Tuccitanua

522 1980 649 2046 447
693 1988 958 2045 ANICIA
1003 1989 1266 2063 PROBA,
1316 1978 1674 2044 clarissima
1715 1978 1959 2044 femina
2000 1979 2141 2045 vide
2182 2001 2246 2048 n.
2275 1984 2415 2045 445.

522 2082 648 2148 448
693 2082 975 2148 Aninius
1005 2083 1229 2149 Macer
1260 2082 1569 2165 (traditur
1598 2083 1813 2147 animo
1834 2103 1963 2164 pro
1993 2082 2283 2167 Aninio),
2329 2092 2546 2147 orator
2575 2084 2885 2166 Graecus,
2935 2086 3237 2169 magister

650 2184 857 2250 Marci
904 2187 1306 2273 imperatoris
1349 2185 1458 2251 vit.
1509 2185 1734 2250 Marci
1774 2189 1840 2263 2,
1879 2190 1941 2250 4.

522 2287 649 2353 449
692 2297 772 2352 Μ.
819 2289 1251 2372 (ANNAEVS),
1299 2285 1470 2351 filius
1513 2288 1590 2352 L.
1637 2287 1891 2353 Annaei
1941 2287 2261 2369 Senecae,
2314 2309 2512 2372 nepos
2559 2286 2850 2371 Helviae,
2900 2288 3237 2356 blandissi-

651 2412 795 2455 mus
840 2413 1002 2476 puer
1047 2390 1291 2457 Seneca
1335 2389 1423 2454 ad
1462 2390 1763 2455 Helviam
1808 2394 1908 2468 18,
1960 2394 2129 2469 4-6;
2187 2392 2306 2454 ‘sic
2351 2389 2525 2454 dulci
2584 2389 2847 2456 Marcus
2898 2395 3012 2478 qui
3067 2415 3239 2459 nunc

653 2515 948 2558 sermone
979 2494 1278 2577 fritinnit,
1305 2492 1584 2558 facundo
1615 2504 1883 2580 patruos
1913 2504 2227 2579 provocet
2257 2515 2367 2557 ore
2397 2492 2583 2557 duos’
2607 2492 2850 2560 Seneca
2872 2495 3236 2579 epiyramm.

648 2614 837 2678 semer
895 2596 1089 2662 exilio
1140 2599 1204 2673 8,
1247 2599 1306 2663 5.
1361 2632 1447 2640 -
1489 2595 1595 2661 Ab
1655 2596 1770 2660 hoc
1788 2646 1803 2672 ,
1866 2617 2046 2677 quem
2093 2600 2288 2678 pater
2331 2596 2401 2660 in
2445 2595 2704 2660 exilium
2751 2596 2983 2680 pulsus
3038 2600 3239 2664 vivum

650 2698 897 2764 Romae
952 2698 1334 2782 reliquerat,
1389 2698 1866 2781 distinyuendus
1918 2702 2010 2762 est
2067 2697 2232 2762 alter
2289 2698 2464 2781 filius
2481 2749 2497 2775 ,
2556 2720 2753 2784 quem
2798 2699 3037 2764 Helvia
3092 2702 3242 2766 avia

651 2801 844 2886 paulo
890 2811 1041 2867 ante
1085 2802 1353 2866 exilium
1400 2800 1689 2866 Senecae
1733 2801 2152 2865 funeraverat
2196 2799 2439 2866 Seneca
2483 2800 2571 2865 acl
2600 2800 2898 2866 Helviam
2941 2807 3006 2880 2,
3052 2805 3110 2868 5.

529 2905 656 2970 450
699 2904 775 2969 L.
822 2904 1133 2970 Annaeus
1179 2904 1506 2970 Cornutus
1554 2903 1973 2986 (praenomen
2029 2903 2204 2967 solus
2259 2904 2534 2968 servavit
2571 2902 2914 2970 Charisius
2954 2903 3239 2971 Gramm.

659 3009 807 3075 Lat.
841 3008 892 3073 I
908 3014 1054 3087 127,
1104 3013 1374 3073 ceterum
1404 3007 1714 3072 Annaeus
1746 3006 2074 3072 Cornutus
2119 3007 2247 3071 sive
2285 3005 2656 3091 Cornutus),
2689 3009 2976 3095 Λεπτίτης
3006 3008 3244 3075 Suidas

659 3130 711 3177 s,
755 3130 810 3174 v.
855 3108 1220 3198 Κορνοῦτος,
1278 3109 1711 3176 Thevestinus
1765 3108 2071 3192 Stephan.
2116 3108 2389 3192 Byzant.
2445 3129 2495 3176 8.
2540 3130 2595 3174 v.
2642 3110 2849 3181 Θέστις
2906 3115 2966 3175 et
3015 3109 3241 3198 Τέργις.

659 3212 833 3276 Nero
879 3234 1027 3278 eum
1064 3213 1145 3278 de
1184 3213 1413 3278 studiis
1458 3214 1726 3299 poeticis
1773 3211 2115 3293 consuluit,
2164 3211 2278 3276 sed
2322 3211 2591 3278 liberius
2636 3211 2917 3278 locutum
2963 3215 3031 3278 in
3073 3216 3244 3278 insu-

660 3312 790 3380 lam
835 3315 1151 3399 relegavit
1193 3337 1362 3381 anno
1390 3317 1474 3382 62
1514 3316 1647 3381 Dio
1676 3320 1782 3393 62,
1811 3321 1901 3381 29
1947 3315 2145 3397 (Nero
2179 3314 2543 3381 Cornutum
2580 3314 3034 3402 philosophum
3063 3338 3243 3403 prae-

659 3430 981 3506 ceptorem
1023 3420 1231 3484 Persii
1276 3421 1344 3483 in
1390 3417 1659 3483 exilium
1696 3418 1883 3501 fugat
1907 3418 2276 3500 Hieronym.
2310 3418 2398 3483 ad
2425 3442 2485 3483 a.
2517 3418 2678 3484 Abr.
2708 3423 2885 3486 2083
2905 3418 3243 3486 =Euseb.

659 3523 923 3588 Armen-
951 3522 1161 3599 2080‚·
1203 3525 1348 3610 πρὸς
1378 3523 1558 3588 αὐτοῦ
1604 3522 1713 3602 (=-
1746 3520 2051 3608 Νέρωνος)
2096 3523 2425 3609 ἀναιρεθεὶς
2462 3523 2566 3588 σὺν
2595 3528 2686 3610 τῷ
2712 3520 3048 3611 Μουσωνίῳ
3077 3521 3247 3603 falso

661 3624 903 3691 Suidas
933 3624 974 3694 l.
1001 3624 1091 3709 l.).
1138 3624 1408 3690 Amicus
1450 3634 1515 3688 et
1556 3626 1866 3708 magister
1897 3625 2105 3688 Persii
2135 3625 2241 3689 vit.
2276 3623 2476 3701 Pera,
2513 3624 2687 3690 Suet.
2719 3624 2832 3689 rel.
2868 3622 3241 3702 Reiffersch.

540 3772 551 3781 ·
661 3750 735 3811 p.
784 3732 895 3808 73,
940 3730 1309 3811 Hieronym.
1360 3727 1402 3793 l.
1450 3726 1509 3804 l.,
1561 3730 1670 3814 qui
1719 3726 1948 3811 legatis
1995 3748 2142 3791 eum
2196 3726 2538 3792 honoravit
2582 3727 2755 3795 Suet.
2789 3749 2863 3810 p.
2912 3732 3008 3791 74.
3095 3725 3248 3792 Car-

659 3833 835 3896 mina
880 3833 1088 3897 Persii
1145 3831 1434 3895 defuncti
1487 3830 1718 3895 leviter
1766 3830 2148 3894 retractavit
2206 3839 2271 3893 et
2324 3829 2553 3895 Caesio
2599 3831 2801 3896 Basso
2847 3831 3120 3915 petenti,
3170 3840 3243 3893 ut

634 3966 642 3982 ¹-
658 3937 779 4021 ipsi
826 3934 1104 4017 cederet,
1151 3933 1422 3999 tradidit
1466 3933 1717 3998 edenda
1762 3933 1927 4011 ibcl.‚·
1971 3955 2233 3997 versum
2280 3934 2486 3997 Persii
2529 3935 2804 3998 mutavit
2844 3934 3112 4015 veritus,
3161 3953 3242 3996 ne

656 4039 830 4103 Nero
892 4040 957 4102 in
998 4060 1069 4101 se
1113 4036 1357 4101 dictum
1402 4046 1669 4123 putaret
1704 4036 1897 4101 schol.
1946 4036 2033 4101 ad
2074 4034 2253 4102 PerS.
2303 4042 2372 4113 1,
2422 4040 2565 4103 121.
2669 4036 2929 4100 Persius
2987 4035 3244 4120 scripsit

658 4140 741 4205 ad
802 4162 949 4204 eum
1007 4141 1269 4204 satiram
1329 4140 1620 4225 quintam
1688 4140 1794 4224 (cf.
1854 4138 2044 4205 schol.
2089 4142 2162 4217 5,
2207 4144 2266 4205 1.
2311 4140 2450 4219 22),
2519 4137 2634 4203 ubi
2677 4137 3054 4223 adloquitur
3097 4159 3240 4201 eum

655 4264 712 4307 v.
758 4247 851 4308 23
878 4262 1030 4325 sqq„
1075 4264 1130 4310 v.
1178 4247 1261 4307 36
1290 4262 1440 4324 sqq„
1484 4263 1539 4309 υ.
1584 4247 1673 4309 62
1702 4262 1829 4324 sqq.

787 4345 1218 4431 Philosophus
1279 4346 1538 4411 Stoicus
1598 4345 1890 4423 Persiiae,
1953 4344 2415 4428 Hieronymus,
2479 4342 2719 4409 Suidas
2777 4342 2818 4407 l.
2865 4343 2905 4407 l.
2972 4340 3243 4431 Ἔγραψε

582 4536 587 4543 Α
658 4450 853 4515 πολλὰ
899 4449 1202 4536 φιλόσοφοί
1243 4473 1310 4513 τε
1352 4451 1452 4514 καὶ
1495 4451 1774 4537 ῥητορικά
1817 4448 2079 4514 SuidaS.
2179 4447 2454 4532 Scripsit
2495 4450 2640 4534 πρὸς
2687 4445 3105 4534 Ἀθηνόδωρον
3147 4448 3244 4512 καὶ

570 4606 576 4611 .
662 4552 1104 4639 Ἀριστοτέλην,
1165 4554 1297 4639 περὶ
1340 4559 1445 4638 τῆς
1488 4559 1605 4619 τῶν
1651 4554 1812 4618 θεῶν
1859 4551 2099 4639 φύσεως
2150 4548 2286 4633 (qui
2344 4551 2501 4613 liber
2563 4555 2734 4614 eattat
2796 4550 2878 4632 ef.
2927 4550 3003 4614 de
3062 4549 3244 4614 libm's

657 4654 1117 4739 philosophicis
1170 4654 1439 4720 Cornuti
1483 4653 1710 4733 Zeller,
1771 4654 2181 4737 Philosophie
2228 4654 2286 4717 cl.
2331 4652 2644 4717 Griechcn
2697 4653 2830 4717 III
2861 4658 2899 4716 1
2945 4674 3019 4734 1).
3066 4650 3244 4735 690),-

654 4759 861 4845 τέχναι
905 4760 1232 4845 ῥητορικαί,
1281 4779 1442 4840 quae
1487 4758 1767 4821 citantur
1818 4758 1888 4821 in
1932 4756 2189 4821 scholiis
2234 4756 2320 4820 ad
2363 4756 2738 4838 Hermoyen.
2788 4760 2910 4818 art.
2956 4754 3111 4819 rhet.
3159 4754 3241 4837 ef.

655 4861 728 4927 Ο.
775 4860 959 4926 Jahn
1002 4861 1250 4944 proley.
1299 4861 1386 4925 acl
1429 4859 1607 4925 Pera.
1657 4883 1728 4942 p.
1768 4860 1964 4925 XIV.
2066 4859 2375 4924 Annaeus
2436 4858 2765 4924 Cornutus
2826 4861 2894 4922 in
2960 4856 3242 4923 secundo

655 4963 990 5045 librorum,
1041 4986 1203 5049 quos
1249 4963 1330 5027 de
1380 4964 1605 5047 figuris
1666 4965 2137 5027 sententiarum
2195 4963 2557 5047 composuit
2595 4960 2758 5028 Gell.
2805 4965 2863 5037 9,
2910 4965 3010 5037 10,
3054 4963 3113 5024 5.
3164 4998 3240 5007 —

658 5066 968 5130 Nonnulli
1027 5060 1436 5149 grammatici
1479 5103 1567 5113 —
1606 5103 1683 5112 -—
1734 5068 1801 5129 in
1861 5065 2099 5152 quibus
2157 5075 2253 5129 est
2308 5065 2635 5130 Cornutus
2680 5063 2988 5129 Annaeus
3035 5098 3116 5106 —-
3167 5101 3237 5108 —

651 5170 765 5256 qui
796 5172 1261 5235 commentaria
1291 5172 1353 5234 in
1388 5168 1749 5252 Vergilium
1782 5181 2286 5255 composuerunt
2325 5167 2489 5235 Gell.
2521 5174 2587 5245 2,
2620 5172 2678 5246 6,
2709 5172 2781 5247 1,·
2828 5167 2907 5231 L.
2936 5165 3244 5230 Annaeus
