3859 5992
556 568 933 625 ANTONIVS
1855 563 1880 626 l
1895 561 1978 626 02
2886 569 3264 628 ANTONIVS

811 766 945 833 Sub
989 767 1240 832 nomine
1275 765 1550 832 Antonii
1575 767 1811 832 Musae
1853 767 2148 848 fei-antw-
2193 766 2439 832 libellus
2482 766 2565 831 de
2608 767 2853 834 tuenda
2894 768 3264 835 valetudine

682 869 767 934 ad
795 869 1234 933 Maecenatem
1274 869 1372 952 (in
1402 869 1637 935 Musae
1667 869 1940 935 editione
1978 868 2258 934 Caldani
2287 892 2360 953 p.
2392 873 2710 947 105-117‚
2754 870 2921 935 idem
2961 873 3266 954 repetitur

683 972 857 1055 apud
900 971 992 1036 M
985 971 1287 1037 arcellam
1328 972 1731 1056 Empe-ioum
1774 994 1847 1056 p.
1891 976 2103 1037 9—13
2153 972 2246 1037 ed.
2290 971 2655 1037 Helmreich
2696 974 2811 1038 sab
2854 973 3265 1057 i‘nsomptione

687 1074 988 1160 ‘epistula
1045 1073 1173 1138 alia
1233 1074 1522 1139 eiusdem
1582 1076 2002 1161 Hippocratis
2060 1096 2147 1139 ex
2189 1076 2441 1142 Graeco
2501 1074 2812 1141 translata
2870 1076 2954 1140 ad
3011 1077 3261 1142 Maece·

679 1180 953 1261 natem')
1000 1182 1059 1242 et
1093 1177 1164 1241 in
1193 1177 1379 1242 libris
1405 1198 1602 1242 manu
1629 1178 1886 1260 scriptis
1910 1177 1994 1241 de
2026 1176 2227 1242 herba
2256 1177 2559 1243 betonica
2585 1179 2952 1261 praemissa
2994 1179 3267 1263 epistula

682 1280 770 1345 ad
812 1280 912 1345 M.
956 1279 1321 1363 Aqrippam
1335 1328 1352 1356 ,
1406 1280 1488 1361 ef.
1544 1279 2116 1362 Teuffel-Schwabe
2132 1329 2147 1357 ,
2208 1280 2545 1346 Romische
2587 1282 3265 1365 Isiteraturyeschiehte

684 1404 757 1466 p.
795 1383 976 1450 6215.

551 1487 669 1550 681
737 1485 815 1551 L.
875 1484 1201 1550 Antonius
1258 1485 1434 1550 Naso
1492 1489 1881 1550 memoratur
1936 1486 2007 1550 in
2064 1489 2106 1550 t.
2155 1484 2503 1568 Bithyniae
2545 1486 2681 1553 III
2726 1487 2796 1554 S.
2843 1492 3007 1554 6993
3047 1489 3264 1571 posito

682 1608 848 1652 anno
896 1592 994 1665 78,
1039 1588 1110 1652 in
1150 1588 1422 1653 nummis
1466 1587 1811 1671 Bithyniae
1863 1588 1930 1671 a)
1976 1588 2046 1652 in
2075 1591 2274 1671 parte
2317 1587 2585 1653 adversa
2628 1609 2768 1653 eam
2811 1590 3019 1672 eapite
3061 1595 3122 1655 et
3166 1591 3263 1656 in-

678 1690 1019 1772 scriptione
1066 1689 1470 1773 Vespasiani,
1532 1691 1606 1754 in
1648 1710 1905 1755 aversa:
1963 1692 2060 1755 ἐπὶ
2115 1691 2188 1755 Λ.
2237 1688 2553 1756 Ἀντωνίου
2597 1690 2652 1757 N
2656 1694 2884 1763 οἱσωνος
2928 1693 3262 1780 ἐπιτρόπου,

679 1792 931 1859 Βιθυνία
979 1791 1223 1857 Eckhel
1270 1792 1362 1857 II
1398 1814 1469 1874 p.
1516 1797 1672 1869 404,
1735 1795 1829 1858 ἐπὶ
1886 1794 2139 1858 Λουκίου
2202 1790 2521 1859 Ἀντωνίου
2580 1793 2868 1866 Νάσωνος
2925 1796 3260 1883 ἐπιτρόπου,

677 1895 927 1963 Βιθυνία
979 1895 1049 1960 in
1107 1894 1383 1978 exemplo
1441 1895 1822 1961 Monacensi
1873 1895 2182 1978 descripto
2228 1896 2309 1961 ab
2357 1896 2945 1979 Imhoof-Blumer5
3013 1899 3076 1985 b)
3122 1920 3262 1965 cam

677 2000 882 2082 eapite
919 1998 1287 2064 Domitiani
1323 1997 1642 2077 Caesaris,
1689 2001 1760 2064 in
1805 2021 2030 2067 aversa
2075 2022 2215 2066 oum
2257 1999 2472 2067 eadem
2510 2002 2922 2084 insmptione
2966 2008 3152 2086 atque
3194 2005 3265 2069 in

681 2105 747 2189 a)
811 2103 1129 2188 Boryhesi
1191 2125 1332 2187 opp.
1385 2104 1437 2168 I
1475 2107 1598 2170 509
1664 2105 1856 2188 (male
1918 2106 2222 2188 descripti
2284 2106 2581 2171 Miovmet
2644 2105 2707 2171 V
2737 2128 2811 2190 p.
2856 2111 3009 2185 174,
3069 2110 3258 2183 1012,

694 2206 796 2273 VI
813 2228 885 2290 Ρ.
916 2211 1056 2284 687,
1100 2206 1269 2288 505).

806 2310 882 2374 L.
929 2307 1255 2374 Antonius
1299 2309 1475 2374 Naso
1520 2310 1651 2387 tit„
1696 2311 1975 2389 nummi5
2018 2310 2345 2376 Antonius
2390 2312 2563 2377 Naso
2617 2312 2766 2377 Tae.
2812 2311 2873 2376 h.
2922 2316 2983 2390 1,
3028 2316 3138 2378 20.
3180 2347 3266 2357 -

679 2411 1015 2478 Tribunus
1059 2412 1618 2497 praetorianorum
1649 2433 1689 2475 a
1722 2411 1940 2478 Galba
1982 2435 2205 2478 mense
2234 2414 2541 2479 Ianuario
2586 2436 2645 2480 a.
2676 2414 2760 2481 69
2806 2424 3264 2480 exauctoratus

684 2515 832 2580 Tae.
876 2515 917 2579 l.
961 2515 1039 2595 l.;
1081 2524 1467 2601 procurator
1509 2514 1896 2601 Vespasiani
1942 2525 2007 2581 et
2051 2517 2185 2582 Titi
2229 2516 2580 2601 Bithyniae
2623 2541 2683 2582 a.
2714 2518 2794 2583 78
2842 2519 2959 2594 tit„
3000 2518 3261 2583 nummi.

540 2618 674 2684 682
718 2617 1043 2683 Antonius
1086 2617 1353 2701 Natalis,
1404 2639 1603 2704 eques
1635 2619 1986 2700 Romanus,
2033 2620 2497 2684 coniurationis
2528 2620 2916 2685 Pisonianae
2959 2622 3027 2684 in
3063 2620 3262 2684 Nero-

676 2742 825 2786 nem
870 2722 1195 2807 particeps
1239 2743 1298 2787 a.
1345 2722 1428 2788 65
1481 2721 1630 2786 Tac.
1679 2741 1739 2786 a.
1786 2723 1884 2798 15,
1915 2724 2038 2800 5o;
2080 2721 2321 2787 indicio
2360 2723 2812 2810 impunitatem
2856 2725 3092 2789 meruit
3130 2722 3259 2792 ibd.

677 2827 776 2901 15,
816 2828 915 2888 56.
963 2829 1062 2888 60.
1113 2828 1226 2903 71,·
1268 2824 1636 2889 nominatur
1679 2823 1809 2888 ibd.
1840 2828 1939 2901 15,
1983 2828 2083 2890 54.
2127 2828 2227 2891 55.

548 2927 674 2992 683
718 2925 1043 2991 Antonius
1073 2925 1404 3011 Novellus,
1451 2925 1889 3013 primipilaria
1938 2949 2105 2993 unus
2144 2950 2230 2993 ex
2274 2928 2552 2994 ducibus
2598 2926 2820 2994 classis
2851 2928 3262 2995 Othonianae

683 3030 830 3095 Tac.
862 3028 923 3095 h.
954 3034 1013 3106 1,
1045 3033 1135 3093 87
1143 3049 1165 3107 ,·
1206 3034 1272 3107 2,
1307 3034 1416 3095 12.

565 3171 654 3182 --
718 3133 836 3216 (M.
882 3132 1233 3216 Antonius)
1280 3131 1517 3198 Pallas.

546 3237 673 3301 684
715 3245 795 3302 M.
840 3243 1219 3299 ANTONIVS
1266 3244 1571 3317 PALLAS,
1621 3232 1849 3299 consul
1887 3234 2088 3318 (suff.)
2135 3258 2194 3300 a.
2236 3236 2379 3300 167.
2443 3236 2524 3316 Q.
2557 3234 2843 3301 Caecilio
2880 3236 3257 3302 Dentiliano

675 3338 769 3403 M.
813 3338 1101 3403 Antonio
1147 3336 1442 3402 Pallante
1487 3360 1637 3421 cos„
1684 3360 1741 3402 a.
1789 3336 1852 3402 d.
1898 3337 2000 3402 III
2045 3360 2193 3403 non.
2238 3336 2393 3404 Mai.
2441 3337 2596 3421 dipl.
2628 3337 2761 3403 mil.
2793 3339 2928 3403 III
2945 3345 3044 3417 46,
3086 3340 3260 3405 Den-

679 3440 902 3506 tiliano
950 3451 1014 3506 et
1057 3439 1351 3506 Pallante
1392 3441 1585 3509 intus·

545 3546 671 3611 685
715 3543 1040 3609 Antonius
1085 3542 1365 3626 Polem0‚
1415 3542 1706 3629 sophista
1745 3544 2060 3610 Graecus.
2138 3543 2542 3609 Memoratur
2581 3545 2652 3608 in
2689 3543 2874 3609 titulo
2906 3544 3260 3627 Smyrnaeo

671 3645 838 3712 GIG
873 3649 1038 3709 3148
1078 3650 1136 3710 et
1177 3646 1247 3710 in
1289 3647 1565 3710 nummis
1595 3645 1911 3729 Smyrnae
1938 3645 2182 3711 Eckhel
2224 3646 2318 3710 II
2336 3667 2410 3729 Ρ.
2441 3650 2581 3713 554.
2637 3645 2964 3712 Antonius
2995 3647 3258 3712 Polemo

675 3748 1111 3813 Philostratus
1163 3751 1331 3813 vitae
1387 3748 1564 3832 soph.
1624 3754 1683 3826 1,
1729 3753 1838 3826 25,
1885 3753 1926 3814 5
1993 3749 2096 3833 (ex
2153 3748 2426 3831 epistula
2484 3749 2844 3835 Hadriani)
2900 3755 2960 3815 et
3018 3750 3254 3829 titulus,

674 3850 937 3915 Polemo
984 3855 1272 3915 ceterum.

801 3952 1133 4020 Oriundus
1179 3976 1264 4018 ex
1305 3953 1633 4019 Laodicea
1670 3954 2001 4040 Phrygiae
2045 3953 2301 4040 oppid0,
2348 3957 2387 4041 ἡ
2434 3957 2540 4041 μὲν
2589 3957 2662 4041 δὴ
2706 3955 3066 4042 Πολέμωνος
3110 3958 3260 4023 οἰκία

670 4059 878 4122 πολλοὶ
935 4057 1142 4122 ὕπατοι
1199 4059 1296 4122 καὶ
1355 4056 1439 4122 ἔτι
1487 4057 1867 4122 Philostrat.
1911 4063 1971 4134 1,
2016 4061 2120 4135 25,
2169 4063 2227 4123 1.
2309 4057 2419 4122 Ex
2448 4058 2728 4140 posteris
2771 4058 2971 4140 fuisse
3010 4059 3259 4124 videtur

673 4158 1080 4223 Polemonum
1137 4180 1355 4241 reyum
1402 4157 1628 4237 Ponti,
1690 4160 1801 4241 qui
1845 4164 1997 4242 post
2046 4180 2310 4243 reynwm
2368 4159 2716 4243 depositum
2753 4161 3006 4243 partim
3062 4160 3261 4228 Olbae

672 4259 782 4344 (ef.
826 4282 889 4328 n.
919 4261 1084 4342 687),
1119 4262 1371 4343 partim
1400 4262 1758 4327 Laodiceae
1803 4262 1912 4345 (cf.
1958 4284 2021 4327 n.
2055 4267 2201 4349 704)
2233 4263 2678 4345 principatum
2724 4263 3038 4331 tenebant.
3096 4262 3260 4329 Inde

672 4387 713 4429 a
756 4385 956 4450 puero
1001 4363 1319 4449 Smyrnae
1363 4363 1543 4446 degit
1582 4363 1808 4450 ibique
1853 4364 2141 4429 scholam
2197 4364 2787 4451 frequentissimam
2830 4364 3051 4430 rhetor
3094 4364 3258 4432 cele·

673 4466 991 4532 berrimus
1049 4465 1311 4548 habuit3
1368 4490 1408 4530 a
1452 4466 1830 4551 Smyrnaeis
1880 4469 2150 4532 summis
2196 4467 2549 4533 honoribus
2593 4468 3261 4558 affectus-(otpamffic

671 4570 742 4633 in
801 4569 1100 4651 nunionis)
1170 4592 1273 4633 res
1339 4567 1635 4654 publicas
1705 4591 1928 4635 eorum
1995 4573 2253 4635 curavit
2317 4580 2382 4636 et
2444 4569 2877 4655 legationibus
2944 4572 3260 4638 obeundis

667 4673 946 4756 gratiam
990 4672 1279 4751 Traiani,
1327 4671 1667 4754 Hadriani,
1716 4673 2032 4738 Antonini
2091 4675 2553 4759 imperatorum
2597 4675 2847 4740 civitati
2892 4672 3262 4739 conciliavit

673 4774 1054 4839 Philostrat.
1102 4774 1154 4838 I
1184 4776 1271 4840 25
1300 4776 1569 4856 passim.
1678 4776 2057 4841 Hadrianus
2104 4798 2233 4842 non
2278 4776 2477 4841 semel
2519 4776 2802 4860 grandes
2847 4779 3155 4863 pecunias
3200 4778 3257 4841 ei

673 4880 738 4941 in
786 4899 972 4942 usum
1016 4878 1297 4941 civitatis
1344 4877 1613 4942 donavit
1654 4878 1742 4945 id.
1786 4879 1835 4962 ,ξ
1865 4884 1934 4945 2.
1976 4883 2036 4957 5,
2084 4900 2207 4962 quo
2250 4884 2489 4962 spectat
2533 4879 2788 4944 titulus:
2832 4883 2929 4946 καὶ
2975 4881 3087 4946 ὅσα
3129 4882 3260 4946 ἐπε-

670 4981 928 5067 τύχομεν
973 4981 1133 5066 παρὰ
1174 4987 1278 5046 τοῦ
1321 4982 1520 5067 κυρίου
1553 4983 1853 5067 Καίσαρος
1891 4979 2206 5067 ζΑδριανοιῖί
2239 4983 2333 5047 διὰ
2367 4980 2683 5048 Ἀντωνίου
2717 4983 3095 5068 Πολέμωνος.
3153 4982 3261 5048 Ab

672 5082 1009 5147 Hadriano
1053 5084 1224 5147 inter
1269 5082 1522 5147 sodales
1566 5085 1772 5148 musei
1818 5082 2251 5148 Alexandrini
2298 5094 2596 5170 receptus
2641 5095 2740 5150 est
2781 5084 2868 5152 id.
2912 5086 2962 5168 ,ξ’
3004 5089 3064 5153 5.
3132 5087 3260 5151 De-

670 5186 930 5250 functus
967 5208 1208 5250 annum
1240 5206 1440 5269 agens
1474 5187 2084 5272 quinquagesimum
2131 5196 2392 5252 sextum
2427 5187 2719 5275 sepultus
2750 5197 2849 5253 est
2875 5187 3257 5272 Laodiceae,
