3859 5992
566 545 938 605 cLAvmvs
1850 541 1995 610 373⁴
2895 553 3276 612 cmvmvs

693 744 1032 812 Niceratos
1077 752 1121 815 t.
1166 754 1225 814 1.
1271 753 1351 826 3,·
1408 769 1609 835 nepos
1668 748 1773 813 Ti.
1821 747 2135 815 Claudius
2196 748 2506 815 Saethida
2547 748 2876 835 Cethegus
2921 752 3275 819 Frontinus

693 853 738 914 t.
779 854 841 914 4.
890 864 967 895 2—
1014 849 1232 915 Potest
1271 850 1438 916 idem
1480 871 1610 919 esse
1654 850 1970 917 Claudius
2006 852 2381 937 Frontinus,
2428 854 2535 918 cui
2577 854 2933 940 imperator
2962 853 3040 920 Τ.
3073 854 3277 921 Anto·

691 953 886 1017 ninus
927 954 1260 1038 rescripsit
1300 953 1600 1019 Iuliam
1637 952 1884 1037 Diyaet.
1910 959 1972 1031 4,
2005 959 2070 1031 2,
2101 957 2187 1018 18
2213 976 2324 1037 pr.

563 1054 688 1119 698
734 1063 829 1123 TI.
847 1063 1217 1120 CLAVDIVS
1241 1064 1666 1122 FRONTINVS
1691 1065 2136 1124 NIGERATVS.
2176 1057 2237 1123 Τ
2230 1055 2413 1122 itali:
2439 1059 2502 1123 ei
2515 1058 2723 1142 positi
2738 1063 2888 1124 sunt
2907 1059 3169 1125 XH22
3189 1058 3280 1145 (1)

691 1157 1062 1236 Abellinas,
1119 1156 1287 1224 GIG
1329 1162 1504 1225 1327
1542 1163 1638 1244 (2)
1683 1159 2045 1251 Spartanus
2100 1164 2159 1225 et
2203 1158 2306 1225 01
2305 1158 2369 1226 G
2409 1165 2572 1229 1130
2616 1162 2710 1246 (3)
2753 1161 3036 1245 Aryivus
3080 1161 3282 1246 plane

690 1259 921 1326 similis
941 1260 1285 1345 Spartam,
1315 1261 1428 1327 sed
1450 1263 1661 1327 minus
1688 1263 1960 1345 inteyer,·
1989 1283 2128 1327 oum
2148 1263 2359 1344 fratre
2382 1285 2442 1329 a.
2466 1268 2587 1329 164
2612 1264 2991 1348 imperatori
3008 1265 3086 1330 L.
3121 1264 3280 1331 Vero

693 1362 1009 1429 dedicavit
1052 1368 1096 1429 t.
1144 1364 1613 1431 Messeniacum
1649 1365 1785 1429 III
1812 1368 1937 1431 495
1983 1363 2094 1448 (4),
2137 1369 2524 1430 memoratum
2564 1367 2636 1432 in
2678 1370 2720 1432 t.
2764 1366 2894 1452 filii
2917 1366 3283 1434 Abellinate

690 1464 765 1530 X
786 1470 973 1532 -1124
1016 1465 1128 1551 (5).

822 1568 1037 1635 Plena
1088 1569 1354 1634 nomina
1409 1568 1704 1635 exhibent
1754 1573 1798 1638 t.
1847 1574 1906 1634 1.
1951 1574 2018 1636 2.
2062 1575 2138 1648 4,
2199 1569 2300 1635 Ti.
2347 1568 2663 1635 Claudius
2718 1571 3075 1639 Frontinus
3133 1577 3177 1639 t.
3220 1576 3282 1652 5,

697 1718 973 1738 .......
1030 1671 1377 1737 Niceratus
1439 1676 1484 1738 t.
1525 1676 1587 1737 3.
1640 1708 1729 1718 —
1771 1671 1979 1738 Filius
2024 1671 2128 1737 Ti.
2173 1671 2435 1738 Claudii
2479 1672 2778 1738 Frontini
2837 1696 2967 1740 cos.
3013 1678 3058 1741 t.
3111 1680 3171 1742 1.
3213 1679 3279 1759 2,

690 1773 864 1839 tribu
909 1773 1188 1855 Quirina
1232 1777 1276 1839 t.
1307 1778 1368 1840 1.
1398 1778 1468 1841 2.

821 1874 994 1941 Xvir
1030 1875 1314 1943 stlitibus
1358 1876 1743 1961 iudicandis,
1790 1876 2092 1943 tribunus
2135 1874 2506 1942 laticlavius
2550 1876 2822 1961 legionis
2851 1878 2988 1945 1111
3015 1878 3284 1944 Flaviae

695 1982 739 2043 t.
785 1984 844 2043 1.
890 1984 955 2047 2.
1002 1985 1046 2045 3
1091 1979 1242 2064 (leg.
1286 1978 1410 2065 leg.
1457 1985 1502 2048 t.
1543 1981 1631 2064 5),
1694 1989 2000 2065 quaestor
2057 2002 2174 2065 pro
2228 1989 2531 2066 praetore
2574 1982 2953 2065 provinciae
2996 1979 3284 2046 Achaiae

695 2087 739 2147 t.
783 2086 842 2149 1.
888 2087 955 2148 2.
998 2087 1058 2167 3,
1122 2082 1206 2148 ab
1265 2086 1428 2149 actis
1488 2093 1750 2149 senatus
1809 2087 1852 2150 t.
1897 2089 1939 2149 1
1981 2084 2104 2167 (ἐπὶ
2148 2090 2268 2149 τῶν
2315 2085 2761 2169 ὑπομνημάτων
2803 2090 2913 2168 τῆς
2956 2086 3284 2172 συνκλήτου

696 2183 783 2249 Μ.
830 2183 1129 2273 Αὐρηλίου
1178 2182 1552 2254 Ἀντωνείνου
1616 2188 1980 2273 Γερμανικοῦ
2039 2191 2084 2255 t.
2129 2191 2193 2252 2.
2236 2190 2281 2251 3
2337 2186 2421 2269 cf.
2476 2186 2847 2262 Mommsen,
2892 2184 3289 2252 &autereoht

694 2287 790 2353 ΙΙ
792 2288 821 2327 ⁸
855 2310 928 2371 p.
961 2293 1084 2355 901
1113 2288 1262 2354 adn.
1291 2292 1377 2373 5),
1412 2288 1639 2355 aedilis
1668 2288 1931 2372 curulis,
1964 2297 2225 2376 praetor
2265 2292 2308 2355 t.
2339 2292 2398 2356 1.
2428 2293 2495 2356 2.
2524 2292 2585 2353 3.
2611 2325 2689 2334 -
2717 2286 2972 2354 Sodalis
3002 2287 3286 2355 Hadria-

697 2387 862 2454 nalis
907 2394 951 2457 t.
995 2396 1057 2457 1.
1100 2395 1163 2458 2.
1205 2397 1282 2469 3,·
1325 2401 1637 2479 patronus
1682 2389 1974 2456 coloniae
2016 2388 2304 2457 Abellini
2350 2395 2394 2457 t.
2439 2395 2499 2455 1.

821 2493 1056 2558 Frater
1097 2491 1332 2575 (minor
1357 2499 1432 2560 ut
1462 2494 1728 2571 videtur,
1762 2514 1904 2558 cum
1931 2514 2158 2559 nomen
2185 2493 2373 2558 huius
2403 2496 2858 2578 possponatur)
2887 2490 2990 2559 Ti.
3024 2489 3284 2556 Claudii

699 2596 1048 2663 Saethidae
1074 2597 1366 2664 Caeliani
1393 2602 1437 2663 t.
1461 2602 1522 2675 4,
1548 2607 1733 2682 pater
1750 2596 1849 2663 Ti.
1870 2594 2126 2662 Claudii
2159 2594 2508 2661 Saethidae
2530 2594 2802 2678 Cethegi
2833 2594 3132 2659 Frontini
3158 2598 3202 2659 t.
3223 2598 3283 2661 5.

567 2698 695 2762 699
740 2710 819 2765 M.
868 2709 1238 2766 CLAVDIVS
1282 2709 1603 2765 FRONTO.
1700 2699 1932 2764 Tituli:
1993 2701 2055 2764 ei
2096 2699 2350 2782 positus
2395 2703 2502 2775 est,
2551 2718 2693 2763 cum
2734 2696 2993 2763 Dacius
3033 2698 3290 2780 reyebat

697 2802 833 2867 III
877 2808 1038 2869 1457
1081 2800 1171 2887 (1)
1228 2803 1890 2885 SamizeyetusensiS‚
1946 2805 2100 2885 post
2161 2806 2423 2866 mortem
2488 2802 2777 2866 urbanus
2832 2799 2939 2866 VI
2982 2804 3146 2865 1377
3190 2798 3288 2882 (2)

696 2911 982 2971 servatus
1025 2907 1108 2971 ab
1150 2927 1277 2971 uno
1320 2904 1584 2988 IAyorio
1625 2924 1755 2969 non
1797 2904 1935 2968 sine
1977 2901 2574 2986 intevpolationibus
2616 2901 2995 2986 quibusdam
3003 2922 3024 2981 ,·
3064 2923 3289 2967 memo-

697 3012 888 3073 ratur
943 3008 1013 3073 in
1074 3013 1117 3077 t.
1174 3009 1459 3073 veterani
1513 3006 1647 3072 III
1693 3006 1760 3073 S.
1807 3009 1967 3072 7505
2009 3004 2102 3090 (3)
2116 3025 2138 3084 ,·
2195 3005 2284 3070 ad
2340 3003 2601 3071 eundem
2658 3009 2944 3089 spectare
2999 3004 3290 3071 videntur

699 3110 983 3192 frustula
1025 3115 1069 3176 t.
1114 3110 1352 3176 Dacica·
1392 3109 1525 3177 III
1557 3113 1747 3176 6250.

825 3213 917 3280 M.
964 3212 1279 3280 Claudius
1322 3213 1566 3278 Fronto
1607 3216 1650 3277 t.
1695 3217 1754 3278 1.
1797 3216 1866 3289 2,
1913 3210 2013 3280 Cl.
2056 3211 2305 3276 Fronto
2348 3215 2389 3278 t.
2426 3215 2489 3290 3,
2534 3210 2780 3275 Fronto
2825 3210 3095 3276 Luciam.
3141 3231 3290 3294 quo-

696 3315 882 3382 modo
908 3315 1054 3383 hist.
1089 3316 1394 3382 οοηεονὶὂ.
1424 3316 1511 3380 sit
1540 3318 1650 3382 21.
1671 3351 1759 3361 -
1787 3312 1890 3379 Ti.
1920 3312 2095 3379 filius
2126 3318 2169 3379 t.
2195 3318 2235 3378 1
2257 3313 2386 3398 [2],
2420 3312 2601 3378 tribu
2630 3312 2909 3394 Quirina
2937 3317 2981 3381 t.
3012 3319 3071 3381 1.
3101 3317 3170 3379 2.
3208 3349 3286 3359 —-

700 3418 1112 3485 Clarissimus
1157 3420 1261 3483 vir
1304 3422 1348 3486 t.
1371 3406 1447 3483 '3.

824 3522 1177 3587 Decemvir
1221 3520 1502 3586 stlitibus
1545 3518 1931 3603 iudicandis,
1981 3528 2285 3605 quaestor
2330 3517 2636 3601 urbanus,
2674 3516 2758 3583 ab
2799 3519 2963 3583 actis
3005 3525 3284 3599 senatus,

697 3624 923 3690 aedilis
968 3623 1234 3708 curulis,
1280 3634 1558 3709 praetor,
1603 3621 1857 3708 legatus
1888 3621 2029 3687 divi
2056 3620 2376 3687 Antonini
2408 3620 2691 3704 Augusti
2724 3619 2815 3703 (d.
2857 3619 2934 3688 A.
2967 3619 3047 3685 A.
3080 3620 3291 3684 omisit

704 3732 747 3793 t.
792 3732 858 3810 1)
902 3726 1177 3813 legionis
1221 3728 1324 3792 XI
1369 3725 1680 3793 Claudiae
1726 3730 1768 3792 t.
1798 3731 1858 3791 1.
1904 3730 1953 3791 2
1969 3746 1991 3803 ‚·
2032 3723 2286 3808 legatus
2330 3723 2780 3808 Augustorum
2826 3728 2935 3807 (=
2963 3721 3188 3788 Marci
3226 3724 3289 3786 et

708 3830 878 3913 Vera)
940 3829 1175 3913 legioni
1235 3831 1270 3895 I
1327 3829 1692 3895 Minerviae
1750 3830 1816 3893 in
1884 3826 2367 3914 expeditionem
2427 3825 2800 3891 Parthicam
2863 3823 3286 3889 deducendae

699 3938 742 4000 t.
787 3938 837 3998 2
894 3931 1045 4017 (leg.
1090 3931 1216 4015 leg.
1260 3933 1295 3997 I
1352 3931 1512 3997 Min.
1559 3935 1602 3996 t.
1649 3931 1750 4015 1)3
1810 3928 2060 4014 legatus
2123 3928 2573 4013 Augustorum
2627 3949 2747 4014 pro
2804 3950 2904 4014 pr.
2960 3927 3287 3991 exercitus

695 4035 1033 4121 legionarii
1080 4046 1145 4100 et
1186 4034 1576 4101 auxiliorum
1622 4057 1740 4122 per
1785 4034 2099 4099 orientem
2145 4033 2212 4097 in
2242 4031 2620 4097 Armeniam
2666 4040 2732 4095 et
2773 4028 3180 4096 Osrhoenam
3224 4038 3288 4094 et

698 4139 1192 4206 Anthemusiam
1235 4139 1594 4222 ductorum,
1642 4140 1875 4203 missus
1920 4137 2006 4202 ad
2052 4136 2455 4202 iuventutem
2493 4157 2612 4222 per
2639 4131 2897 4199 Italiam
2942 4132 3285 4216 legendam

701 4248 743 4313 t.
789 4248 855 4321 2,
916 4253 1176 4309 curator
1216 4263 1488 4330 operum
1531 4241 1953 4327 locorumque
1994 4238 2425 4327 publicorum,
2477 4236 2703 4303 consul
2748 4233 3073 4322 (suffectus
3117 4254 3286 4299 anno

697 4349 832 4430 fere
888 4351 1012 4413 166
1064 4345 1161 4412 vel
1207 4345 1413 4429 paulo
1475 4343 1691 4428 antea)
1752 4349 1794 4409 t.
1840 4350 1899 4409 1.
1946 4348 2031 4422 2,·
2091 4341 2368 4407 donatus
2424 4340 2612 4406 donis
2672 4337 3057 4404 militaribus
3113 4335 3286 4402 bello

698 4450 1085 4517 Armeniaco
1115 4457 1182 4514 et
1210 4447 1515 4515 Parthico
1546 4446 1630 4512 ab
1660 4447 2048 4533 imperatore
2079 4442 2409 4508 Antonino
2438 4441 2739 4527 Augusto
2772 4450 2838 4505 et
2865 4463 2907 4505 a
2933 4439 3087 4504 divo
3110 4439 3287 4504 Vero

696 4552 994 4637 Augusto
1053 4573 1293 4617 corona
1347 4547 1580 4615 murali
1639 4550 1794 4614 item
1839 4546 2070 4612 vallari
2131 4547 2283 4612 item
2330 4543 2602 4610 classica
2645 4545 2802 4608 item
2855 4564 3070 4624 aurea,
3133 4540 3287 4606 item

697 4655 899 4721 hastis
930 4654 1111 4741 puris
1142 4662 1467 4739 quattuor,
1515 4655 1669 4717 item
1696 4648 1957 4716 vexillis
1988 4658 2296 4737 quattuor
2325 4651 2367 4715 t.
2399 4653 2459 4715 1.
2486 4652 2556 4714 2.
2620 4647 2783 4712 Dux
2811 4643 2967 4710 belli
2998 4643 3286 4710 Parthici

697 4757 821 4823 sub
852 4758 1028 4824 Vero
1058 4767 1455 4821 memoratur
1484 4756 1756 4822 Lucian.
1791 4753 1833 4823 Ζ.
1859 4752 1935 4832 ῖ.;
1969 4753 2141 4819 dona
2165 4751 2486 4817 militaria
2528 4750 2600 4815 in
2632 4747 2949 4832 briwmpho
2977 4746 3286 4812 Parthico

696 4861 937 4945 accepit
980 4882 1042 4927 a.
1087 4864 1209 4925 166
1253 4858 1627 4937 consulari-3,
1672 4862 1746 4922 ut
1788 4861 2103 4940 quaterna
2150 4854 2319 4921 dona
2363 4854 2601 4920 docent.
2681 4852 2914 4919 Comes
2957 4851 3096 4917 divi
3127 4851 3285 4916 Veri

695 4963 978 5048 Augusti
1022 4967 1068 5031 t.
1113 4967 1172 5027 1.
1212 4966 1262 5028 2
1318 4962 1432 5026 sub
1489 4960 1748 5026 initium
1809 4958 1960 5025 belli
2012 4957 2490 5026 Marcmnanioi
2528 4961 2603 5021 ut
2641 4954 2909 5022 videtur.
2996 4952 3288 5037 Legatus

692 5065 868 5151 Aug.
928 5088 1025 5152 pr.
1081 5087 1180 5152 pr.
1242 5064 1437 5128 trium
1494 5062 1851 5129 Daciarum
1910 5071 1977 5126 et
2031 5060 2322 5126 Moesiae
2378 5059 2732 5146 superioris
2792 5063 2836 5123 t.
2880 5064 2956 5136 1,·
3024 5056 3095 5121 in
3154 5060 3198 5120 t.
3240 5060 3289 5122 2

697 5169 982 5236 &aditur
1026 5166 1149 5251 leg.
1194 5166 1367 5250 Aug.
1413 5189 1510 5253 pr.
1551 5188 1651 5252 pr.
1697 5165 2184 5253 provinciarum
2227 5163 2491 5230 Daciar.
2540 5172 2606 5227 et
2660 5183 2875 5248 super.
2920 5156 3113 5224 simul
3156 5156 3283 5241 leg.
