3859 5992
569 545 993 601 CORNELIVS
1859 541 1986 604 459
2853 551 3272 609 CORNELIVS

1249 629 1642 636 -—----——--—-—

699 742 905 809 fectus
937 743 1216 826 fabrum,
1263 755 1522 808 curator
1567 746 1660 809 rei
1708 745 2005 831 publicae
2035 746 2485 828 Otesinorum3
2530 747 2771 813 IIHvir
2798 750 2941 813 iure
2970 748 3271 831 dicund0,

697 846 1009 932 pontifex,
1042 847 1276 912 flamen
1308 847 1443 912 divi
1476 847 1735 913 Claudii
1767 849 2105 932 Bergomi3
2152 849 2380 914 flamen
2429 850 2564 915 divi
2607 851 2868 916 Traiani
2903 851 3275 918 Mediolani.

574 951 738 1015 1152
782 959 863 1014 M.
911 957 1332 1014 CORNELIVS
1380 958 1738 1014 NIGRINVS
1787 959 2183 1015 CVRIATIVS
2228 961 2659 1018 MATERNVS.
2755 953 3057 1018 Eiusdem
3107 955 3279 1019 tituli

700 1051 823 1115 dno
868 1050 1154 1133 exempla
1198 1056 1433 1128 extant,
1480 1073 1676 1117 unum-
1705 1053 1931 1119 Liriae
1961 1054 2054 1118 II
2075 1054 2143 1121 S.
2177 1060 2339 1118 6013
2369 1055 2476 1138 (1),
2523 1055 2687 1120 unde
2724 1057 3068 1139 corrigitur
3097 1057 3277 1121 lectio

701 1153 965 1218 alterius
1007 1155 1077 1218 in
1121 1176 1278 1237 ayro
1325 1153 1658 1219 Valentino
1701 1157 1939 1239 reperti
1978 1157 2070 1221 II
2101 1161 2266 1222 3783
2308 1157 2423 1241 (2).

830 1257 917 1323 Μ.
963 1256 1085 1339 fil„
1135 1257 1314 1323 tribu
1359 1257 1655 1340 Galeria,
1703 1259 1964 1342 consul,
2013 1258 2262 1343 legatus
2307 1259 2590 1343 Augusti
2639 1281 2752 1346 pro
2797 1272 3094 1346 praetore
3138 1285 3280 1348 pro-

699 1361 954 1424 vinciae
1000 1360 1314 1441 Moesiae,
1359 1363 1737 1446 provinciae
1784 1361 2016 1447 Syriae
2061 1367 2104 1426 t.
2150 1367 2210 1427 1.
2257 1368 2322 1427 2.
2379 1400 2453 1407 -
2507 1362 2682 1427 Num
2738 1363 2901 1427 idem
2954 1365 3039 1428 sit
3095 1370 3282 1448 atque

701 1462 1035 1535 Maternus
1080 1462 1304 1526 consul
1352 1463 1771 1547 (ordinarius)
1816 1487 1874 1528 a.
1927 1465 2067 1548 185,
2100 1465 2301 1548 plane
2344 1466 2649 1529 ineertwm
2695 1470 2805 1530 est.

578 1566 741 1629 1153
772 1564 859 1628 M.
879 1564 1220 1631 Cornelius
1238 1563 1655 1631 Octavianus
1690 1566 1890 1631 Tituli
1899 1588 1920 1630 .·
1927 1566 2187 1650 publice
2209 1568 2270 1631 ei
2275 1568 2530 1649 positus
2553 1571 2644 1631 est
2675 1566 2857 1633 VIII
2872 1567 2942 1635 S.
2962 1573 3177 1634 12296
3191 1570 3280 1653 (1)

700 1667 1068 1742 Bisieensis,
1115 1669 1249 1750 ipse
1294 1666 1606 1732 dedicavit
1644 1650 1834 1733 ‘VIII
1863 1673 2029 1733 8435
2072 1671 2166 1752 (2)
2214 1658 2585 1751 Sitifemein
2627 1669 2936 1734 mutilum.

839 1770 997 1835 Tria
1036 1771 1298 1834 nomina
1342 1768 1589 1834 exhibet
1629 1775 1887 1853 uterque
1932 1773 2027 1834 tit.
2062 1808 2139 1817 -—
2178 1772 2299 1833 Vir
2342 1771 2866 1856 perfectissimus,
2918 1772 3284 1859 praefectus

705 1873 925 1937 classis
989 1875 1350 1959 praetoriae
1400 1871 1819 1955 MisenensiS,
1880 1874 2019 1938 dux
2079 1895 2195 1960 per
2238 1873 2529 1938 Africam
2592 1874 2966 1939 Numidiam
3028 1876 3283 1941 Maure-

702 1978 1073 2062 taniamque
1106 1976 1258 2059 (non
1289 1982 1436 2041 ante
1463 1976 1785 2042 saeculum
1814 1975 1994 2059 III),
2039 1986 2351 2062 patronus
2397 1978 2711 2062 municipi
2749 1977 3098 2042 Bisicensis
3138 1984 3180 2045 t.
3214 1984 3280 2044 2.

575 2081 741 2146 1154
790 2088 949 2143 SER.
986 2087 1406 2143 CORNELIVS
1440 2087 1775 2161 ORFITVS,
1817 2077 2040 2142 consul
2071 2101 2242 2142 anno
2273 2080 2345 2144 51
2386 2078 2526 2143 ‘mdc
2554 2080 2737 2160 infra
2766 2079 2903 2144 Ser.
2939 2077 3280 2145 Cornelius

703 2181 975 2268 (Scipio)
1022 2179 1437 2246 Salvidienus
1482 2182 1748 2247 Orfitus.

581 2287 741 2351 1155
787 2297 854 2348 A.
901 2293 1325 2349 CORNELIVS
1388 2294 1677 2368 PALMA,
1738 2283 1964 2348 consul
2008 2286 2040 2350 I
2085 2308 2141 2349 a.
2191 2286 2273 2348 99
2336 2308 2483 2349 cum
2546 2285 2628 2365 Q.
2676 2285 2860 2351 Sosio
2905 2287 3280 2368 Senecione,

704 2387 928 2452 consul
973 2388 1042 2452 II
1085 2410 1141 2452 a.
1181 2389 1301 2452 109
1333 2409 1479 2451 cum
1510 2386 1723 2452 Tulle.
1758 2425 1833 2433 -—-
1878 2387 2110 2452 Tituli:
2151 2393 2539 2453 memoratur
2580 2390 2651 2452 in
2696 2394 2740 2453 t.
2780 2409 3008 2471 ,qraeee
3048 2390 3284 2472 scripto

702 2494 772 2557 in
815 2491 1160 2556 Batanaea
1215 2496 1463 2572 reperto
1524 2490 1773 2555 Lebas-
1791 2489 2217 2573 Waddinyton
2262 2495 2441 2557 2296
2483 2488 2606 2569 (1),·
2653 2492 2913 2556 nomina
2957 2493 3090 2556 eius
3130 2512 3285 2575 pro-

706 2594 1006 2660 babiliter
1044 2593 1322 2657 restituit
1365 2592 1793 2675 Waddinyton
1828 2593 1898 2657 in
1937 2597 1978 2659 t.
2010 2592 2243 2657 ibidem
2272 2598 2519 2675 reperto
2549 2598 2718 2659 2305
2747 2594 2863 2678 (2),
2912 2594 3001 2659 ad
3025 2593 3286 2659 eundem

702 2697 950 2762 rettulit
987 2694 1302 2778 Boryhesi
1345 2716 1485 2777 opp.
1535 2694 1596 2758 V
1615 2718 1688 2778 p.
1717 2701 1797 2760 31
1842 2699 1885 2761 t.
1935 2694 2303 2778 acephalum
2351 2695 2453 2759 VI
2483 2699 2650 2760 1386
2691 2697 2799 2781 (3).

830 2801 915 2864 In
961 2798 1424 2864 consulatibus:
1468 2798 1548 2865 A.
1580 2797 1924 2864 Cornelius
1964 2795 2192 2862 Palma
2221 2798 2289 2863 II
2334 2797 2435 2862 VI
2467 2802 2655 2874 2186,
2703 2803 2972 2863 ceteram
3004 2799 3287 2881 plerum-

703 2925 821 2986 que
867 2901 1094 2967 Palma
1137 2902 1317 2982 fasti.
1350 2939 1434 2947 —
1471 2901 1552 2966 A.
1601 2900 1968 2985 [Cornelius
2013 2901 2259 2985 Palma]
2307 2907 2348 2966 t.
2379 2906 2445 2978 2,
2494 2901 2833 2967 Cornelius
2880 2902 3107 2967 Palma
3151 2907 3192 2966 t.
3225 2908 3285 2978 1,

706 3004 932 3070 Palma
978 3004 1153 3087 apud
1188 3005 1545 3086 scriptores

836 3107 1083 3173 Consul
1129 3107 1162 3171 I
1205 3127 1374 3170 anno
1418 3107 1503 3171 99
1542 3108 1720 3189 fasti.
1810 3108 2097 3191 Legatus
2142 3108 2501 3193 Hispaniae
2545 3108 2862 3171 citerioris
2907 3129 2965 3171 a.
3016 3107 3280 3172 1001101

710 3208 1011 3275 Martial.
1045 3213 1150 3285 12,
1186 3213 1243 3275 9.
1328 3207 1616 3291 Legatus
1665 3209 1896 3294 Syriae
1942 3209 2093 3273 inde
2138 3209 2223 3275 ab
2263 3231 2321 3274 a.
2368 3209 2506 3273 fere
2552 3210 2824 3274 1041105
2870 3214 2912 3275 t.
2944 3215 3004 3273 1.
3044 3215 3109 3286 2,
3155 3207 3292 3273 Dio

707 3317 806 3389 68,
839 3316 921 3376 14
965 3310 1278 3376 Arabiam
1311 3312 1642 3376 Petraeam
1675 3334 1734 3378 a.
1772 3312 2045 3377 105s106
2077 3311 2351 3376 subiecit
2383 3322 2446 3376 et
2483 3312 2549 3375 in
2595 3313 2973 3396 provinciae
3015 3311 3288 3376 formam

709 3415 963 3498 redegit
1006 3413 1139 3478 Dio
1187 3412 1227 3478 l.
1271 3413 1311 3477 l.
1359 3415 1441 3495 cf.
1487 3434 1772 3479 nummos
1813 3414 2064 3480 Arabia
2108 3414 2438 3500 adquisita
2466 3413 2708 3479 Eekhel
2751 3414 2854 3479 VI
2872 3435 2946 3497 p.
2975 3418 3140 3492 420;
3173 3414 3293 3479 sed

708 3518 819 3583 hos
860 3536 1145 3582 nummos
1185 3537 1315 3580 nan
1360 3537 1527 3581 anno
1571 3521 1711 3593 105,
1771 3517 1881 3581 sed
1923 3537 2092 3581 anno
2135 3521 2259 3581 106
2301 3515 2665 3581 tribuendos
2722 3536 2851 3581 esse
2906 3516 3187 3598 sequitur
3231 3521 3291 3581 et

711 3643 787 3687 επ
829 3620 1206 3685 narratione
1248 3616 1486 3684 Dionis
1543 3624 1619 3683 et·
1659 3641 1734 3684 ex
1792 3618 2029 3702 epocha
2089 3640 2279 3683 aerae
2334 3617 2698 3683 Bostranae
2742 3620 2822 3700 ef.
2875 3619 3287 3703 Marquardt,

713 3721 1325 3804 Staatsverwaltuny
1353 3722 1437 3786 1²
1471 3743 1541 3804 p.
1577 3726 1720 3787 431.
1789 3720 2036 3787 Consul
2066 3722 2135 3786 II
2174 3744 2232 3786 a.
2269 3721 2392 3788 109
2422 3722 2599 3802 fasti.
2668 3722 2727 3786 A
2757 3722 3040 3786 Traiano
3079 3731 3293 3787 statua

711 3827 1064 3891 honoratus
1118 3824 1252 3890 Dio
1296 3828 1396 3901 68,
1442 3829 1524 3889 16
1535 3845 1556 3904 ,·
1622 3825 2056 3908 inscriptionis
2113 3826 2245 3889 eius
2302 3825 2726 3907 fraymentum
2787 3828 2961 3889 extat
3018 3825 3085 3888 in
3144 3829 3185 3888 t.
3230 3829 3291 3891 3.

715 3929 852 3997 Sub
897 3929 1092 3993 finem
1139 3929 1392 4014 imperii
1438 3927 1704 3991 Traiani
1759 3929 1824 3991 in
1870 3929 2304 4013 suspicionem
2351 3928 2619 3991 affectae
2664 3926 3028 4013 tyrannidis
3073 3926 3293 4012 lapsus

711 4036 820 4098 vit.
860 4031 1183 4098 Hadrian.
1220 4036 1279 4107 4,
1324 4034 1401 4107 3,·
1446 4051 1614 4095 anno
1663 4031 1785 4095 118
1831 4032 2295 4096 coniurationis
2335 4053 2486 4095 reus
2533 4031 2709 4095 iussu
2756 4040 3016 4094 senatus
3061 4029 3294 4094 Tarra-

714 4137 876 4200 cinis
922 4136 1170 4199 occisus
1218 4142 1316 4197 est
1358 4133 1487 4198 ibd.
1536 4138 1594 4210 7,
1639 4138 1705 4199 2.

587 4241 755 4306 1156
799 4234 1143 4303 Cornelius
1175 4237 1397 4317 PinuS,
1445 4237 1654 4321 pictor
1684 4235 1929 4299 Romae
1960 4246 2170 4301 aetate
2202 4236 2587 4322 Vespasiani
2619 4235 2799 4303 Ptin.
2830 4256 2892 4302 n.
2923 4234 2986 4300 h.
3012 4239 3112 4311 35,
3145 4240 3292 4303 120.

591 4341 751 4408 1157
797 4347 1218 4404 CORNELIVS
1243 4346 1679 4420 PLovas,
1715 4337 1966 4421 legatus
1991 4337 2291 4421 (legionis
2322 4338 2389 4403 Η
2421 4337 2808 4419 Adiutricis)
2839 4335 3297 4405 IIIS.10507

714 4449 757 4507 t.
803 4442 1245 4524 AquineensiS.

627 4584 713 4593 —
759 4555 822 4611 C.
870 4553 1297 4609 IAVOLENVS
1360 4553 1730 4608 CALVINVS
1792 4552 2158 4608 GEMINIVS
2221 4551 2486 4607 CAPITO
2542 4551 2963 4608 CORNELIVS
3023 4550 3289 4606 POLLIO

716 4655 1034 4724 SQVILLA
1079 4655 1145 4724 Q.
1191 4654 1607 4710 VVLCACIVS
1654 4654 2081 4710 SCVPPIDIVS
2127 4654 2392 4709 VERVS.

629 4789 716 4798 —
761 4761 830 4817 D.
865 4758 1130 4814 OVTIVS
1176 4757 1547 4813 BALBINVS
1586 4758 1663 4813 M.
1701 4757 2122 4813 CORNELIVS
2168 4756 2477 4813 POTITVS
2522 4757 2589 4811 L.
2621 4757 2892 4811 ATTIVS
2939 4757 3294 4812 IVNIANVS

719 4862 1091 4918 ROMVLVS.

592 4957 755 5023 1158
801 4953 1147 5020 Cornelius
1191 4955 1472 5032 Primus,
1518 4953 1719 5018 cliens
1764 4954 2153 5039 Vespasiani
2191 4953 2337 5019 Tae.
2368 4953 2427 5020 h.
2460 4958 2520 5031 3,
2556 4960 2651 5019 74.

592 5060 758 5127 1159
805 5057 1146 5124 Cornelius
1193 5058 1593 5137 Priscianu8‚
1647 5056 2003 5121 advocatus
2048 5078 2218 5121 anno
2268 5057 2390 5123 166
2435 5078 2572 5120 rem
2617 5057 2911 5140 legatarii
2958 5054 3294 5119 cuiusdam

720 5161 895 5250 apud
920 5163 1372 5247 imperatorem
1397 5160 1483 5225 M.
1504 5159 1910 5224 Antoninum
1937 5161 2111 5244 egit(
2124 5159 2379 5241 leius)
2398 5158 2752 5224 Marcellus
2770 5157 3017 5242 Diyest.
3033 5162 3140 5235 28,
3158 5164 3219 5235 4,
3235 5164 3294 5224 3.
