3859 5992
632 531 990 590 ANNAEVS
1954 529 2035 594 57
2987 539 3346 599 ANNAEVS

761 728 1087 796 Cornutus
1147 731 1212 794 in
1270 730 1559 796 Maronis
1619 735 2096 799 commentariis
2155 734 2224 799 X
2280 735 2539 805 Charis,
2596 734 2882 805 Gramm.
2938 737 3087 803 Lat.
3133 738 3186 803 I
3217 741 3353 805 127

758 860 844 886 =
886 831 1197 897 Annaeus
1256 832 1584 899 Cornutus
1643 833 1723 901 ad
1782 836 2079 901 Italicum
2142 836 2224 901 de
2268 838 2556 923 Vergilio
2611 838 2776 904 libro
2833 839 2904 905 X
2961 839 3048 905 id.
3079 862 3154 924 Ρ.
3185 845 3349 919 125;

757 933 1084 1000 adnotatio
1141 936 1277 1000 eius
1321 936 1407 1002 ad
1453 936 1629 1021 Very.
1676 938 1836 1004 Aen.
1882 945 1942 1016 4,
1990 944 2112 1004 689
2159 940 2539 1007 Macrobius
2578 945 2637 1019 5,
2687 947 2788 1019 19,
2835 947 2920 1021 2,·
2972 942 3172 1020 locos,
3233 943 3349 1009 abi

756 1036 1074 1103 Cornutus
1114 1045 1504 1104 memoratur
1547 1041 1723 1124 apud
1751 1042 2042 1107 Servium
2079 1047 2138 1107 ct
2180 1044 2249 1107 in
2278 1043 2533 1109 scholiis
2578 1043 3050 1123 Veronensibus
3099 1044 3347 1129 colleyr't

758 1138 941 1204 Jahn
969 1139 1008 1204 l.
1043 1140 1082 1204 l.
1120 1163 1191 1224 Ρ.
1222 1141 1297 1205 X
1310 1140 1453 1207 VII
1468 1162 1628 1224 seq.,·
1674 1144 1909 1208 citatur
1941 1149 2284 1228 praeterea
2324 1146 2395 1210 in
2424 1144 2613 1210 schol.
2645 1144 2951 1214 Berncns,
2986 1146 3074 1211 ad
3099 1147 3346 1214 Lucan.

760 1248 818 1319 1,
849 1248 982 1309 214
1009 1265 1083 1325 Ρ.
1117 1248 1205 1309 25
1250 1243 1460 1322 Vsen.;
1488 1248 1547 1322 3,
1576 1249 1701 1311 375
1731 1267 1804 1328 Ρ.
1835 1252 1994 1326 109,-
2038 1252 2098 1324 3,
2132 1251 2255 1312 381
2284 1269 2358 1330 Ρ.
2394 1253 2536 1312 110.
2561 1285 2648 1295 --
2676 1247 2986 1313 Annaeus
3018 1247 3345 1314 Cornutus

762 1344 843 1408 de
889 1347 1330 1411 enuntiatione
1375 1347 1480 1411 vel
1526 1348 1991 1435 orthographia
2043 1350 2406 1415 Cass‘e'odor.
2450 1349 2739 1416 Gramm.
2771 1352 2918 1416 Lat.
2968 1351 3270 1420 VII147.

888 1446 1223 1513 ‘Annaeus
1269 1449 1598 1515 Cornutus
1644 1450 1810 1517 libro
1855 1453 1988 1519 tab.
2035 1463 2265 1518 castar.
2312 1455 2516 1539 patris
2562 1455 2686 1518 sui’
2743 1453 3085 1520 Charisius
3113 1454 3164 1518 I
3195 1459 3344 1531 201,

758 1570 917 1631 quae
958 1552 1153 1617 rerba
1197 1558 1500 1635 corrupta
1540 1574 1734 1637 usque
1776 1555 1981 1620 adhuc
2023 1577 2151 1621 non
2194 1561 2355 1621 certe
2382 1558 2679 1621 restituta
2708 1562 2872 1622 sant.
2906 1594 2993 1603 —
3024 1557 3344 1640 (Persius)

760 1658 1064 1737 cognovit
1107 1677 1224 1740 per
1266 1655 1626 1722 Cornutum
1667 1659 1861 1722 etiam
1905 1658 2248 1724 Annaeum
2295 1659 2669 1742 Lucanum,
2718 1681 3122 1746 aequaevum
3162 1657 3345 1724 audi-

759 1765 961 1820 torem
986 1756 1295 1839 Cornuti3
1328 1781 1476 1823 nam
1501 1758 1826 1825 Cornutus
1857 1760 1967 1826 illo
2001 1771 2287 1848 tempore
2318 1763 2603 1846 tragicus
2635 1762 2760 1827 fuit
2789 1772 3002 1828 sectae
3032 1763 3342 1848 poeticae,

760 1860 872 1943 qui
932 1858 1134 1926 libros
1196 1860 1639 1947 philosophiae
1700 1863 1965 1949 reliquit
2023 1865 2131 1928 vit.
2178 1864 2356 1929 Pers.
2392 1886 2465 1947 Ρ.
2512 1869 2620 1941 73,
2674 1866 2791 1929 ubi
2830 1865 3026 1930 verba
3067 1886 3220 1929 nam
3257 1901 3345 1910 —

758 1959 1025 2048 reliquit
1062 1964 1339 2046 ineptam
1378 1964 1690 2047 ylossema
1731 1984 1860 2032 esse
1891 1966 2222 2049 perspexit
2263 1966 2500 2050 Beryk.

633 2063 750 2125 451
802 2061 1108 2129 Annaeus
1154 2065 1358 2130 Fidus
1401 2067 1772 2132 nominatur
1817 2068 2062 2133 Seneca
2101 2074 2237 2137 nat.
2281 2074 2519 2152 quaest.
2562 2074 2606 2134 4
2645 2069 2816 2152 prol.
2861 2073 2922 2136 8.

655 2201 737 2211 —
800 2166 876 2234 T.
924 2167 1264 2234 Cornelius
1309 2170 1622 2236 Annaeus
1662 2172 1934 2236 Fuscus,

633 2269 756 2333 452
799 2279 877 2333 Μ.
908 2280 1265 2336 ANNAEVS
1311 2282 1677 2339 LVCANVS.
1740 2273 1921 2339 Vitae
1966 2275 2101 2339 eius
2144 2279 2361 2340 extant
2405 2274 2583 2351 duae,
2627 2295 2761 2338 una
2806 2275 2937 2355 (vit.
2970 2273 3034 2358 1)
3080 2295 3156 2339 ex
3187 2273 3342 2339 Sue-

760 2373 929 2437 tonio
978 2375 1251 2440 oriunda
1295 2376 1553 2441 Sueten.
1600 2376 1710 2442 rel.
1743 2376 2117 2459 Reiffersch.
2151 2399 2224 2460 Ρ.
2258 2383 2340 2443 50
2366 2397 2512 2459 seq„
2561 2376 2768 2441 altera
2817 2375 2947 2455 (vit.
2978 2376 3050 2461 2)
3103 2376 3344 2442 Vaccae

753 2479 825 2538 at
868 2481 1143 2559 putatur
1186 2500 1259 2560 Ρ.
1307 2484 1388 2543 76
1430 2499 1551 2562 seq.
1612 2479 1742 2546 ibd.
1847 2479 2249 2545 Praenomen
2307 2480 2553 2545 exhibet
2594 2480 2702 2544 vit.
2752 2484 2799 2543 2
2858 2483 2917 2544 et
2971 2479 3339 2562 Hieronym.

762 2578 849 2642 ad
890 2601 950 2645 a.
995 2579 1157 2645 Abr.
1190 2585 1384 2658 2079,
1431 2586 1701 2645 ceteram
1744 2580 2054 2646 Annaeus
2096 2581 2402 2647 Lucanus
2446 2583 2573 2646 sive
2615 2581 2944 2645 Lucanus.

886 2680 1095 2746 Filius
1126 2682 1215 2748 M.
1246 2682 1501 2749 Annaei
1532 2684 1744 2749 Melae
1788 2694 1853 2750 et
1883 2683 2131 2749 Aciliae
2158 2686 2265 2750 vit.
2297 2691 2363 2762 2,
2419 2684 2567 2750 Tac.
2600 2706 2659 2748 a.
2694 2689 2792 2761 16,
2825 2689 2924 2761 17,
2972 2684 3340 2768 ffleronym.

761 2783 846 2847 ad
887 2806 947 2849 a.
977 2785 1141 2850 Abr.
1187 2791 1376 2851 2084.
1453 2786 1895 2853 Cordubensis
1939 2788 2048 2852 vit.
2093 2793 2151 2852 1.
2192 2793 2258 2864 2,
2311 2787 2678 2870 Hieronym.
2726 2785 2815 2851 ad
2857 2808 2917 2852 a.
2963 2786 3126 2853 Abr.
3171 2791 3344 2853 2079

760 2886 868 2969 (cf.
917 2888 1169 2952 Statius
1212 2889 1349 2953 silv.
1392 2894 1459 2967 2,
1492 2894 1547 2965 7,
1580 2894 1820 2966 24-30,
1870 2889 2174 2953 Martial.
2204 2894 2265 2966 1,
2297 2894 2393 2965 61,
2431 2888 2513 2970 7).
2602 2888 2809 2953 Natus
2855 2898 2952 2953 est
2995 2887 3342 2956 Cordubae

761 2988 821 3053 d.
868 2990 908 3054 3
950 3012 1150 3058 mens.
1197 2990 1549 3057 Novembr.
1594 3015 1651 3059 a.
1697 2992 1780 3058 39
1824 2994 1936 3057 vit.
1982 2997 2062 3070 2,
2126 3000 2425 3057 octavum
2482 3012 2771 3055 mensem
2828 3011 3026 3074 agens
3071 2992 3339 3057 Romam

760 3092 1107 3158 translatus
1150 3094 1259 3158 vit.
1304 3100 1385 3172 2,
1448 3094 1703 3160 auditor
1761 3094 2017 3159 Annaei
2080 3093 2384 3175 Cornuti,
2448 3095 2697 3158 amicus
2742 3095 2950 3159 Persii
3004 3095 3112 3160 vit.
3162 3094 3339 3161 Pers,

760 3216 833 3277 Ρ.
877 3201 981 3274 73,
1042 3220 1083 3261 a
1132 3197 1392 3263 Nerone
1451 3197 1699 3262 cohorti
1757 3199 2110 3262 amicorum
2167 3197 2428 3262 additus
2483 3208 2681 3282 atque
2740 3198 2934 3261 etiam
2992 3207 3342 3282 quaestura

761 3297 1108 3364 honoratus
1151 3302 1256 3364 vit.
1299 3307 1355 3366 1.
1395 3306 1460 3378 2,
1510 3310 1576 3366 et
1617 3311 1941 3383 auguratu
1983 3302 2091 3368 vit.
2122 3306 2189 3366 2.
2258 3299 2631 3366 Simultates
2674 3300 2825 3364 dein
2870 3301 3040 3364 inter
3084 3321 3227 3364 eum
3276 3308 3343 3364 et

757 3400 1079 3466 Neronem
1123 3413 1302 3467 ortae
1347 3412 1514 3485 sunt,
1560 3424 1829 3483 quarum
1871 3402 2151 3467 diversas
2195 3420 2422 3466 causas
2467 3401 2743 3481 afferunt
2794 3399 2940 3466 Tac.
2989 3421 3049 3463 a.
3095 3405 3195 3478 15,
3240 3406 3338 3480 49,

757 3502 888 3568 Dio
926 3507 1049 3581 52,
1093 3509 1212 3581 29,
1257 3507 1362 3568 vit.
1406 3511 1445 3569 1
1487 3509 1546 3569 et
1588 3510 1667 3581 2,
1716 3505 2086 3587 Hz'eronym.
2131 3508 2318 3569 2079.
2410 3503 2893 3568 Coniurationis
2954 3504 3341 3568 Pisonianae

757 3608 1080 3691 particeps
1121 3607 1264 3671 Tac.
1299 3607 1338 3671 l.
1373 3607 1435 3684 l„
1469 3609 1576 3673 vit.
1610 3613 1668 3673 1.
1702 3613 1768 3683 2,
1815 3630 1947 3693 qua
1991 3606 2244 3671 detecta
2274 3627 2476 3670 venas
2523 3604 2801 3670 exsolvit
2837 3605 2984 3673 Tac.
3018 3626 3080 3670 a.
3112 3609 3211 3683 15,
3239 3608 3339 3673 56.

757 3713 857 3774 57.
902 3715 1001 3787 70,
1056 3710 1428 3793 Hieronym.
1476 3709 1516 3774 l.
1566 3709 1627 3786 l„
1670 3711 1778 3775 vit.
1815 3716 1872 3787 1,
1918 3709 1981 3775 d.
2011 3711 2095 3775 30
2138 3731 2341 3774 menS.
2388 3708 2597 3794 April.
2642 3730 2810 3772 anno
2853 3709 2936 3773 65
2994 3708 3103 3773 vit.
3139 3713 3206 3776 2.
3256 3746 3340 3755 -

759 3812 1151 3895 Argentaria
1179 3812 1363 3878 Polla
1394 3835 1579 3894 uxor,
1622 3813 1804 3877 cuius
1835 3814 2016 3877 iussu
2047 3814 2447 3898 scripserunt
2475 3812 2542 3875 in
2572 3810 2741 3875 diem
2773 3809 3053 3875 natalem
3086 3810 3337 3875 Lucani

761 3913 1004 3979 Statius
1050 3914 1503 3998 genethliacon
1535 3916 1703 3980 Stat.
1733 3916 1871 3980 silv.
1908 3921 1975 3992 2,
2011 3921 2054 3980 7
2093 3916 2175 3996 cf.
2205 3914 2423 3997 praef.
2471 3913 2510 3980 l.
2543 3919 2609 3990 2,
2656 3911 2974 3977 Martialis
3021 3914 3337 3998 epigram·

759 4026 931 4081 mata
974 4017 1276 4084 Martial.
1315 4023 1371 4096 7,
1410 4021 1659 4084 21-23.

885 4120 1162 4208 Scripsit
1204 4131 1270 4185 et
1311 4123 1599 4185 carmina
1645 4130 1710 4184 et
1754 4119 1965 4185 soluta
2009 4121 2297 4184 oratione
2347 4117 2654 4200 quaedam
2697 4119 2804 4185 vit.
2849 4122 2915 4194 2,
2964 4116 3134 4183 Stat.
3178 4123 3244 4194 2,
3279 4122 3337 4194 7,

757 4227 1025 4303 21-22,·
1085 4225 1374 4289 carmina
1402 4228 1670 4307 practer
1711 4222 2130 4287 Pharsaliam
2168 4222 2358 4286 haec:
2414 4221 2643 4286 laudes
2686 4221 2966 4284 Neronis
3009 4222 3117 4287 vit.
3167 4227 3220 4287 1.
3263 4225 3341 4298 2,-

760 4325 1023 4411 Orphea
1063 4328 1172 4393 vit.
1203 4332 1267 4403 2,
1309 4327 1478 4393 Stat.
1504 4326 1543 4391 l.
1571 4326 1612 4391 l.
1641 4347 1696 4393 r.
1720 4331 1838 4403 59,·
1872 4324 2116 4390 Iliacon
2146 4326 2250 4390 vit.
2278 4329 2343 4402 2,
2386 4323 2553 4389 Stat.
2576 4345 2631 4388 v.
2655 4326 2867 4389 55-56
2903 4323 3094 4406 (unde
3127 4342 3343 4389 versus

761 4427 952 4507 affert
987 4430 1285 4495 Lactant.
1334 4429 1422 4494 ad
1464 4429 1631 4494 Stat.
1679 4428 1871 4495 Theb,
1909 4433 1968 4505 3,
2002 4433 2156 4505 641;
2186 4432 2243 4504 6,
2275 4428 2471 4509 322),·
2511 4426 2881 4493 Saturnalia
2909 4427 3122 4504 vit.2,·
3151 4425 3338 4491 Cata-

760 4531 1107 4597 chthonion
1133 4533 1240 4597 vit.
1265 4537 1333 4608 2,
1366 4531 1535 4598 Stat.
1562 4552 1618 4596 v.
1639 4534 1727 4596 57
1752 4529 1943 4613 (unde
1973 4530 2247 4611 fortasse
2272 4549 2487 4593 versus
2517 4528 2710 4607 affert
2731 4528 3029 4592 Lactant.
3060 4527 3149 4592 ad
3171 4529 3338 4593 Stat.

768 4635 955 4700 Theb.
1002 4640 1062 4711 9,
1106 4640 1253 4711 424,
1298 4634 1414 4700 ubi
1460 4634 1740 4698 traditur
1776 4634 2082 4697 Lucanus
2131 4633 2197 4695 in
2246 4632 2645 4715 catagonia)3
2701 4629 3027 4696 Silvarum
3068 4630 3153 4712 X,
3218 4642 3339 4694 tra-

757 4737 1055 4821 goediam
1112 4736 1411 4802 Medeam
1471 4735 1949 4822 imperfectam,
2012 4733 2271 4798 salticas
2331 4732 2585 4798 fabulas
2629 4733 2813 4815 X1V,
2875 4733 3341 4817 epigrammata

763 4841 820 4921 (P
877 4840 1157 4905 traditur
1213 4850 1278 4904 et
1342 4842 1685 4925 appamata
1748 4837 1843 4901 vel
1909 4846 1972 4900 ct
2037 4836 2391 4922 ippamata)
2457 4838 2566 4901 υἰέ.
2626 4840 2692 4901 2.
2784 4834 2991 4899 Prosa
3049 4834 3339 4898 oratione

763 4945 1017 5029 scripsit
1068 4944 1134 5006 in
1183 4943 1532 5009 Octavium
1577 4941 1896 5023 Sagittam
1955 4949 2018 5003 ot
2080 4960 2195 5025 pro
2243 4961 2350 5023 eo,
2414 4937 2495 5002 de
2553 4936 2851 5002 incendio
2910 4936 3090 5001 urbis
3143 4936 3337 5020 (Stat.

761 5065 816 5110 v.
859 5046 1116 5128 60-61),
1164 5044 1611 5131 Epistularum
1660 5067 1742 5107 ex
1788 5043 2148 5127 Campania
2188 5043 2297 5106 vit.
2346 5046 2410 5116 2,
2458 5040 2929 5105 adlocutionem
2977 5041 3043 5103 in
3091 5037 3339 5104 Pollam

766 5148 928 5214 Stat.
974 5152 1213 5215 62-63.
