3859 5992
632 549 1035 606 ARISTIDES
1938 542 2061 606 133
2836 551 3349 609 ARISTOBVLVS

634 748 800 814 859³.
837 745 1211 811 Marcianus
1243 744 1564 811 Aristides
1601 746 1720 830 (sio
1758 747 1962 811 versio
1998 747 2257 830 syriaca
2292 746 2642 830 apotomae,
2676 753 2948 814 ceterum
2977 748 3347 833 Aristides),

761 848 1195 929 Atheniensis,
1244 847 1665 935 philosophus
1712 848 2123 915 Christianus
2168 849 2395 914 eodem
2440 859 2745 936 tempore,
2793 873 2921 938 quo
2961 860 3028 917 et
3057 851 3350 933 Quadra-

762 963 898 1036 ωε,
960 950 1203 1017 librum
1261 975 1377 1038 pro
1433 951 1818 1018 Christianis
1875 953 2305 1038 compositum
2366 954 2740 1039 imperatori
2786 954 3123 1020 Hadriano
3171 954 3352 1021 dedit

758 1055 1073 1122 Eusebi-us
1115 1054 1262 1120 hist.
1309 1054 1518 1120 eccles.
1563 1060 1622 1131 4,
1669 1060 1742 1131 4,
1801 1054 2232 1138 Hieronymus
2276 1054 2490 1121 chron.
2538 1056 2628 1121 ad
2669 1078 2731 1122 a.
2776 1056 2940 1125 Abr.
2983 1062 3178 1136 2142,
3230 1059 3348 1124 vir.

759 1159 851 1225 ill.
895 1162 985 1223 20
1027 1158 1121 1223 ΙΙ
1141 1180 1213 1240 p.
1242 1161 1373 1222 847
1411 1157 1505 1223 ed.
1554 1156 1866 1234 Vallarsi‚
1916 1158 2094 1239 epist.
2141 1162 2223 1222 70
2268 1157 2358 1222 ad
2401 1158 2717 1241 Maynum
2760 1159 2812 1224 I
2829 1181 2905 1243 p.
2933 1165 3081 1227 426.
3170 1160 3349 1226 Reli-

758 1263 943 1345 quias
986 1261 1366 1344 colleyerunt
1405 1260 1653 1325 Harris
1696 1266 1756 1325 et
1795 1260 2159 1336 Robinson,
2231 1260 2388 1326 Tezct
2431 1261 2564 1326 and
2611 1262 2851 1327 studies
2893 1263 3351 1328 contributions

762 1372 823 1431 to
869 1364 1129 1430 biblical
1173 1362 1305 1428 and
1333 1362 1641 1446 patristic
1677 1363 2036 1428 litterature
2064 1363 2116 1428 I
2147 1369 2187 1428 1
2201 1384 2222 1443 ‚·
2263 1363 2608 1429 versionem
2637 1365 2957 1447 syriacam
2988 1366 3349 1449 yermanice

763 1467 1092 1534 transtulit
1128 1467 1391 1544 Raabe,
1463 1466 1650 1532 Tente
1706 1466 1842 1531 und
1895 1466 2448 1551 Untersuchunyen
2487 1488 2606 1532 zur
2646 1466 3015 1533 Geschichte
3074 1468 3186 1533 der
3231 1468 3352 1533 alt·

767 1570 1169 1636 christlichen
1226 1570 1587 1635 De‘tteratur
1633 1569 1767 1635 IX.
1847 1569 1960 1634 Ex
2021 1570 2302 1636 versione
2364 1571 2622 1654 syriaca
2681 1571 2789 1653 (cf.
2847 1569 3079 1636 Raabe
3124 1593 3196 1653 p.
3241 1570 3353 1654 25)

768 1679 1035 1757 apparet
1096 1674 1570 1755 inscm'ptionem
1636 1672 1968 1756 apoloyiae
2030 1672 2196 1737 hanc
2262 1674 2398 1755 fere
2460 1674 2691 1755 fuisse:
2756 1675 3140 1760 αὐτοκράτορι
3197 1672 3354 1758 Τίτῳ

766 1776 1048 1864 Ἀδριανῷ
1094 1773 1415 1862 Ἀντωνίνῳ
1447 1776 1735 1864 Σεβαστῷ
1767 1774 2025 1862 Εὐσεβεῖ
2061 1774 2409 1862 Μαρκιανὸς
2454 1773 2799 1862 Ἀριστείδης
2843 1773 3150 1862 Ἀθηναῖος
3194 1775 3357 1862 φιλό-

767 1903 986 1966 σοφοςς
1045 1880 1256 1944 minus
1312 1884 1608 1944 accurate
1663 1880 1732 1944 in
1787 1880 2071 1944 versione
2129 1880 2496 1944 armeniaca
2559 1880 2956 1961 ‘imperatori
3009 1878 3355 1945 Hadriano

769 1982 1084 2049 Cacsari‘.
1190 1982 1362 2048 Vnde
1420 1987 1607 2065 patet
1673 1982 2013 2066 scriptores
2075 1982 2456 2047 christianos
2517 1982 2908 2066 neyleyenter
2969 1983 3205 2048 librum
3269 1983 3359 2047 ad

765 2086 959 2150 Pium
1011 2085 1268 2151 missum
1307 2085 1623 2150 rettulisse
1668 2085 1757 2150 ad
1811 2085 1888 2151 P.
1935 2085 2193 2150 Aelium
2235 2084 2670 2151 Hadrianum.
2737 2122 2815 2133 —
2872 2085 2976 2151 De
3031 2087 3354 2151 sententiis

765 2189 1076 2253 Aristidis
1121 2189 1204 2270 cf.
1250 2188 1583 2265 Harnack,
1629 2187 1963 2254 Lehrbuch
2010 2189 2121 2253 der
2162 2187 2797 2272 Doymcnyeschickte
2841 2189 2921 2254 ΙΒ
2955 2211 3028 2271 p.
3064 2193 3195 2254 482
3223 2209 3352 2271 sqq.

635 2293 763 2357 860
809 2292 897 2358 Μ.
915 2290 1198 2356 Aristius
1221 2292 1490 2357 Fuscus.
1523 2290 1920 2356 Praenomen
1951 2295 2126 2355 eoetat
2155 2292 2221 2356 in
2244 2291 2655 2373 inscriptione
2668 2291 2902 2357 Horat.
2929 2312 3126 2356 carm.
3146 2296 3204 2367 1,
3227 2296 3357 2369 22,·

772 2395 1022 2459 Fuscus
1044 2393 1278 2460 Horat.
1309 2414 1504 2458 carm.
1529 2399 1588 2471 1,
1611 2400 1724 2470 22,
1749 2400 1808 2470 4,
1841 2394 2019 2476 epist.
2051 2399 2110 2470 1,
2142 2399 2242 2470 10,
2274 2398 2350 2471 1,-
2393 2392 2680 2458 Aristius
2712 2393 2840 2458 ibd.
2864 2413 2920 2458 v.
2944 2398 3061 2472 44,-
3104 2394 3356 2458 Fuscus

769 2497 1050 2562 Aristius
1092 2502 1214 2563 sat.
1247 2502 1304 2573 1,
1336 2502 1396 2574 9,
1430 2502 1527 2563 61.
1601 2495 1866 2562 Amicus
1913 2497 2171 2561 Horatii
2219 2495 2450 2561 Horat.
2497 2500 2617 2561 sat.
2659 2502 2717 2572 1,
2752 2502 2813 2574 9,
2845 2502 2925 2561 61
2952 2517 3119 2579 sqq.,·
3163 2501 3220 2573 1,
3252 2501 3353 2573 10,

768 2605 867 2677 83,
928 2600 1013 2664 ad
1056 2621 1247 2685 quem
1292 2600 1554 2685 scripsit
1597 2620 1852 2664 carmen
1895 2604 1954 2675 1,
1985 2603 2081 2665 22
2124 2604 2183 2663 ct
2226 2599 2563 2682 epistulam
2607 2604 2664 2676 1,
2698 2605 2799 2665 10.
2876 2599 3357 2667 Grammaticus

769 2703 942 2768 Acro
988 2703 1076 2767 ad
1118 2704 1295 2785 epe'st.
1337 2707 1395 2779 1,
1428 2708 1531 2779 10,
1563 2707 1602 2766 1
1648 2700 1766 2781 (ΙΙ
1787 2726 1858 2784 p.
1887 2707 2021 2768 421
2066 2701 2180 2783 Η.)
2227 2707 2287 2767 et
2329 2702 2417 2766 ad
2455 2707 2577 2768 sat.
2624 2707 2682 2770 1.
2719 2709 2777 2779 9,
2811 2708 2932 2779 62,
2995 2701 3355 2784 Porphyrio

770 2805 858 2870 ad
883 2810 1004 2870 sat.
1031 2810 1088 2882 1,
1116 2812 1173 2882 9,
1198 2811 1315 2883 60‚·
1348 2807 1623 2891 scriptor
1645 2804 2126 2869 comoediarum
2150 2803 2509 2887 Porphyrio
2541 2804 2631 2868 acl
2651 2805 2830 2887 epist.
2859 2808 2916 2881 1,
2944 2809 3043 2880 10,
3080 2805 3356 2891 scriptor

769 2908 1248 2991 tragoediarum
1279 2908 1521 2972 codices
1548 2907 1807 2989 quidam
1836 2907 2115 2972 Acronis
2161 2907 2249 2971 ad
2290 2907 2468 2989 epist.
2501 2912 2560 2984 1,
2600 2912 2692 2973 10.
2762 2908 2937 2988 Quae
2968 2908 3183 2972 omnia
3209 2913 3357 2973 sunt

768 3011 920 3095 fidei
964 3013 1257 3076 incertae.

634 3116 754 3180 861
808 3114 1045 3197 Ariste,
1094 3113 1346 3199 lepidus
1391 3111 1829 3198 philosophus,
1879 3114 1991 3198 qui
2037 3115 2103 3177 in
2146 3115 2508 3196 gestatione
2559 3113 2937 3195 disserebat,
3002 3112 3123 3178 hoc
3184 3115 3353 3178 enim

762 3218 844 3284 ad
889 3216 1174 3282 edendas
1219 3238 1448 3302 operas
1495 3226 1745 3301 tempus
1791 3226 2088 3301 ceperat3
2135 3216 2217 3280 de
2260 3217 2447 3280 cuius
2494 3226 2670 3280 secta
2712 3237 2862 3281 cum
2905 3228 3346 3302 quaereretur,

762 3322 1049 3387 Scaurus
1106 3321 1198 3384 ait
1246 3321 1494 3404 ‘utique
1541 3320 2012 3405 Peripateticus
2074 3342 2202 3384 non
2262 3329 2423 3402 est‘3
2485 3319 2569 3384 de
2627 3318 2854 3384 eodem
2915 3342 3061 3384 cum
3122 3342 3351 3384 eonsu-

762 3423 1001 3489 leretur
1043 3422 1249 3488 Iulius
1296 3424 1694 3505 Graecinus,
1753 3424 1858 3486 vir
1899 3424 2232 3506 egregiu8‚
2296 3422 2455 3508 quid
2515 3424 2814 3505 sentiret,
2867 3433 3021 3486 ‘non
3066 3444 3348 3507 possum,

762 3527 989 3612 inquit,
1035 3526 1153 3590 tibi
1200 3524 1435 3607 dicere,
1497 3526 1714 3589 neseio
1761 3526 1955 3607 enim,
2018 3524 2174 3611 quid
2220 3524 2301 3589 de
2344 3524 2554 3609 gradu
2591 3525 2834 3607 faciat‘,
2886 3533 3216 3610 tamquam
3265 3524 3346 3589 de

763 3629 1084 3694 essedario
1117 3631 1628 3710 interrogaretur
1659 3627 1902 3694 Seneca
1930 3630 2109 3711 epist.
2141 3635 2248 3705 29,
2283 3634 2338 3693 6.
2422 3627 2581 3693 Cum
2611 3626 3033 3712 (Mamercus)
3064 3628 3351 3693 Scaurus

760 3733 868 3816 (cf.
899 3731 964 3797 A
991 3731 1149 3815 280)
1192 3753 1235 3795 a
1271 3731 1523 3796 Tiberio
1554 3753 1614 3796 a.
1644 3736 1733 3797 32
1772 3733 2010 3796 occisus
2052 3733 2156 3810 sit,
2199 3731 2560 3797 Graecinus
2588 3733 2696 3815 (cf.
2728 3731 2780 3796 I
2795 3731 2949 3813 231)
2994 3753 3037 3796 a
3078 3731 3147 3798 C.
3190 3730 3348 3796 Cac-

760 3856 924 3911 sare,
972 3835 1252 3917 efficitur
1299 3834 1463 3899 hunc
1507 3834 1873 3900 Aristonmn
1916 3836 2116 3917 fuisse
2146 3835 2596 3918 philosophum
2653 3834 3170 3916 Peripateticum,
3239 3836 3350 3915 qui

759 3937 1003 4003 Rom-ae
1034 3942 1241 4002 aetate
1280 3938 1521 4002 Tiberii
1546 3938 1775 4003 docuit.
1837 3939 2130 4003 Eundem
2158 3940 2502 4003 memorari
2531 3937 2831 4020 opinatur
2862 3936 3091 4013 chler,
3126 3937 3345 4001 Philo-

759 4040 976 4123 sophie
1037 4041 1149 4105 der
1203 4040 1518 4106 Griechcn
1561 4041 1652 4106 II
1654 4042 1682 4080 3
1727 4047 1775 4107 2
1821 4066 1894 4124 p.
1936 4046 2064 4107 926
2120 4041 2268 4108 adn.
2327 4048 2370 4105 3
2424 4042 2495 4105 in
2549 4040 2806 4106 scholiis
2870 4039 3194 4122 Simplicii
3258 4039 3346 4103 ad

769 4143 912 4209 Cat.
946 4144 1073 4208 631>
1119 4148 1221 4220 10,
1269 4149 1410 4208 66a
1450 4148 1553 4207 38.

659 4286 746 4295 —
812 4256 1205 4311 CAECILIVS
1249 4256 1542 4312 ARISTO.

656 4388 744 4398 —-
808 4349 1118 4417 Claudius
1163 4348 1405 4416 Ariste.

654 4492 742 4501 —
805 4462 1050 4517 TITIVS
1090 4463 1381 4519 ARISTO.

657 4596 744 4603 —
808 4556 1167 4621 Tussanius
1213 4555 1453 4620 Ariste.

634 4662 763 4725 862
807 4656 1239 4739 AristobuluS,
1294 4656 1578 4722 Herodis
1640 4665 1704 4720 et
1747 4656 2162 4720 Mariammcs
2215 4658 2448 4741 prioris
2513 4655 2703 4739 filius,
2751 4655 3111 4720 Alexandri
3154 4654 3354 4721 frater

766 4764 846 4844 cf.
881 4760 1178 4838 Schiirer,
1221 4758 1590 4826 Gesclzichte
1621 4759 1727 4823 des
1745 4759 2083 4841 jiidisclicn
2121 4759 2343 4825 Volkes
2369 4759 2421 4824 I
2436 4782 2510 4842 p.
2539 4763 2664 4823 337
2689 4780 2817 4841 sqq.
2898 4758 3093 4824 Circa
3137 4780 3197 4823 a.
3234 4764 3351 4824 731

766 4894 850 4919 =
877 4869 966 4930 23
1010 4863 1304 4928 Herodes
1349 4864 1582 4928 fratres
1617 4864 1886 4928 Romam
1930 4864 2106 4927 misit
2135 4862 2384 4946 Ioseph.
2431 4867 2562 4929 ant.
2609 4867 2706 4939 15,
2738 4867 2838 4939 10,
2871 4867 2946 4941 1,·
2990 4870 3137 4947 post
3164 4863 3349 4947 quin·

767 4967 1120 5053 quennium
1165 4966 1302 5031 fere
1348 4968 1414 5030 in
1460 4967 1735 5051 patriam
1781 4964 2042 5029 reduxit
2085 4976 2150 5030 et
2194 4963 2569 5030 Aristobulo
2601 4965 2961 5029 Berenicen
3007 4963 3350 5031 Costobari

766 5079 830 5135 et
872 5068 1161 5135 Salomes
1205 5068 1488 5133 Herodis
1534 5069 1774 5133 sororis
1822 5067 2021 5132 filiam
2066 5068 2134 5131 in
2180 5068 2665 5132 matrimonium
2711 5067 2894 5132 dedit
2935 5066 3020 5132 id.
3070 5072 3200 5132 ant.
3248 5072 3347 5145 16,

769 5179 824 5250 1,
869 5177 919 5238 2
962 5174 1044 5255 cf.
1092 5178 1192 5248 18,
1245 5178 1302 5249 6,
1349 5177 1406 5237 ,4.
1483 5169 1861 5254 Calumniis,
1925 5194 2087 5257 quas
2132 5170 2388 5237 Salomc
2443 5180 2670 5236 contra
2726 5169 2891 5234 filios
2937 5170 3349 5270 Mariffimmes
