3859 5992
473 567 836 623 CERVIDIA
1765 562 1892 627 339
2882 571 3192 627 CESTIVS

597 767 705 843 28,
751 770 808 841 6,
854 769 956 842 38,
1001 770 1074 842 3,
1145 765 1494 832 Cervidius
1556 765 1872 832 Scaevola
1931 765 2121 831 index
2177 766 2632 846 Florentium,
2692 767 2939 850 Diyest.
2984 771 3094 843 27,
3136 772 3195 843 1,

601 872 700 944 13,
732 873 813 945 2,·
855 874 956 944 40,
988 872 1046 945 5,
1080 874 1181 944 50,
1230 874 1498 933 ceterum
1544 868 1877 936 Scaevola.
2745 882 2757 893 '

726 966 1088 1056 Imperator
1120 971 1208 1035 M.
1242 969 1547 1035 Aurelius
1596 973 1660 1035 in
1708 973 1850 1036 iure
1888 973 2340 1037 constituendo
2388 995 2461 1038 eo
2507 973 2858 1060 praecipue
2900 996 3055 1036 usus
3101 980 3200 1036 est

599 1074 709 1137 vit.
757 1074 983 1138 Marci
1025 1079 1123 1149 11,
1168 1079 1270 1139 10.
1347 1075 1659 1156 Magister
1705 1075 2005 1160 Septimii
2052 1075 2277 1140 Severi
2324 1086 2389 1140 et
2435 1076 2774 1161 Papiniani
2812 1077 2921 1141 vit.
2964 1075 3194 1142 Carae.

599 1179 661 1252 8,
708 1181 769 1240 3.
873 1178 1026 1242 Iure
1092 1175 1428 1241 consultus
1498 1176 1890 1242 clarissimus
1955 1177 2355 1242 Modestinus
2419 1176 2664 1260 Diyest.
2724 1182 2833 1256 27,
2878 1184 2935 1259 1,
2985 1182 3083 1255 13,
3128 1181 3195 1252 2,

599 1300 836 1362 magno
885 1281 1142 1363 ingenio
1190 1279 1271 1343 de
1317 1281 1455 1344 iure
1499 1291 1724 1365 aperto
1772 1280 2110 1367 respondit
2161 1279 2603 1364 Tryphom‘nus
2647 1280 2775 1344 iba.
2820 1285 2920 1357 35,
2954 1285 3013 1356 1,
3052 1284 3194 1348 109.

608 1382 885 1468 Scripsit
929 1383 1350 1464 Digestorum
1394 1380 1436 1446 l.
1482 1384 1644 1461 XL,
1691 1385 2147 1468 quaestionum
2186 1382 2227 1447 l.
2272 1383 2441 1460 XX,
2489 1403 2944 1468 responsorum
2988 1379 3031 1447 l.
3079 1382 3193 1463 VI,

603 1482 975 1566 regularum
1020 1484 1059 1548 l.
1103 1485 1219 1565 IV,
1268 1484 1348 1548 de
1394 1488 1772 1571 quaestione
1831 1484 2116 1549 familiae
2175 1484 2214 1552 l.
2270 1484 2662 1568 singularem
2720 1485 2913 1550 indeae
2967 1484 3198 1561 Flor.,·

602 1598 941 1674 praeterea
994 1598 1435 1653 memorantur
1491 1587 1658 1653 liber
1714 1587 2065 1671 singularis
2121 1589 2571 1673 quaestionum
2632 1587 2895 1673 publice
2962 1598 3194 1653 tracta·

605 1698 849 1772 tarum,
912 1701 1102 1755 notae
1160 1691 1242 1756 ad
1302 1689 1537 1756 Iuliani
1598 1692 1873 1775 Digesta
1932 1702 1997 1757 et
2051 1691 2134 1755 ad
2193 1690 2482 1755 Marcelli
2529 1692 2807 1774 Digesta
2851 1692 2932 1772 ef.
2980 1689 3194 1766 Lenez,

605 1792 1054 1875 Paliwyenesia
1083 1795 1175 1859 II
1186 1816 1260 1877 p.
1292 1798 1420 1861 215
1440 1814 1591 1877 sqq„
1634 1792 2233 1873 Teuffel-Schwabe,
2276 1793 2642 1859 Geschichte
2673 1793 2785 1859 der
2816 1792 3198 1859 Romisehen

606 1896 940 1961 Literatur
983 1898 1031 1979 5
1076 1902 1199 1962 369
1217 1898 1262 1959 ⁵.

502 2034 585 2044 ·-—
651 2008 882 2062 ATTIA
930 2009 1293 2064 CERVIDIA
1340 2009 1685 2066 VESTINA.

478 2103 605 2165 566
651 2100 927 2166 Cervius
973 2104 1173 2168 iratus
1214 2103 1388 2187 leges
1420 2106 1759 2169 minitatur
1796 2113 1862 2167 et
1894 2124 2122 2167 urnam
2155 2103 2388 2169 Horat.
2418 2106 2539 2167 sat.
2570 2108 2636 2180 2,
2667 2108 2725 2179 1,
2758 2107 2846 2167 47
2856 2122 2875 2179 ;
2921 2101 3199 2168 Cervius

611 2204 918 2269 *Ascanii
964 2203 1233 2271 libertus
1272 2205 1700 2270 calumniator
1728 2206 2062 2271 accusavit
2090 2204 2209 2270 Cn.
2244 2204 2592 2270 Calvinum
2623 2202 2958 2285 (consulem
2993 2226 3052 2269 α.
3078 2209 3199 2268 701

605 2311 678 2370 ut
718 2306 989 2389 ridetur)
1034 2307 1176 2391 lege
1220 2307 1303 2371 de
1345 2308 1593 2371 sicariis
1639 2306 1828 2371 schol.
1878 2306 2226 2388 Cruquian.
2282 2343 2369 2352 —
2424 2305 2734 2372 Diversus
2789 2311 2881 2371 est
2924 2305 3198 2372 Cervius

603 2410 857 2473 vicinus
901 2409 1157 2474 Horatii
1201 2415 1323 2479 sat.
1366 2415 1431 2487 2,
1479 2414 1538 2487 6,
1584 2415 1683 2473 77.

483 2513 605 2576 567
655 2511 951 2596 Cerulus,
996 2511 1268 2579 libertus
1307 2513 1653 2599 praedives
1685 2514 2038 2595 ingenuum
2073 2534 2141 2575 se
2171 2524 2236 2576 et
2264 2512 2616 2577 Lachetem
2649 2522 2893 2576 mutato
2938 2511 3197 2576 nomine

610 2617 823 2701 coepit
865 2614 1055 2697 ferre,
1103 2615 1185 2679 de
1229 2637 1354 2701 quo
1404 2617 1649 2680 iocatus
1696 2624 1794 2678 est
1829 2615 2269 2700 Vespasianus
2301 2615 2558 2680 Sueton.
2600 2613 2966 2696 Vespa-siau.
3006 2618 3111 2682 23.

482 2719 605 2782 568
654 2728 717 2783 C.
765 2728 1185 2782 CERVONIVS
1243 2728 1507 2799 PAPVS,
1572 2716 1798 2781 consul
1859 2738 2029 2780 anno
2089 2719 2215 2781 243
2276 2738 2417 2780 cum
2480 2718 2554 2783 L.
2602 2716 2819 2782 Annio
2879 2716 3198 2799 Arrian03

605 2821 806 2904 plena
847 2822 1108 2886 nomina
1152 2820 1400 2887 exhibet
1443 2820 1595 2903 dipl.
1639 2820 1771 2889 mil.
1817 2820 1950 2883 III
1979 2824 2088 2896 52,
2134 2824 2404 2883 ceterum
2454 2820 2666 2905 Papus
2707 2819 2888 2900 fasti.

504 2961 589 2970 —-
653 2923 754 2997 Ti.
802 2923 1115 2989 Claudius
1162 2923 1478 2988 Proculus
1524 2922 1958 3008 Ceryllianus.

507 3064 590 3072 —
654 3026 903 3092 Fabius
946 3025 1376 3111 Ceryllianus.

505 3166 589 3175 —-
654 3139 926 3193 AELIVS
976 3137 1507 3192 OESETTIANVS.

508 3269 584 3277 —-
654 3281 671 3297 .
697 3280 713 3295 .
739 3280 755 3297 .
786 3231 1365 3315 [POMPONIANVS
1399 3239 1787 3294 SECVNDVS
1820 3237 1881 3297 P.
1909 3238 2095 3293 CEST
2120 3278 2306 3294 .....
2331 3238 2449 3293 IVS
2482 3238 2784 3293 PRISCVS
2818 3238 3196 3293 DVCENIVS

615 3344 1021 3401 PROCVLVS.

507 3474 590 3482 ———
662 3486 848 3503 .....
895 3437 1202 3518 Quintius
1250 3435 1592 3500 Cestianus
1636 3434 1974 3499 Ducenius
2020 3433 2357 3498 ProculuS.

487 3541 613 3603 569
660 3549 722 3604 C.
756 3548 1080 3620 CESTIVS,
1126 3538 1204 3603 L.
1238 3539 1300 3621 f.,
1350 3538 1524 3603 tribu
1558 3537 1742 3613 Pob.,
1790 3535 2000 3622 epu10‚
2049 3547 2325 3621 praetor,
2360 3535 2667 3601 tribunus
2706 3533 2930 3621 plebis,
2966 3535 3203 3599 VIIvir

616 3640 966 3727 epulonum
1013 3641 1115 3706 VI
1147 3646 1306 3704 1374
1353 3646 1394 3705 t.
1436 3641 1823 3705 monumenti
1861 3639 2076 3704 Cestii.
2150 3639 2238 3704 In
2278 3638 2577 3704 honorem
2622 3636 2689 3703 O.
2736 3636 2931 3702 Cestii
2967 3635 3204 3701 mortui

613 3746 762 3809 item
818 3745 1046 3826 serato?
1103 3749 1248 3807 sunt
1297 3742 1471 3807 tituli
1513 3743 1635 3806 duo
1682 3742 1785 3807 VI
1818 3746 1998 3819 1375,
2056 3741 2220 3806 uude
2276 3745 2549 3823 apparet
2592 3761 2730 3804 eum
2772 3745 2919 3804 ame
2969 3762 3028 3807 a.
3079 3744 3204 3804 742

617 3878 699 3900 =
742 3852 832 3913 12
877 3869 936 3912 a.
979 3845 1049 3914 C.
1093 3851 1406 3911 mortuum
1452 3866 1606 3922 esse,
1656 3866 1795 3910 oum
1837 3845 2006 3909 inter
2048 3843 2302 3909 heredes
2346 3844 2481 3908 eius
2522 3849 2678 3907 esset
2724 3842 2824 3907 M.
2870 3842 3204 3923 Ayrippa5

615 3950 693 4016 L.
742 3949 997 4015 Cestius
1039 3949 1241 4013 frater
1286 3948 1358 4013 C.
1409 3948 1584 4013 Cesti
1631 3947 1758 4013 ibet.
1822 3985 1895 3994 —-
1964 3946 2140 4011 Num
2184 3947 2349 4010 idem
2389 3947 2473 4010 sit
2519 3945 2591 4012 C.
2639 3944 2898 4009 Cestius
2942 3953 3204 4028 praetor

616 4077 676 4118 a.
723 4055 846 4118 710
891 4083 974 4106 :=
1019 4054 1120 4133 44,
1185 4053 1295 4136 qui
1355 4052 1761 4137 provinciam
1818 4048 1899 4113 ab
1960 4048 2247 4115 Antonio
2309 4046 2589 4112 oblatam
2650 4047 3018 4133 repudiavit
3071 4045 3200 4109 Cic.

617 4154 906 4237 th‘lzpp.
943 4159 1003 4229 3,
1048 4160 1154 4230 26,
1216 4153 1476 4217 dubium
1531 4152 1796 4228 videtur,
1856 4150 2025 4233 quod
2077 4150 2322 4215 Cestius
2366 4149 2625 4232 quidam
2685 4150 2875 4213 etiam
2936 4149 3006 4213 in
3052 4169 3202 4230 pro-

534 4272 556 4303 (
614 4258 870 4339 seriptis
915 4258 1046 4338 suit
1086 4256 1373 4338 Appiam.
1423 4255 1560 4319 bell.
1609 4256 1722 4322 civ.
1769 4260 1829 4331 4,
1876 4258 1982 4320 26.
2033 4290 2110 4298 --
2166 4252 2349 4334 Quod
2404 4253 2475 4316 iu
2524 4257 2567 4316 t.
2612 4250 2958 4334 sepulcrali
3010 4250 3208 4316 Cestii

615 4359 1039 4424 sacerdotium
1084 4360 1180 4422 bis
1225 4359 1610 4434 enuntiatur,
1642 4358 1803 4421 mihi
1829 4356 1975 4421 inde
2006 4355 2449 4439 explicandum
2476 4354 2742 4431 videtur,
2787 4353 2956 4436 quod
2983 4350 3207 4435 priore

619 4463 752 4527 loco
795 4461 1179 4543 coynominis
1222 4461 1432 4525 instar
1472 4461 1718 4525 nomini
1759 4459 2095 4535 adhaeret,
2152 4463 2224 4522 ut
2282 4458 2495 4523 eadem
2554 4458 2803 4521 ratione
2851 4476 2980 4520 non
3024 4453 3208 4547 senze!

623 4574 878 4647 ‘augur‘
927 4564 1023 4629 vel
1072 4563 1411 4649 ‘pontifex‘
1447 4564 1718 4646 ponitur
1773 4558 1883 4643 (ef.
1926 4560 2330 4643 Calpurnios,
2386 4558 2737 4641 Cornelios)
2784 4557 3208 4622 distinotionis

615 4688 814 4732 eausa
855 4666 1178 4730 homiuum
1222 4667 1653 4749 cognominum
1700 4664 1976 4730 eiusdem
2020 4663 2269 4728 aetatis.

488 4772 615 4838 570
661 4781 727 4834 L.
762 4778 1086 4833 CESTIVS.
1154 4769 1240 4833 In
1267 4769 1541 4832 nummis
1574 4769 1786 4833 aureis
1829 4768 1996 4833 cusis
2041 4767 2218 4831 eirca
2252 4766 2441 4849 finem
2471 4766 2629 4830 anni
2660 4769 2780 4829 710
2810 4792 2894 4816 =
2922 4766 3004 4826 44
3035 4782 3078 4825 a
3109 4759 3210 4827 Os

619 4874 694 4940 L.
742 4871 1000 4938 Cestius
1063 4870 1136 4939 C.
1193 4870 1596 4954 Norban(us)
1659 4871 2045 4955 pr(aetores)
2111 4870 2429 4952 s(enatus)
2489 4867 2837 4950 c(onsulto)
2896 4863 3207 4939 Babelon,

625 4975 971 5041 Mounaies
1001 4973 1077 5039 do
1106 4973 1172 5037 la
1202 4973 1598 5055 Republique
1627 4973 1944 5036 Romaine
1972 4972 2023 5036 I
2044 4994 2115 5054 p.
2145 4976 2269 5037 340
2305 4972 2388 5053 cf.
2424 4971 2796 5045 Mommsen,
2842 4966 3209 5032 Romisches

621 5079 1027 5143 Mimzwesen
1059 5098 1131 5158 p.
1163 5079 1311 5140 652.
1357 5078 1495 5139 658.
1546 5079 1680 5138 741.
1733 5112 1810 5120 ——
1856 5073 2037 5137 Idem
2078 5072 2327 5137 videtur
2370 5073 2444 5139 L.
2494 5071 2748 5137 Cestius
2794 5070 2871 5135 L.
2922 5069 2963 5135 f.
3008 5068 3210 5133 frater

621 5181 696 5247 C.
736 5180 936 5246 Cestii
982 5178 1188 5257 (ouius
1230 5181 1689 5241 monumentum
1749 5180 1947 5259 extat)
1994 5174 2095 5239 VI
2127 5180 2309 5241 1375.
2357 5214 2434 5224 -
2498 5174 2608 5239 Vel
2663 5173 2831 5237 idem
2884 5171 2980 5235 vel
3036 5169 3210 5255 filius

2693 5276 2800 5329 22*
