3859 5992
527 567 760 623 COTYS
1816 554 1945 620 479
2799 558 3237 616 CREMVTIVS

783 763 886 828 Ti.
946 760 1154 827 Iulius
1215 760 1418 847 Cotys
1479 766 1522 825 t.
1567 766 1627 825 1.
1672 760 1767 845 [2.
1817 759 1907 843 3]‚
1970 758 2173 843 Cotys
2216 760 2461 823 nummi
2474 810 2490 836 ,
2553 759 2681 841 (Τί.
2728 757 2908 841 Iulii)
2954 757 3238 823 Rhescu-

656 864 900 950 poridis
950 864 1153 948 filius,
1214 870 1256 928 t.
1301 870 1363 929 1.
1408 863 1531 948 [3].
1619 865 1764 929 Rex
1806 863 2082 948 Bospori
2128 862 2336 939 tituli,
2396 863 2670 939 nummi,
2733 862 3081 950 φιλόκαισαρ
3143 865 3241 928 καὶ

660 972 1064 1053 φιλορώμαιος
1109 972 1152 1031 t.
1200 973 1257 1032 1.
1302 966 1431 1052 [2],
1478 988 1647 1030 anno
1678 968 1803 1031 525
1849 995 1931 1019 Ξ
1971 988 2029 1029 a.
2064 966 2340 1031 228s229
2387 970 2430 1032 t.
2460 970 2527 1041 2,
2572 966 2695 1030 527
2742 996 2825 1019 =
2868 989 2926 1029 a.
2960 967 3233 1031 2301’231

657 1075 700 1135 t.
729 1074 789 1147 3,
822 1094 881 1135 a.
914 1073 1041 1134 524
1063 1071 1283 1135 -530
1312 1100 1396 1123 =
1427 1068 2101 1135 2271228—233J'234
2129 1068 2387 1131 nummi.
2452 1066 2607 1132 Cum
2650 1069 2911 1133 ultimus
2952 1088 3243 1134 nummus

651 1172 1151 1255 Rhescuporidis
1198 1174 1417 1256 patris
1473 1192 1657 1236 cusas·
1713 1173 1800 1235 sit
1858 1193 1919 1235 a.
1963 1175 2092 1236 525
2136 1168 2247 1251 (cf.
2294 1171 2487 1234 catal.
2533 1170 2736 1236 Lond.
2769 1193 2840 1254 Ρ.
2884 1177 2961 1236 71
3002 1194 3064 1237 n.
3114 1176 3238 1255 10),

656 1275 942 1356 sequitur
971 1271 1169 1356 Cotyn
1201 1295 1325 1356 per
1370 1294 1610 1338 annum
1651 1294 1786 1338 una
1831 1294 1971 1338 cam
2002 1277 2198 1355 patre
2228 1273 2615 1355 participem
2646 1274 2900 1356 imperii
2927 1295 3239 1357 reynasse.

535 1377 699 1442 1274
744 1375 977 1463 Cotye,
1040 1377 1328 1462 porticus
1376 1375 1602 1460 Cotyis
1666 1398 1832 1463 quae
1891 1373 2345 1460 appellabatur
2404 1375 2718 1461 Epidauri
2779 1376 2863 1441 ab
2908 1377 3240 1442 Antonino

660 1489 956 1543 senatore
1012 1480 1309 1544 restituta
1365 1490 1464 1544 est
1505 1478 1791 1544 Pau-san.
1837 1484 1903 1554 2,
1950 1483 2058 1554 27,
2105 1483 2161 1545 6.
2262 1477 2417 1558 Quis
2467 1478 2919 1562 intelleyendus
2968 1481 3086 1557 sit,
3146 1481 3242 1542 in-

659 1586 896 1645 certum
940 1586 1050 1645 est.

541 1684 699 1750 1275
745 1683 837 1749 Cr
855 1734 871 1749 .
896 1734 910 1748 .
940 1734 954 1748 .
982 1734 996 1748 .
1032 1684 1386 1750 Severinus
1405 1685 1775 1748 nomimtar
1801 1683 1873 1747 in
1906 1688 1949 1747 t.
1984 1682 2086 1746 VI
2101 1687 2270 1748 3001
2289 1683 2563 1765 yraphio
2595 1689 2860 1749 exarato
2892 1706 3061 1750 armo
3084 1691 3238 1761 225,

659 1788 769 1868 qui
791 1787 880 1851 ad
904 1787 1267 1852 sebaciaria
1291 1786 1641 1851 cohortium
1661 1786 1921 1870 viyslum
1951 1789 2221 1868 spectat;
2245 1786 2611 1867 praefectus
2638 1787 2897 1870 viyflum
2928 1810 3098 1853 anno
3110 1794 3243 1854 225

659 1894 733 1953 ut
773 1889 1039 1954 videtur.

543 1992 703 2057 1276
747 1992 825 2056 L.
873 1991 1241 2074 Crassitius,
1287 2012 1529 2074 genere
1565 1992 1978 2073 Tarentinae,
2029 1990 2272 2054 ordinis
2315 1990 2599 2055 libertini
2646 1994 3026 2074 cognomine
3064 1994 3245 2058 Pasi-

662 2094 792 2158 cles
822 2117 973 2159 mox
1007 2096 1288 2160 Pansam
1320 2116 1388 2158 se
1428 2094 2002 2175 transnominavit3
2049 2093 2154 2158 hic
2200 2095 2380 2157 initio
2411 2095 2586 2158 circa
2623 2116 2921 2159 scaenam
2950 2108 3246 2160 versatus

660 2209 788 2281 est,
850 2198 1085 2262 deinde
1144 2199 1209 2261 in
1270 2197 1541 2284 pergula
1601 2196 1851 2279 docuit,
1909 2197 2117 2261 donec
2176 2199 2635 2261 commentario
2689 2197 3014 2282 Zmyrnae
3074 2199 3244 2263 edito

661 2300 997 2382 inclaruitt,
1057 2323 1206 2365 cum
1250 2300 1513 2365 doceret
1570 2302 1697 2364 iam
1741 2298 1979 2364 multos
2021 2322 2097 2364 ac
2142 2299 2425 2382 nobiles,
2490 2302 2558 2364 in
2618 2300 2719 2364 his
2766 2301 3000 2365 Iullum
3047 2302 3246 2365 Anto-

665 2405 861 2485 nium,
909 2412 982 2467 ut
1011 2403 1243 2467 Verrio
1274 2424 1533 2489 quoque
1570 2401 1805 2467 Flacco
1851 2414 2355 2488 compararetur,
2407 2401 2671 2467 dimissa
2713 2415 2980 2490 repente
3026 2404 3247 2468 schola

659 2505 740 2569 ad
788 2505 868 2586 Q.
916 2505 1102 2570 Sexti
1146 2503 1514 2590 philosophi
1560 2515 1802 2570 sectam
1848 2506 2109 2568 transiit
2152 2505 2409 2570 Sueten.
2450 2527 2719 2587 yramm.
2762 2511 2861 2571 18.

577 2644 666 2654 —
710 2616 774 2672 C.
821 2616 1290 2671 CALPVRNIVS
1338 2616 1659 2671 CRASSVS
1707 2616 1937 2669 FRVGI
1982 2616 2436 2674 LICINIANVS.

579 2748 667 2756 —
710 2719 774 2775 C.
821 2719 1289 2775 CALPVRNIVS
1335 2718 1498 2774 PISO
1546 2719 1867 2773 CRASSVS
1913 2719 2144 2773 FRVGI
2190 2718 2642 2775 LICINIANVS.

580 2849 667 2858 —
711 2811 1015 2878 Galerius
1061 2812 1354 2877 Crassus.

580 2953 668 2961 —
711 2915 940 2980 Iunius
985 2914 1278 2981 Crassus.

577 3055 663 3064 -
705 3029 784 3084 M.
829 3027 1159 3082 LICINIVS
1207 3025 1551 3081 CRASSVS.

581 3159 668 3167 —
710 3132 774 3186 P.
820 3130 1147 3185 LICINIVS
1195 3129 1537 3184 CRASSVS.

580 3261 667 3270 —
709 3224 787 3289 L.
832 3223 1179 3307 Lic(inius)
1227 3222 1501 3288 Crassus
1546 3222 2005 3308 Damasippus

580 3363 667 3372 —
711 3336 790 3390 M.
834 3335 1162 3390 LICINIVS
1209 3334 1533 3389 CRASSVS
1577 3335 1827 3391 FRVGI.

582 3466 669 3474 ——
714 3428 1099 3511 (Llcmlvs)
1146 3437 1470 3492 CRASSVS
1517 3437 2084 3494 scmssoNlANVS.

582 3569 670 3580 --
716 3540 1095 3595 SVLPICIVS
1143 3539 1486 3594 CRASSVS.

550 3635 709 3700 1277
756 3634 1085 3710 Craterus,
1133 3643 1207 3697 ut
1249 3633 1538 3697 medicus
1583 3632 2041 3699 celeberrimus
2088 3636 2456 3699 nominatur
2498 3634 2731 3704 Horat.
2761 3642 2883 3701 sat.
2915 3642 2980 3713 2,
3017 3642 3076 3720 3,
3109 3643 3247 3714 161,

670 3737 849 3803 Pers.
882 3743 1003 3804 sat.
1033 3742 1091 3815 3,
1125 3742 1241 3815 65,·
1284 3738 1567 3820 Augusti
1613 3739 2014 3823 temporibus
2060 3738 2294 3803 nobilis
2337 3738 2526 3806 schol.
2562 3741 2919 3824 utriusque;
2960 3744 3251 3807 medicus

671 3842 1011 3926 Pomponii
1070 3839 1274 3905 Attici
1330 3839 1462 3905 Cic.
1510 3840 1599 3904 ad
1638 3842 1777 3905 Att.
1823 3845 1928 3918 12,
1976 3847 2074 3919 13,
2121 3847 2198 3919 1;
2255 3846 2360 3918 12,
2408 3846 2507 3918 14,
2544 3847 2604 3909 4.
2693 3843 2873 3907 Idem
2913 3848 3258 3910 memorari

668 3943 916 4008 videtur
955 3942 1183 4007 Galen.
1214 3942 1419 4007 XIII
1437 3964 1512 4025 Ρ.
1545 3948 1628 4008 96
1672 3943 1763 4010 ed.
1814 3944 2035 4022 Kalm,
2080 3944 2270 4008 XIV
2287 3966 2359 4026 Ρ.
2396 3950 2517 4008 147
2558 3949 2616 4009 et
2657 3945 2862 4011 XIII
2877 3970 2949 4030 Ρ.
2987 3952 3071 4010 80
3118 3950 3256 4027 (ubi

673 4045 976 4133 Καρτεροῦ
1021 4045 1272 4127 editur),
1320 4044 1634 4128 Porphyr.
1683 4045 1757 4111 de
1801 4047 2034 4113 abstin.
2079 4053 2137 4123 1,
2183 4051 2284 4111 17.

553 4150 713 4215 1278
758 4149 1089 4229 Craterus,
1144 4150 1496 4212 statuarius
1540 4148 1768 4213 domus
1814 4148 2169 4214 Caesarum
2216 4148 2497 4235 replevit
2539 4149 3007 4235 probatissimis
3052 4155 3253 4236 signis

673 4250 852 4315 Ptin.
894 4271 959 4315 n.
1004 4250 1065 4315 h.
1110 4255 1210 4327 36,
1255 4255 1358 4315 38.

553 4354 712 4420 1279
760 4352 1067 4418 Craterus
1112 4353 1548 4418 Monocerotis
1594 4356 2002 4438 cognomine,
2055 4358 2299 4421 recenti
2358 4356 2563 4435 fama,
2626 4357 2798 4443 quod
2860 4358 2925 4420 in
2979 4358 3257 4422 Erizena

674 4458 937 4540 regione
980 4456 1179 4521 Asiae
1223 4478 1566 4521 corvorum
1613 4479 1810 4542 opera
1853 4457 2217 4524 venabatur
2262 4458 2443 4524 Ptin.
2486 4480 2548 4524 n.
2595 4459 2655 4523 h.
2701 4465 2801 4536 10,
2843 4465 2988 4528 124.

587 4596 675 4607 -
719 4559 838 4624 Cn.
885 4558 1152 4641 Sergius
1198 4558 1526 4623 Craterus·

550 4663 715 4727 1280
761 4660 978 4743 Crato,
1005 4659 1224 4724 rhetor
1243 4660 1529 4725 Asianus
1552 4660 1635 4725 ab
1650 4661 1951 4744 Augusto
1977 4661 2253 4727 donatus
2269 4663 2512 4729 Seneca
2534 4669 2807 4729 controv.
2825 4670 2925 4742 10,
2943 4670 3002 4742 5,
3020 4672 3124 4733 21.
3142 4674 3254 4732 22.

588 4802 674 4810 —-
717 4774 794 4828 M.
841 4772 1263 4828 PETRONIVS
1313 4774 1761 4830 CREMVTIVS.

551 4869 709 4932 1281
761 4879 830 4930 A.
879 4875 1308 4931 CREMVTIVS
1357 4876 1645 4932 CORDVS
1693 4866 2102 4951 (praenomen
2144 4870 2315 4935 solus
2344 4871 2567 4953 posuit
2611 4871 2853 4937 Seneca
2897 4872 3126 4937 consol.
3173 4872 3261 4936 ad

679 4970 1006 5034 Marciam
1053 4975 1109 5045 1,
1153 4969 1243 5051 2),
1307 4992 1524 5034 rerum
1584 4972 1863 5057 scriptor
1921 4971 2192 5038 liberius
2252 4972 2446 5038 dictis
2506 4974 2815 5039 Seianum
2876 4975 3253 5055 offenderat,

677 5074 786 5159 qui
823 5092 973 5135 eum
1008 5070 1224 5136 clienti
1257 5094 1373 5135 suo
1399 5073 1611 5138 Satrio
1647 5074 1949 5139 Secundo
1981 5077 2383 5158 congiarium
2412 5075 2592 5140 dedit
2621 5077 2863 5143 Seneca
2894 5077 2934 5145 l.
2970 5077 3008 5141 l.
3040 5081 3153 5154 22,
3184 5084 3260 5156 4,-

677 5198 845 5239 anno
892 5176 973 5239 25
1035 5197 1073 5237 a
1134 5174 1346 5239 Satrio
1407 5176 1708 5241 Secundo
1775 5189 1841 5243 et
1896 5179 2162 5243 Pinario
2223 5179 2422 5244 Natta
2474 5181 2830 5246 maiestatis
2895 5182 2965 5245 in
3031 5192 3256 5246 senatu
