3859 5992
671 573 1041 643 cmvnws
1960 562 2089 628 404
3045 569 3373 624 cmva

798 768 1100 852 (fortasse
1134 767 1496 852 miliariae),
1543 767 1807 834 adiutor
1849 767 1934 833 ad
1978 788 2228 849 census,
2278 790 2359 833 ex
2403 788 2593 831 sacra
2631 767 2914 831 iussione
2942 764 3268 830 adhibitus
3304 765 3373 829 in

795 871 1137 937 consilium
1181 870 1490 958 praefecti
1537 872 1859 957 praetorio
1908 872 2062 937 item
2107 871 2285 953 urbi,
2346 879 2727 958 procurator
2766 867 2850 933 ad
2893 866 3068 933 bona
3111 867 3370 933 damna-

797 985 1026 1057 torum,
1065 984 1448 1061 procurator
1479 974 1733 1038 silicum
1762 975 2017 1038 viarum
2048 995 2273 1037 sacrae
2312 972 2512 1057 urbis,
2559 971 3050 1057 subpraefectus
3078 969 3368 1054 vigilum,

792 1086 1174 1162 procurator
1215 1076 1512 1162 privatae
1556 1076 1840 1160 regionis
1876 1074 2423 1157 Ariminensium3
2462 1084 2773 1159 patronus
2815 1072 3106 1138 coloniae
3150 1073 3369 1138 Pisau-

793 1180 1078 1244 rensium
1124 1179 1220 1246 tit.

663 1281 791 1347 838
834 1280 983 1349 Tib.
1015 1279 1386 1364 Cl(audius)
1425 1277 1645 1343 Zoilus
1691 1280 1942 1363 origine
1984 1279 2363 1359 Sardianus,
2409 1288 2790 1366 procurator
2832 1278 3118 1362 Augusti
3163 1281 3194 1344 ὁ
3236 1281 3373 1364 κρά-

792 1407 981 1456 τιστος
1028 1383 1286 1467 publice
1330 1381 1676 1447 honoratus
1719 1387 1762 1446 t.
1810 1380 2127 1448 Sardibus
2167 1388 2415 1466 reperto
2458 1381 2837 1447 Athenische
2882 1380 3373 1465 Mittheiluuyen

791 1486 895 1553 VI
926 1487 1137 1570 (1881)
1168 1507 1244 1567 p.
1274 1488 1406 1550 268
1446 1506 1510 1549 n.
1542 1488 1602 1549 9.

662 1657 790 1722 839
837 1666 1170 1722 CLAVDIA
1214 1656 1330 1740 (sic
1365 1654 1721 1733 SuetoniuS,
1769 1654 2021 1721 Κλωδία
2064 1655 2505 1742 Plutarchus),
2550 1655 2686 1720 filia
2728 1656 2802 1720 P.
2843 1654 3053 1721 Clodii
3100 1655 3366 1736 (inimici

791 1758 1154 1840 Ciceronis)
1214 1767 1280 1822 et
1335 1756 1642 1840 Fulviae,
1701 1759 2007 1843 privigna
2062 1758 2151 1822 M.
2199 1757 2502 1840 Antonii,
2563 1780 2758 1844 quam
2819 1756 2891 1824 C.
2938 1756 3181 1822 Caesar
3226 1758 3366 1841 (qui

789 1873 1015 1949 postea
1057 1861 1419 1944 Augustus)
1464 1883 1520 1924 a.
1570 1861 1687 1927 711
1740 1891 1822 1915 =
1866 1862 1951 1926 43
1994 1883 2054 1926 a.
2101 1860 2175 1928 C.
2237 1860 2687 1926 reconciliatus
2733 1860 3017 1926 Antonio
3070 1869 3369 1945 expostu-

788 1963 1076 2030 lantibus
1118 1965 1458 2049 utriusque
1502 1962 1814 2028 militibus
1859 1962 2050 2028 duxit
2094 1984 2365 2028 uxorem
2402 1962 2674 2028 vixdum
2720 1961 3002 2028 nubilem
3044 1971 3111 2027 et
3151 1985 3208 2027 a.
3244 1962 3367 2027 713

789 2096 873 2120 =
915 2069 992 2131 41
1044 2065 1368 2132 simultate
1424 2088 1570 2131 cum
1627 2065 1861 2131 Fulvia
1918 2088 2111 2131 socru
2169 2078 2311 2131 orta
2366 2065 2610 2132 dimisit
2672 2067 2977 2130 intactam
3036 2064 3249 2130 adhuc
3305 2077 3371 2130 et

786 2170 1110 2254 virginem
1169 2169 1427 2235 Suetou.
1473 2169 1745 2252 Auyust.
1800 2175 1904 2248 62,
1971 2169 2308 2239 Plutarch.
2366 2170 2605 2236 Aulon.
2652 2175 2741 2236 20
2798 2172 2883 2252 cf.
2940 2169 3076 2235 Dio
3118 2174 3215 2245 46,
3254 2172 3369 2244 56,-

786 2276 885 2350 48,
922 2276 981 2350 5,
1030 2270 1181 2339 Vell.
1220 2277 1284 2350 2,
1316 2277 1413 2351 65,
1444 2277 1511 2339 2.

658 2376 786 2442 840
831 2384 1194 2457 CLAVDIA,
1256 2373 1389 2439 filia
1431 2375 1533 2440 Ti.
1581 2373 1837 2441 Claudii
1882 2376 1997 2460 qui
2053 2385 2277 2461 postea
2322 2376 2667 2461 imperavit
2712 2385 2778 2440 et
2815 2374 3113 2440 Plautiae
3156 2373 3363 2455 Vrgu-

781 2475 1075 2555 lanillae3
1122 2498 1271 2541 cum
1298 2475 1612 2542 Claudius
1645 2499 1786 2542 eam
1817 2500 1899 2541 ex
1936 2476 2171 2542 liberto
2204 2500 2320 2543 suo
2358 2477 2594 2543 Botere
2636 2489 3011 2564 conceptam
3056 2475 3363 2549 crederet,

784 2580 1080 2668 quamvis
1109 2589 1259 2644 ante
1293 2581 1590 2665 quintum
1620 2602 1907 2644 mensem
1938 2578 2202 2645 divortii
2246 2590 2465 2645 natam
2511 2579 2729 2667 alique
2773 2591 3083 2666 coeptam,
3130 2579 3363 2664 exponi

785 2692 997 2748 tamen
1042 2680 1127 2746 ad
1174 2683 1396 2747 matris
1442 2683 1704 2747 ianuam
1743 2692 1808 2746 et
1837 2680 2079 2746 nudam
2124 2683 2313 2748 iussit
2353 2682 2524 2748 abici
2556 2683 2808 2750 Saaeton.
2852 2681 3086 2749 Claud.
3118 2687 3223 2748 27.

655 2785 776 2850 841
828 2794 1159 2849 CLAVDIA
1214 2794 1561 2848 AVGVSTA
1625 2783 1741 2864 (sic
1801 2784 2143 2850 Suetonius
2194 2785 2372 2851 Nero
2411 2791 2525 2863 35,
2587 2791 2736 2852 acta
2779 2785 3006 2851 Arval.
3056 2807 3118 2849 a.
3159 2789 3239 2850 63
3282 2784 3364 2866 cf.

784 2885 990 2953 Colum
1033 2886 1116 2951 1²
1149 2909 1219 2969 p.
1250 2885 1416 2967 316),
1477 2885 1612 2951 filia
1664 2886 1941 2952 Neronis
2001 2896 2067 2951 et
2122 2888 2462 2976 Poppaeae
2523 2888 2808 2955 Sabinae
2862 2912 2920 2953 a.
2962 2889 3046 2953 63
3107 2889 3366 2954 ineunte

785 2987 969 3054 Antii
1016 2999 1170 3054 nata
1213 3000 1278 3054 et
1322 2990 1538 3054 statim
1582 2988 1884 3073 Augusta
1927 3001 2305 3076 nuncupata
2342 2992 2491 3057 Tac.
2526 3013 2586 3055 a.
2618 2994 2715 3068 15,
2745 2996 2853 3068 23,
2901 2991 3158 3057 Sueton.
3205 2991 3248 3056 l.
3293 2990 3370 3067 l.,·

778 3091 863 3158 ob
924 3090 1280 3156 adventum
1325 3092 1602 3156 Neronis
1658 3105 1724 3157 et
1773 3094 2118 3178 Poppaeae
2164 3092 2499 3177 Augustae
2554 3104 2619 3159 et
2673 3092 2990 3159 Claudiae
3033 3093 3366 3178 Augustae

783 3194 920 3260 1111
966 3193 1112 3259 idus
1157 3195 1412 3279 (mensis
1440 3194 1669 3278 periit)
1716 3218 1773 3262 a.
1820 3197 1903 3260 63
1950 3194 2454 3261 immolaverunt
2482 3196 2716 3262 fratres
2746 3195 3024 3263 Arvales
3065 3196 3364 3263 V12043.

780 3298 965 3362 Intra
1004 3308 1309 3383 quartum
1352 3319 1638 3362 mensem
1682 3299 1878 3384 periit
1915 3297 2062 3365 Tac.
2096 3298 2137 3363 l.
2171 3298 2211 3363 l.
2296 3298 2691 3365 Consecrata
2733 3310 2864 3365 est:
2910 3299 3065 3365 diva
3094 3299 3371 3367 Claudia

782 3400 1061 3465 Neronis
1106 3399 1241 3466 filia
1283 3400 1353 3464 iu
1392 3421 1683 3478 numm0‚
1736 3402 1846 3483 qui
1888 3401 1970 3465 ab
2010 3421 2145 3466 una
2173 3407 2371 3484 parte
2412 3402 2757 3485 inscriptus
2802 3407 2893 3468 est
2935 3401 3092 3469 diva
3142 3404 3366 3470 Claud.

783 3503 938 3568 Ner.
971 3502 1038 3586 f.,
1071 3502 1152 3567 ab
1186 3503 1395 3568 altera
1421 3503 1578 3569 diva
1607 3505 1914 3590 Poppaea
1934 3504 2107 3588 Aug.
2130 3505 2374 3571 Ecklzel
2405 3504 2506 3571 VI
2511 3528 2583 3589 p.
2606 3510 2754 3584 287,
2798 3505 3008 3572 Cohen
3030 3507 3112 3571 1²
3132 3529 3205 3590 p.
3227 3513 3365 3586 315,

786 3603 942 3671 diva
982 3604 1261 3672 Claudia
1304 3608 1491 3689 virgo
1524 3606 1776 3690 passim
1823 3607 1888 3670 iu
1934 3607 2097 3672 actis
2138 3607 2479 3672 Arvalium
2524 3630 2583 3675 a.
2616 3613 2697 3673 66
2744 3607 2847 3673 VI
2873 3613 3062 3674 2044.

655 3708 783 3774 842
832 3718 1161 3773 CLAVDIA
1208 3708 1299 3777 M.
1338 3708 1542 3775 Silani
1590 3708 1900 3793 (consulis
1931 3734 1990 3778 a.
2028 3712 2105 3777 15
2137 3734 2200 3796 p.
2231 3710 2335 3791 C.)
2368 3710 2502 3777 filia
2532 3710 2767 3777 elicitur
2798 3713 2945 3778 Tac.
2971 3735 3031 3778 a.
3057 3718 3115 3791 6,
3139 3719 3245 3780 20.
3269 3721 3365 3792 45,

782 3832 943 3893 quae
988 3810 1152 3877 alibi
1190 3813 1379 3877 Iunia
1423 3810 1760 3895 Claudilla,
1809 3813 1949 3879 vide
1990 3814 2173 3896 infra
2213 3814 2329 3879 sub
2375 3814 2587 3879 Iuniis
2629 3815 2681 3880 I
2710 3819 2852 3881 571.

656 3914 782 3978 843
829 3913 1227 3998 CLAV[D1A],
1277 3936 1444 3979 uxor
1462 3914 1550 3997 (?)
1594 3914 1685 3979 M.
1723 3914 1979 3980 Aurelii
2025 3915 2306 3981 Cominii
2346 3915 2639 3982 Cassiani
2688 3917 2872 3984 VIII
2892 3921 3063 3985 2585
3105 3922 3150 3983 t.
3180 3921 3369 3985 Lam-

788 4016 1152 4082 baesitanus
1193 4016 1472 4082 mutilus.

656 4118 784 4183 844
826 4117 1119 4201 Claudia,
1168 4118 1391 4202 vidua,
1438 4118 1592 4184 dein
1631 4119 1824 4185 Statii
1869 4131 2099 4206 poetae
2144 4143 2330 4205 uxor,
2377 4120 2461 4186 ad
2507 4143 2704 4207 quam
2748 4124 3009 4208 scripsit
3048 4123 3187 4189 silv.
3214 4129 3274 4202 3,
3306 4131 3365 4203 5,

786 4223 868 4302 cf.
914 4241 969 4284 v.
1000 4223 1081 4286 51
1120 4242 1268 4305 sqq„
1302 4222 1523 4305 praef.
1569 4221 1706 4288 silv.
1755 4222 1794 4287 l.
1834 4227 1895 4290 3.

660 4323 786 4388 845
832 4322 1108 4389 Claudia
1149 4324 1449 4389 Martial.
1494 4330 1554 4401 5,
1601 4327 1698 4401 78,
1742 4329 1824 4389 31
1871 4325 2004 4391 loco
2045 4346 2312 4408 prorsus
2358 4327 2638 4404 obscum,
2696 4326 2811 4391 ubi
2849 4349 2929 4392 ne
2971 4327 3086 4393 hoc
3127 4329 3371 4411 quidem

789 4430 1064 4503 constat,
1122 4448 1270 4490 uum
1330 4426 1558 4491 mulier
1617 4426 2038 4510 intolleyenda
2087 4428 2173 4493 sit
2223 4428 2304 4510 cf.
2352 4449 2512 4510 quae
2556 4427 2884 4494 adnotavit
2926 4428 3370 4499 Fricdlc'i-ndcr.

658 4528 785 4592 846
831 4525 1138 4612 Claudia,
1209 4526 1340 4593 filia
1397 4528 1652 4616 Crispi,
1722 4529 1939 4595 fratris
2004 4531 2410 4616 imperatoris
2477 4529 2733 4597 Claudii
2801 4531 3137 4617 (Gothici),
3209 4558 3373 4600 uxor

785 4628 1105 4715 Eutropii,
1166 4642 1375 4696 mater
1418 4631 1783 4698 Constantii
1844 4631 2145 4698 Caesaris
2195 4634 2302 4697 vit.
2359 4632 2630 4699 Claudii
2669 4639 2769 4712 13,
2815 4641 2880 4712 2,
2934 4636 3049 4700 ubi
3088 4641 3373 4720 suspecta

785 4736 933 4798 sumt
979 4732 1211 4797 omnia.

658 4834 784 4900 847
832 4832 1141 4916 Claudia,
1202 4857 1384 4900 soror
1444 4838 1852 4923 imperatoris
1897 4836 2123 4921 Probi,
2171 4860 2340 4924 quae
2385 4860 2619 4923 corpus
2664 4838 2884 4904 fratris
2927 4840 3258 4927 sepelivit,
3304 4842 3372 4907 id

788 4936 962 5022 quod
1022 4938 1088 5002 in
1147 4937 1558 5025 ephemeride
1616 4938 1852 5024 legisse
1910 4962 1980 5004 se
2042 4940 2332 5005 meminit
2390 4951 2618 5006 auctor
2659 4943 2767 5009 vit.
2816 4942 3023 5009 Probi
3059 4948 3119 5023 3,
3165 4950 3206 5010 4
3251 4945 3373 5029 fide

790 5045 1100 5123 suspecta.

681 5179 768 5189 -
831 5142 1430 5231 TENJAJGENONIA
1469 5154 1820 5210 CLAva.
