3859 5992
577 518 954 575 ANTONIVS
1895 511 1978 575 97
2907 519 3287 574 ANTONIVS

706 740 833 783 non
878 722 1168 801 possunt,
1223 716 1465 782 Eckhel
1511 716 1654 781 VII
1672 739 1745 800 p.
1774 721 1898 781 301
1926 737 2079 800 sqq„
2136 716 2350 782 Cohen
2393 717 2484 782 V²
2517 740 2591 800 p.
2623 723 2662 781 1
2692 738 2841 800 sqq„
2890 718 2964 781 de
3008 717 3291 784 Aleman-

706 820 910 886 drim's
967 842 1089 886 von
1134 819 1367 897 Sallet,
1429 819 1646 884 Daten
1705 819 1815 884 der
1874 819 2468 885 alexandr-misenen
2528 821 3033 886 Kaisermiinzcn
3072 844 3145 904 p.
3190 827 3288 890 56.

832 930 1139 997 Privatus
1154 931 1526 1014 plerumque
1548 930 1637 995 M.
1664 930 1989 995 Antonius
2014 930 2385 996 Gordianus
2414 933 2776 997 nominatus
2797 932 2995 1014 fuisse
3024 934 3286 1011 videtur,

706 1056 844 1100 cum
905 1036 1154 1100 omnino
1212 1035 1283 1099 in
1336 1034 1610 1098 nummis
1666 1035 1994 1099 commatis
2037 1034 2322 1100 Romani
2377 1040 2436 1099 et
2478 1035 2551 1099 in
2593 1035 2796 1100 titulis
2836 1037 3081 1118 nepotis
3128 1033 3289 1115 (cede

703 1137 909 1221 infra)
955 1140 1049 1202 ita
1090 1141 1518 1219 nuncupetur,·
1558 1158 1709 1201 num
1742 1138 2043 1219 privatus
2088 1138 2447 1220 coynomine
2493 1138 2946 1223 Semproniani
2989 1159 3140 1203 usus
3182 1140 3284 1215 3ἱ,έ

704 1241 771 1305 in
799 1240 1003 1306 medio
1032 1239 1503 1323 relinqumzdum
1534 1244 1640 1305 est.
1700 1242 1923 1323 Inepte
1955 1240 2029 1304 de
2056 1241 2415 1305 nominibus
2448 1240 2924 1306 Gordianorum
2952 1243 3288 1325 seripiores

701 1345 812 1426 qui
838 1342 1135 1408 dicuntur
1173 1342 1477 1407 historiae
1505 1342 1835 1426 Auqustae
1862 1342 2271 1407 hariolantur
2299 1343 2481 1408 modo
2508 1352 2732 1409 nomen
2761 1343 3072 1408 Antonini
3104 1344 3285 1408 modo

569 1464 574 1469 ·
703 1445 970 1511 Antonii
1002 1446 1085 1510 iis
1114 1446 1455 1510 tribuentes
1481 1447 1617 1510 vita
1648 1446 1944 1510 Macrini
1967 1450 2027 1523 3,
2056 1448 2116 1523 5,
2156 1445 2463 1511 Diadum.
2496 1451 2552 1524 6,
2584 1451 2643 1523 3,
2690 1446 3055 1528 Elayabali
3080 1452 3177 1524 18,
3214 1452 3286 1523 1,·

700 1555 799 1626 34,
831 1554 890 1627 6,
932 1549 1410 1616 Gordianorum
1451 1554 1510 1626 4,
1546 1553 1618 1626 7,·
1662 1554 1720 1627 9,
1753 1552 1828 1628 5;
1873 1554 1974 1627 17,
2005 1555 2065 1614 1.
2097 1556 2156 1616 5.
2188 1587 2277 1596 —
2302 1549 2627 1615 Antonius
2660 1549 3029 1617 Gordianus
3060 1549 3284 1614 Philo-

700 1656 943 1717 stratus
957 1650 1176 1735 praef.
1205 1651 1311 1716 vit.
1342 1649 1623 1733 sophist„
1663 1650 1877 1716 Victor
1907 1650 2087 1717 Caes.
2116 1656 2222 1729 26,
2258 1657 2311 1735 1,
2347 1653 2462 1717 ubi
2489 1651 2859 1717 Anthonius
2891 1651 3083 1717 codex
3110 1651 3283 1715 Bod—

704 1755 948 1820 leianus
991 1752 1253 1835 exhibet,
1301 1757 1572 1819 ceterum
1616 1753 1987 1820 Gordianus
2032 1754 2208 1837 apud
2245 1756 2603 1838 scriptores.

829 1865 1037 1930 Natus
1082 1872 1181 1928 est
1223 1885 1394 1928 anno
1439 1862 1578 1927 fere
1626 1863 1767 1945 159,
1829 1885 1969 1928 cum
2021 1886 2081 1929 α.
2126 1870 2259 1931 238
2299 1867 2362 1937 ἐς
2407 1865 2537 1937 ἔτος
2579 1867 2693 1952 ἤδη
2740 1868 2878 1952 περί
2914 1889 3027 1929 που
3073 1866 3275 1951 ὀγδοη-

702 1970 909 2034 κοστὸν
961 1969 1272 2055 ἐληλακὼς
1317 1965 1571 2033 dicatur
1612 1965 1970 2033 Herodian.
2020 1970 2076 2043 7,
2120 1971 2176 2049 5,
2221 1972 2270 2032 2
2314 1964 2424 2047 (cf.
2471 1966 2711 2032 Zonar.
2758 1971 2862 2044 12,
2909 1973 2991 2031 17
3033 1969 3281 2054 ἑβδομή-

702 2095 880 2136 κοντα
922 2071 1036 2157 γὰρ
1082 2071 1181 2135 καὶ
1224 2068 1395 2134 ἐννέα
1440 2070 1583 2157 ἐβίω
1630 2069 1977 2150 ἐνιαυτούς),
2021 2079 2207 2155 patre
2236 2069 2486 2134 Maecio
2517 2068 2816 2153 Maru110‚
2847 2078 3053 2133 matre
3083 2068 3281 2155 leia

698 2172 1065 2255 Gordiana3
1132 2173 1448 2256 originem
1507 2180 1844 2257 paternam
1904 2195 1989 2236 ex
2048 2171 2494 2238 Gracchorum
2536 2193 2777 2255 genere
2820 2172 3048 2238 habuit
3090 2173 3279 2255 (unde

697 2274 1148 2362 Semproniani
1208 2294 1544 2357 cognomen
1599 2274 1910 2358 sumpsit),
1966 2284 2325 2339 maternam
2384 2297 2468 2340 ex
2524 2276 2789 2340 Traiani
2851 2277 3274 2362 imperatoriS‚

700 2387 885 2463 patre
943 2397 1068 2441 avo
1129 2397 1374 2462 proavo
1435 2374 1812 2442 consulibus
1862 2378 1970 2444 vit.
2034 2378 2233 2443 Gord.
2279 2383 2346 2456 2,
2391 2384 2457 2444 2.
2546 2378 2981 2459 Quaesturam
3035 2381 3277 2461 magni-

695 2479 1177 2545 ficentissimam
1207 2479 1426 2562 gessit,
1457 2478 1805 2544 aedilitatis
1837 2502 1994 2544 suae
2024 2490 2310 2567 tempore
2341 2480 2685 2546 duodecim
2713 2479 2952 2566 populo
2984 2481 3275 2546 Romano

695 2604 965 2648 munera
1007 2579 1306 2646 exhibuit
1345 2582 1481 2645 vita
1521 2587 1580 2658 3,
1622 2586 1683 2659 5,
1744 2592 2118 2668 praeturam
2160 2582 2444 2663 nobilem
2486 2585 2687 2668 gessit
2728 2584 2864 2648 vita
2903 2588 2962 2661 4,
3009 2589 3084 2662 1;
3127 2607 3274 2648 con-

693 2685 973 2752 sulatum
1003 2705 1149 2748 sero
1180 2684 1432 2769 accepit
1459 2685 1596 2749 vita
1625 2688 1725 2763 18,
1754 2688 1814 2763 5,
1862 2687 2143 2771 primum
2188 2687 2332 2751 iniit
2371 2709 2519 2752 cum
2547 2685 2876 2751 Antonino
2918 2686 3272 2772 Caracalla,

693 2787 1049 2854 secundum
1091 2809 1240 2852 cum
1284 2785 1660 2852 Alexandro
1704 2790 1840 2853 vita
1881 2794 1940 2866 4,
1985 2794 2044 2855 1.
2123 2789 2402 2855 Errasse
2462 2788 2913 2872 bioymfflmm,
2974 2790 3084 2872 qui
3129 2811 3272 2855 con-

690 2891 967 2957 sulatum
1022 2889 1361 2955 secundum
1418 2912 1495 2955 ex
1552 2892 1883 2957 consulatu
1924 2892 2053 2976 filii
2095 2891 2372 2971 effecisse
2414 2892 2678 2970 videtur,
2742 2892 2960 2958 elocent
3010 2896 3271 2971 nummi,

691 2996 760 3061 in
801 2994 1029 3077 quibus
1072 2993 1305 3058 dicitur
1359 2993 1577 3059 consul
1619 2995 1755 3060 sine
1800 2996 2160 3061 iterationis
2199 3000 2370 3061 nota.
2455 2994 2692 3062 Consul
2731 2993 3033 3075 suffectus
3076 2996 3273 3078 iyitur

691 3118 857 3163 armo
915 3097 1153 3162 inoerto
1206 3093 1609 3163 Caracallae.
1701 3096 1840 3163 Sub
1885 3097 2261 3164 Alexandro
2315 3098 2557 3164 Severo
2617 3097 2964 3184 proconsul
3008 3098 3272 3163 Africae

688 3199 896 3265 factus
948 3207 1046 3263 est
1085 3198 1220 3263 vita
1263 3205 1322 3276 5,
1366 3203 1424 3275 1,
1477 3198 1919 3266 Philostratus
1964 3202 2200 3284 praefi,
2262 3202 2373 3284 qui
2427 3203 2487 3266 ei
2535 3201 2905 3285 proconsuli
2960 3201 3274 3266 dedicavit

690 3302 887 3367 libros
929 3301 1004 3367 de
1045 3302 1193 3366 vitis
1235 3301 1699 3384 scmhistarum,·
1743 3309 1983 3370 πολλῶν
2027 3305 2309 3392 πρότερον
2354 3306 2532 3392 ἄρξας
2576 3307 2768 3371 ἐθνῶν
2815 3304 2877 3369 ἔν
2920 3330 2987 3369 τε
3029 3305 3271 3393 πράξεσι

689 3406 985 3492 μεγίσταις
1034 3404 1367 3476 ἐξετασθείς
1411 3405 1766 3472 Herodian.
1809 3412 1866 3485 7,
1909 3410 1971 3485 5,
2015 3413 2082 3485 2,
2130 3409 2237 3473 cui
2274 3429 2426 3473 num
2469 3406 2626 3491 sides
2667 3406 2961 3472 habenda
3002 3408 3089 3471 sit
3128 3408 3269 3471 iure

687 3506 1035 3573 dubitatur.

814 3608 1009 3675 Anno
1039 3609 1166 3675 238
1213 3611 1476 3675 ineunte
1508 3612 1576 3675 in
1606 3612 1842 3698 oppido
1873 3611 2177 3677 Thusdro
2223 3614 2571 3698 imperator
2600 3610 2964 3699 appellatus
2997 3611 3264 3677 Cartha-

684 3712 901 3795 ginem
944 3733 1014 3776 se
1058 3711 1359 3796 contulit,
1421 3712 1535 3778 ubi
1594 3724 1659 3778 et
1715 3713 1885 3780 filius
1929 3715 2182 3800 legatus
2225 3717 2427 3800 patris
2470 3715 2810 3799 Augustus
2855 3725 3267 3801 nuncupatur

683 3812 1038 3880 Herodian.
1073 3819 1128 3893 7,
1159 3818 1219 3892 5,
1250 3820 1471 3893 2-6,
1502 3822 1569 3894 2,
1613 3818 1748 3883 υἱέα
1779 3823 1929 3896 7-9,
1979 3818 2192 3884 Victor
2230 3819 2410 3885 Caes.
2441 3823 2546 3885 26.
2607 3818 2964 3900 Legatione
2992 3819 3265 3883 Romam

681 3918 881 3984 missa
911 3926 1174 3982 senatus
1209 3917 1619 4005 populusque
1649 3920 2014 3988 Gordianos
2058 3923 2478 4009 imperatores
2513 3923 2797 4005 agnovit,
2830 3920 3263 3984 Maximinum

681 4019 1173 4106 Maximumque
1216 4019 1431 4085 hostes
1476 4021 1793 4089 iudicavit
1828 4023 2182 4089 Herodian.
2233 4029 2287 4102 7,
2333 4029 2391 4102 6,
2436 4024 2572 4089 υἱέα
2616 4029 2671 4102 7,
2703 4028 2746 4088 8
2772 4043 2922 4105 sqq„
2971 4022 3265 4088 Zosimus

679 4128 738 4201 1,
769 4127 868 4187 14.
944 4121 1116 4207 (Huc
1158 4128 1442 4206 spectare
1483 4125 1576 4190 έὶέ.
1620 4125 1975 4208 Africanos
2018 4131 2297 4210 repertos
2348 4148 2417 4192 eo
2479 4126 2644 4203 locO,
2703 4126 2817 4190 ubi
2872 4126 3009 4207 fuit,
3056 4127 3261 4189 muni-

680 4226 916 4309 cipium
957 4223 1360 4303 Althiburus,
1406 4224 1593 4293 VIII
1623 4232 1801 4294 1822
1841 4228 2174 4295 Victoriae
2219 4230 2391 4313 Aug.
2441 4235 2501 4295 et
2541 4234 2710 4296 1823
2751 4229 3080 4293 Victoriae
3124 4250 3259 4293 sen.

677 4327 864 4393 Rom.
897 4327 1161 4393 coniecit
1188 4327 1591 4417 W‘lmanns.)
1659 4330 2090 4413 Imperatores
2117 4333 2284 4415 facti
2312 4339 2506 4416 pater
2535 4337 2596 4398 et
2630 4332 2807 4416 lilius
2819 4332 3021 4416 plane
3052 4332 3261 4398 coelem

677 4430 860 4496 modo
905 4429 1314 4513 appellantur
1353 4431 1518 4519 Imp.
1562 4432 1804 4498 Caesar
1839 4434 1928 4499 M.
1961 4433 2286 4500 Antonius
2332 4434 2703 4503 Gordianus
2750 4434 3259 4523 Sempronianus

677 4533 1008 4598 Romanus
1031 4532 1378 4599 Africanus
1410 4539 1454 4600 t.
1476 4540 1534 4600 1.
1559 4541 1625 4602 2.
1647 4540 1691 4600 3
1716 4538 1960 4601 nummi
1987 4538 2045 4602 I.
2069 4538 2168 4615 II,
2199 4539 2328 4603 sive
2355 4539 2518 4623 Imp.
2543 4537 2786 4603 Caesar
2816 4537 2906 4603 M.
2929 4538 3258 4604 Antonius

679 4634 1051 4702 Gordianus
1094 4633 1446 4701 Africanus
1503 4638 1574 4702 in
1629 4640 1901 4704 nummis
1944 4638 2260 4706 Romanis
2310 4645 2370 4705 ct
2410 4639 2906 4719 Alexandrini-s&
2960 4640 3256 4705 Africani

678 4740 1142 4820 coynomcntum
1181 4744 1533 4804 memorant
1562 4745 1904 4823 praeterea
1946 4741 2297 4808 Herodian.
2341 4747 2396 4820 7,
2430 4745 2490 4820 5,
2526 4746 2588 4821 8,
2619 4745 2756 4808 υἱέα
2783 4749 2841 4820 9,
2872 4748 2932 4808 3.
3007 4745 3255 4827 P(onti-

674 4838 814 4922 fex)
857 4838 1253 4924 m(aximus),
1301 4844 1388 4918 tr(
1393 4841 1704 4927 ibunicia)
1748 4844 2141 4930 p(otestate),
2190 4867 2346 4930 coe„
2393 4847 2635 4932 p(ater)
2676 4845 2978 4932 p(atriae)
3022 4846 3258 4910 dicitur

678 4939 1047 5008 Gordianus
1076 4947 1274 5024 pater
1313 4965 1485 5010 num.
1528 4944 1739 5011 Cohen
1781 4968 1843 5013 n.
1875 4953 1923 5013 2
1967 4948 2050 5029 cf.
2098 4952 2147 5012 td
2186 4953 2261 5026 3;
2290 4950 2623 5032 pontificis
2665 4950 2934 5013 maximi
2975 4948 3256 5031 diqnitas

674 5049 920 5110 tantum
947 5045 1141 5128 patri
1176 5046 1423 5112 tributa
1461 5068 1589 5114 esse
1630 5048 1895 5118 videtur.

647 5170 1066 5227 Prosopogrnphia
1102 5170 1230 5228 1mp.
1256 5172 1395 5218 Rom.
1447 5173 1492 5219 1.
2809 5171 2840 5224 7
