3859 5992
669 564 1064 621 CAECILIVS
1960 558 2086 623 248
2984 570 3392 625 CAECILIVS

791 767 854 839 3,
883 767 943 838 4,
975 766 1043 827 2.
1076 766 1150 839 7,
1192 767 1250 839 6,
1278 766 1390 838 29,
1419 767 1479 826 8.
1516 798 1594 806 -
1629 761 1827 828 Casta
1869 784 2038 827 uxor
2073 763 2203 828 ibd.
2233 767 2291 840 3,
2325 770 2383 840 9,
2415 769 2523 842 29,
2573 764 2845 831 Cluvius
2889 766 3140 831 Fuscus
3183 788 3392 850 gener

794 863 925 932 ibd.
971 864 1020 946 §²
1059 867 1160 928 18.

668 969 749 1035 27
796 978 874 1031 Μ.
945 976 1340 1032 CAECILIVS
1410 976 1799 1031 CORNVTVS
1876 973 2265 1033 memoratur
2343 969 2415 1034 in
2493 971 2699 1053 cippis
2777 971 3219 1038 terminalibus
3280 971 3388 1037 VI

800 1074 965 1136 1267
977 1091 1034 1133 a.
1073 1070 1109 1134 b
1154 1067 1243 1151 (1)
1311 1075 1371 1135 et
1433 1068 1790 1135 Bullettino
1858 1071 2183 1136 cmnunale
2240 1077 2404 1137 1886
2452 1095 2524 1155 p.
2574 1078 2711 1140 277
2761 1095 2824 1139 n.
2871 1079 3040 1140 1273
3084 1074 3216 1160 (2),
3277 1077 3395 1157 qui

794 1172 1052 1237 termini
1107 1171 1194 1236 ad
1250 1193 1453 1238 annos
1497 1174 1756 1256 priores
1816 1174 2070 1256 imperii
2119 1175 2364 1240 Tiberii
2419 1176 2741 1257 referendi
2792 1198 2921 1242 esse
2963 1178 3255 1242 videntur
3300 1180 3388 1259 ef.

792 1273 1052 1341 Hermen
1110 1273 1197 1339 acl
1253 1279 1295 1342 t.
1352 1281 1411 1340 1.
1471 1311 1559 1321 —
1616 1274 2014 1340 Praenomen
2086 1276 2376 1342 exhibent
2448 1282 2580 1355 tit„
2656 1277 2978 1344 Caecilius
3057 1279 3390 1345 Cornutus

802 1378 952 1445 Tac.
997 1398 1059 1444 a.
1101 1383 1161 1455 4,
1198 1382 1307 1443 28.

924 1481 1295 1545 Praetorius
1339 1503 1397 1546 a.
1431 1480 1514 1545 24
1566 1481 1714 1545 Tae.
1754 1479 1793 1545 l.
1830 1479 1869 1545 l.
1962 1481 2097 1546 Sub
2143 1482 2398 1546 initium
2439 1483 2693 1565 imperii
2742 1485 2984 1550 Tiberii
3022 1491 3095 1549 ut
3135 1486 3390 1551 videtur

795 1584 919 1648 fuit
961 1584 1131 1646 inter
1174 1583 1463 1669 quinque
1509 1592 1840 1647 curatores
1886 1582 2177 1648 locorum
2223 1584 2628 1670 publicorum
2673 1586 3205 1671 iudicandorum,
3270 1591 3385 1674 qui

796 1709 879 1750 ex
921 1696 1181 1749 senatus
1226 1684 1521 1749 consulto
1563 1687 1822 1770 privata
1868 1688 1932 1749 in
1979 1685 2317 1772 publicum
2365 1689 2787 1754 restituerunt
2831 1694 2874 1753 t.
2921 1695 2959 1753 1
3013 1686 3155 1768 (ubi
3198 1691 3386 1756 tertio

795 1788 927 1852 loeo
955 1787 1369 1870 nontinatur),
1417 1793 1466 1854 2
1509 1788 1646 1872 (ubi
1687 1788 2003 1870 secundo).
2079 1790 2222 1871 Qua
2266 1811 2423 1854 eura
2452 1793 2847 1872 quaestorius
2893 1814 2980 1857 cm
3009 1794 3388 1875 praetorius

791 1891 1048 1972 functus
1100 1892 1202 1968 sit,
1248 1891 1553 1955 incertum
1598 1895 1706 1956 est.
1794 1891 1875 1957 A.
1923 1894 2007 1956 24
2052 1915 2092 1956 a
2136 1890 2330 1957 Vibio
2377 1892 2621 1959 Sereno
2677 1896 2927 1959 iuniore
2971 1895 3385 1961 insimulatus

792 1995 860 2058 in
904 1992 1239 2058 Tiberium
1284 1994 1685 2075 coniurasse,
1735 1994 1891 2079 quia
1936 1994 2296 2079 periculum
2340 2017 2457 2079 pro
2504 1997 2701 2062 exitio
2745 1997 3060 2081 habebat,
3107 2008 3383 2062 mortem

795 2098 859 2159 in
905 2118 975 2159 se
1017 2096 1348 2161 festinavit
1385 2096 1533 2160 Tae.
1569 2096 1607 2160 l.
1642 2096 1682 2162 l.
1712 2133 1800 2142 -
1845 2094 2238 2162 Nominatur
2277 2097 2426 2162 Tae.
2461 2120 2521 2162 a.
2551 2104 2610 2175 4,
2642 2104 2742 2165 30.
2781 2137 2856 2145 -
2898 2100 3001 2182 Cf.
3047 2121 3109 2168 n.
3142 2105 3248 2167 28.

664 2199 748 2263 28
790 2209 868 2262 Μ.
910 2208 1303 2262 CAECILIVS
1352 2207 1758 2282 CORNVTVS,
1807 2197 2010 2263 frater
2040 2198 2303 2264 Arvalis
2347 2206 2734 2265 memoratur
2778 2201 2844 2265 in
2889 2204 3055 2266 actis
3097 2202 3384 2284 fratrum

789 2301 1130 2366 Arvalium
1169 2301 1442 2384 Ephem.
1492 2323 1584 2385 ep.
1629 2306 1673 2366 8
1713 2323 1783 2384 p.
1813 2307 1937 2367 316
1977 2304 2087 2387 (1),
2149 2324 2308 2385 quae
2355 2309 2624 2387 propter
2683 2305 3042 2369 litterarum
3101 2307 3384 2387 forma-m

794 2426 857 2469 a.
886 2405 1023 2487 fere
1054 2406 1194 2469 733!
1201 2410 1317 2469 734
1342 2434 1423 2457 =
1444 2406 1644 2470 21l20
1676 2426 1735 2472 a.
1766 2405 1836 2470 O.
1871 2407 2096 2470 tribuit
2119 2407 2384 2490 Ηίὶῑεενι,
2417 2409 2488 2471 in
2519 2410 2679 2473 actis
2711 2430 2771 2473 a.
2788 2414 2868 2474 14
2901 2408 3002 2473 VI
3004 2413 3242 2474 2023α
3263 2410 3379 2493 (2),

791 2528 849 2575 a.
894 2513 984 2574 20
1026 2507 1295 2590 Ephem.
1341 2530 1435 2590 ep.
1479 2512 1524 2572 8
1552 2529 1627 2591 p.
1656 2512 1781 2571 318
1824 2508 1936 2591 (3),
1984 2529 2044 2572 α.
2089 2514 2177 2574 21
2222 2509 2326 2573 VI
2356 2510 2586 2575 2023b
2634 2510 2742 2595 (4).
2787 2548 2871 2555 -
2923 2511 3083 2575 Tria
3119 2512 3384 2577 nomina

791 2609 1038 2675 exhibet
1084 2615 1124 2674 t.
1165 2614 1226 2688 3,
1268 2609 1358 2676 Μ.
1394 2608 1723 2675 Cornutus
1768 2615 1811 2674 t.
1847 2615 1914 2686 2,
1964 2658 1979 2674 .
2009 2660 2022 2674 .
2053 2660 2067 2675 .
2091 2660 2105 2674 .
2156 2610 2482 2675 Cornutus
2528 2617 2571 2676 t.
2605 2617 2666 2688 4,
2716 2662 2732 2676 .
2762 2662 2778 2676 .
2802 2662 2816 2676 .
2841 2623 3112 2678 ornutus
3159 2620 3202 2679 t.
3233 2620 3292 2679 1.

934 2713 1011 2778 Vt
1068 2717 1231 2777 reete
1282 2712 1530 2777 Hillsen
1574 2711 1649 2776 de
1694 2717 1901 2777 aetate
1946 2716 1988 2776 t.
2030 2718 2070 2777 1
2115 2713 2504 2791 iudicaverit,
2572 2715 2670 2779 M.
2714 2714 3029 2779 Cornutus
3044 2765 3059 2793 ,
3123 2718 3235 2798 qui
3287 2717 3385 2781 ibi

789 2820 1193 2892 memoratur,
1242 2819 1405 2878 certe
1451 2814 1733 2879 diversus
1773 2816 1900 2898 fuit
1947 2837 2004 2879 a.
2055 2816 2154 2884 M.
2202 2814 2477 2881 Cornuto
2509 2819 2845 2899 praetorio
2887 2840 2950 2883 n.
2994 2824 3101 2896 27,
3136 2821 3378 2902 proba-

793 2917 1006 2983 biliter
1051 2922 1247 3001 pater
1311 2916 1517 2983 huius.
1609 2917 1743 2983 Sed
1787 2923 1986 3001 pater
2052 2939 2138 2982 cm
2202 2918 2376 3002 filius
2441 2919 2891 3003 intellegendus
2945 2922 3031 2985 sit
3089 2922 3162 2986 in
3218 2924 3379 2987 actis

792 3041 852 3083 a.
900 3025 996 3086 14.
1042 3024 1151 3086 20.
1197 3024 1304 3097 21,
1348 3019 1531 3084 nulla
1572 3022 1823 3085 ratione
1851 3026 2066 3103 potest
2111 3021 2384 3104 definiri.

663 3122 745 3188 29
792 3122 944 3188 Sex.
1008 3120 1327 3187 Caecilius
1389 3120 1703 3187 Crescens
1763 3123 2193 3206 Volusianus,
2261 3122 2341 3204 Q.
2389 3123 2466 3207 f.,
2517 3124 2689 3189 tribu
2734 3124 2956 3209 Quin,
3009 3125 3377 3211 praefectus

793 3224 1086 3309 fabrum,
1149 3224 1503 3289 advocatus
1564 3226 1701 3290 fisci
1766 3229 2039 3308 Romae,
2105 3238 2485 3313 procurator
2543 3227 2678 3292 XX
2739 3227 3227 3311 hereditatium,
3291 3229 3374 3294 ab

792 3327 1088 3413 epistulis
1122 3327 1255 3392 divi
1289 3328 1622 3407 Antonini,
1672 3329 1754 3394 ab
1785 3329 2080 3415 epistulis
2111 3329 2558 3412 Augustorum
2590 3330 2675 3411 (a.
2708 3332 3043 3415 161s169)3
3074 3332 3374 3395 sacerdos

789 3433 969 3496 curio
1045 3431 1246 3497 sacris
1315 3430 1663 3506 faciendis,
1741 3443 2055 3518 patronus
2122 3433 2457 3517 municipii
2526 3431 3015 3513 (Thuburbonis
3080 3435 3373 3518 minoris)

787 3533 973 3600 VIII
1003 3539 1167 3599 1174
1210 3539 1252 3598 t.
1305 3534 1832 3598 Thuburbitanus
1872 3534 2152 3617 publice.
2162 3535 2433 3617 positae.

656 3639 740 3703 30
786 3635 1104 3702 Caecilius
1148 3637 1585 3720 Dextrianus‚
1649 3647 2032 3752 procurator
2077 3636 2348 3719 (Augg.)
2409 3658 2467 3700 a.
2518 3638 2630 3701 161
2684 3637 2755 3700 in
2798 3637 3019 3720 fistula
3067 3638 3370 3721 plumbea

782 3742 1041 3806 urbana
1083 3740 1421 3817 Lamiani,
1469 3739 1701 3823 sylloye
1748 3739 2028 3822 aquaria
2069 3742 2305 3805 n.108.

655 3845 733 3910 31
785 3842 864 3925 Ω.
913 3842 1234 3908 Caecilius
1281 3843 1567 3928 Epirota,
1615 3842 2092 3925 grammaticuS,
2142 3838 2412 3905 Tusculi
2457 3850 2666 3918 natue,
2714 3790 2987 3906 libertus
3033 3843 3136 3925 (Τ.
3182 3844 3372 3908 Pom-

784 3947 989 4032 ponii)
1063 3946 1298 4029 Attici,
1373 3966 1519 4010 cum
1594 3943 1795 4009 filiam
1870 3944 2123 4029 patroni
2194 3954 2461 4029 nuptam
2531 3943 2618 4010 M.
2685 3944 3019 4030 Agrippae
3085 3945 3361 4030 doceret,

787 4058 1123 4134 suspectus
1170 4049 1232 4111 in
1282 4070 1359 4111 ea
1406 4058 1470 4111 et
1515 4047 1598 4112 ob
1645 4047 1765 4111 hoc
1813 4057 2097 4111 remotus
2142 4046 2224 4110 ad
2261 4044 2635 4111 Cornelium
2682 4045 2944 4111 Gallum
2989 4069 3058 4111 se
3102 4048 3373 4114 contulit

785 4153 1080 4238 vixitque
1156 4174 1285 4215 una
1356 4149 1893 4229 familiarissime3
1971 4160 2118 4235 post
2182 4150 2365 4214 cuius
2432 4159 2704 4213 mortem
2771 4148 3016 4214 Romae
3090 4150 3366 4215 scholam

783 4256 1038 4340 aperuit
1096 4255 1469 4340 primusque
1529 4253 1767 4317 dicitur
1825 4251 2024 4317 latine
2085 4274 2169 4316 ex
2229 4262 2516 4338 tempore
2576 4252 2942 4337 disputasse
2997 4255 3371 4340 primusque

782 4355 1147 4441 Vergilium
1207 4367 1273 4420 et
1327 4355 1489 4420 alios
1557 4367 1778 4442 poetas
1841 4378 2045 4420 novos
2103 4354 2477 4440 praelegere
2530 4356 2815 4441 coepisse
2862 4356 3118 4421 Sueten.
3160 4378 3371 4440 yram-

775 4464 929 4525 mat.
976 4464 1072 4525 16.

654 4566 736 4629 32
780 4576 853 4629 A.
903 4573 1296 4628 CAECILIVS
1343 4571 1760 4626 FAVSTINVS
1806 4566 2196 4626 memoratur
2240 4561 2310 4625 in
2357 4560 2809 4644 diplom-atibus
2851 4559 2983 4624 mil.
3032 4581 3091 4623 a.
3125 4565 3207 4626 99
3239 4562 3371 4627 ΙΙΙ
3391 4613 3396 4618 .

784 4669 853 4735 S.
900 4668 1111 4733 XXX
1150 4668 1275 4753 (1),
1338 4690 1397 4733 a.
1445 4671 1564 4733 105
1621 4667 1760 4731 III
1809 4666 1962 4749 dipl.
2010 4671 2104 4732 22
2148 4668 2279 4751 (2);
2338 4667 2470 4748 ipse
2512 4666 2736 4748 posuit
2804 4664 3093 4729 Traiano
3151 4687 3210 4730 a.
3255 4671 3375 4730 116

784 4775 825 4836 t.
875 4771 1392 4836 Mactaritanum
1438 4771 1624 4837 VIII
1660 4770 1729 4835 S.
1777 4774 1983 4835 11798
2028 4769 2135 4854 (3).

916 4874 1076 4938 Tria
1132 4875 1393 4939 nomina
1452 4874 1745 4939 exhibent
1801 4877 1844 4937 t.
1888 4878 1946 4937 1.
1993 4877 2075 4949 2,·
2136 4873 2208 4936 de
2269 4876 2308 4936 t.
2358 4876 2416 4949 3,
2477 4872 2591 4936 ubi
2643 4868 2968 4936 Caecilius
3025 4871 3372 4936 Faustinus

778 4982 940 5042 certe
987 4977 1234 5059 leqitur,
1282 4977 1611 5042 adnotavit
1642 4974 1934 5042 Schmidt
1964 4976 2407 5057 praenominis
2439 4975 2704 5058 vestiyia
2736 4996 2776 5038 a
2805 4994 2870 5037 se
2901 4979 3177 5056 eaeeepta,
3227 4974 3370 5040 licet

776 5081 982 5164 mayis
1023 5080 1386 5145 viderentur
1429 5082 1756 5146 convenire
1803 5100 1944 5144 eum
1986 5096 2062 5144 Ἡ.
2096 5099 2286 5162 quam
2329 5100 2467 5143 cum
2512 5097 2590 5157 A„
2638 5083 2848 5143 tamen
2891 5079 3084 5143 etiam
3129 5076 3218 5143 ad
3256 5077 3372 5142 hoc

772 5183 1092 5267 pertinere
1124 5203 1332 5267 posse.
