3859 5992
527 522 862 581 CLAVDIV
865 523 902 579 S
1820 515 1948 582 899
2865 523 3239 582 CLAVDIVS

659 720 757 789 Γν.
792 718 1092 787 Κλαύδιον
1121 722 1388 811 Σεβῆρον
1421 720 1579 788 Καισ
1605 771 1621 789 .
1646 772 1663 788 .
1687 772 1702 788 .
1735 724 1958 790 ὕπατον
1987 722 2343 808 ποντίφι[κα]
2388 726 2485 789 καὶ
2514 725 2779 811 γαμβρὸν
2811 725 3240 811 αὐτοκράτορος

653 821 959 912 Καίσαρος
994 823 1250 913 Μάρκου
1296 822 1595 914 Αὖρηλίου
1642 822 2015 893 Ἀντωνείνου
2060 826 2385 914 {leffium-06
2429 825 2739 912 π]α’τρωνα
2786 829 2883 893 καὶ
2926 828 3158 914 κτίστην
3200 829 3237 910 ἢ

658 928 1013 1015 μητρόπολις
1051 935 1156 1014 τῆς
1186 928 1615 1016 Παφλαγονίας
1645 927 2088 1017 Πομπηιόπολις
2120 929 2214 995 διὰ
2239 966 2328 975 -—
2353 966 2441 976 —
2468 938 2556 1020 τῷ
2584 928 2723 1017 ρπη’
2758 929 2893 996 ἔτει.
2959 928 3240 995 Doublot

657 1030 809 1113 leyit
862 1030 1289 1114 supplevitque
1346 1028 1706 1117 Καίσ[αρα];
1749 1032 2007 1115 priores
2066 1033 2149 1103 δὶς
2207 1032 2447 1098 ὕπατον.
2537 1032 2669 1098 Sed
2723 1036 2795 1097 ut
2852 1031 3034 1097 lectio
3088 1052 3239 1098 vera

655 1133 759 1209 sit,
804 1154 930 1198 non
963 1138 1176 1216 potest
1214 1154 1343 1199 non
1385 1133 1626 1217 falsum
1666 1154 1795 1199 esse
1820 1132 2222 1199 Antoninum
2249 1132 2396 1199 huic
2427 1156 2656 1218 yenero
2689 1156 2915 1200 nomen
2943 1133 3240 1201 Caesaris

658 1234 981 1314 indidisse,
1034 1235 1202 1319 quod
1239 1236 1388 1303 inde
1432 1236 1516 1302 ab
1562 1235 1908 1302 Hadriano
1959 1237 2306 1302 successori
2360 1237 2616 1320 imperii
2672 1236 2985 1304 destinato
3039 1258 3239 1303 reser-

655 1344 872 1404 vatum
929 1359 1058 1404 esse
1103 1340 1265 1404 satis
1309 1343 1574 1405 constat.
1659 1339 1894 1422 Itaque
1938 1343 2052 1403 aut
2102 1359 2379 1404 errorem
2419 1339 2919 1422 provincialium
2957 1341 3242 1423 quamvis

654 1443 888 1506 mirum
933 1445 1048 1506 aut
1079 1443 1303 1525 potius
1343 1440 1680 1507 Doubletii
1713 1462 1955 1525 ponere
2014 1460 2257 1507 necesse
2308 1445 2415 1506 est.
2502 1441 2735 1507 Annus
2794 1446 3003 1508 autem
3044 1444 3241 1526 siqui-

656 1546 849 1630 ficari
878 1544 1126 1609 videtur
1154 1543 1425 1611 171Ι172
1451 1567 1526 1628 p.
1568 1543 1678 1623 0.,·
1722 1543 1959 1628 epocha
2002 1545 2169 1610 enim
2204 1565 2394 1610 aerae
2423 1543 2891 1628 Pompeiopolis
2930 1548 2992 1610 si
3030 1546 3242 1610 miuus

658 1653 821 1713 certe
864 1651 935 1711 at
960 1646 1392 1730 probabiliter
1429 1649 1737 1712 statuitur
1774 1652 2115 1720 autumnus
2159 1649 2317 1713 anui
2355 1652 2479 1712 747
2506 1676 2591 1700 --
2624 1652 2667 1711 7
2694 1669 2754 1715 a.
2796 1647 2866 1716 0.
2913 1649 2996 1730 cf.
3031 1648 3240 1714 Kubi-

658 1750 864 1817 tschek
905 1749 1578 1834 ReaLEncyclopc‘idie
1620 1750 1673 1817 I
1685 1773 1758 1834 p.
1788 1754 1929 1817 546.

785 1854 871 1920 In
915 1852 1247 1919 consulatu
1290 1853 1524 1919 altero:
1567 1853 1686 1919 Cn.
1732 1853 2046 1920 Claudius
2091 1852 2372 1919 Severus
2409 1853 2529 1920 IX
2549 1858 2733 1931 4970,
2783 1853 3034 1920 Notizie
3078 1852 3247 1936 deyli

658 1957 834 2023 scavi
874 1959 1042 2021 1889
1088 1978 1161 2039 p.
1208 1961 1268 2033 9,
1332 1956 1453 2023 Cn.
1501 1956 1598 2022 Ol.
1646 1956 1974 2041 Se[verus]
2038 1956 2224 2022 VIII
2255 1956 2326 2024 S.
2372 1960 2598 2034 18068,
2646 1961 2917 2022 ceterum
2960 1956 3242 2023 Severus

658 2060 835 2143 fasti.
926 2057 1047 2124 On.
1095 2058 1409 2125 Claudius
1454 2059 1736 2127 Severus
1783 2057 1821 2098 *
1839 2059 2129 2145 ans[ar]
2177 2062 2272 2128 tit.
2292 2109 2309 2138 ,
2371 2059 2533 2125 alibi
2586 2057 2901 2126 Claudius
2955 2059 3242 2126 Severus

657 2163 753 2229 vel
796 2162 1097 2230 Severus.

784 2264 1001 2330 Filius
1030 2263 1301 2330 Claudii
1325 2264 1546 2331 Severi
1583 2287 1646 2331 n.
1678 2270 1819 2331 808.
1894 2263 2141 2332 Consul
2186 2265 2219 2329 I
2263 2264 2627 2355 (suffectus)
2659 2286 2788 2330 non
2829 2274 2976 2351 post
3003 2286 3061 2329 a.
3096 2264 3239 2346 163,

655 2374 728 2434 ut
771 2372 1043 2452 apparet
1083 2389 1160 2433 ex
1199 2366 1446 2434 Galerio
1488 2367 1678 2434 XIV
1694 2390 1768 2451 p.
1800 2373 1921 2434 613
1964 2369 2047 2451 cf.
2082 2390 2154 2452 p.
2186 2371 2331 2434 629.
2365 2373 2503 2435 647.
2536 2371 2673 2435 653.
2705 2372 2842 2434 654.
2871 2371 3027 2444 656;
3071 2364 3246 2448 apud

661 2471 813 2539 Gal.
845 2494 919 2555 p.
951 2475 1071 2536 613
1102 2470 1335 2535 dicitur
1366 2473 1587 2543 ὕπατος
1617 2473 1724 2549 ὤν,
1768 2470 1939 2553 quod
1978 2473 2039 2537 si
2064 2476 2229 2537 recte
2258 2471 2564 2536 traditum
2594 2475 2654 2536 et
2682 2475 2978 2537 accurate
3009 2469 3243 2535 dictum

657 2579 768 2652 est,
812 2575 1093 2657 sequitur
1137 2574 1437 2639 Severum
1480 2597 1538 2640 a.
1583 2579 1714 2641 162
1755 2579 1870 2640 aut
1915 2594 1977 2640 a.
2019 2580 2138 2640 163
2178 2573 2510 2640 consulatu
2548 2575 2836 2656 functum
2880 2594 3026 2640 esse.
3114 2569 3246 2638 Sed

660 2678 949 2743 dubitari
978 2681 1206 2759 potest,
1254 2698 1411 2759 quae
1456 2682 1548 2742 est
1588 2677 1771 2743 bodie
1815 2676 2098 2743 condicio
2139 2677 2450 2743 librorum
2489 2676 2744 2755 Galerii,
2790 2698 2877 2742 an
2918 2675 3245 2759 scripserit

660 2779 952 2852 ὑπατικός.
1041 2778 1305 2844 Accedit
1347 2779 1514 2862 quod
1552 2782 1891 2863 scriptores
1926 2781 2150 2863 yraeci
2189 2782 2422 2845 aetatis
2464 2781 2843 2864 posterioris
2885 2801 3014 2844 non
3056 2775 3244 2843 semel

656 2887 867 2950 miuus
897 2886 1192 2948 accurate
1220 2903 1349 2966 pro
1380 2882 1656 2955 ὑπατικός
1687 2887 2042 2966 posuerunt
2070 2885 2307 2954 ὕπατος.
2380 2883 2603 2949 Gener
2630 2882 2838 2947 Marci
2870 2884 2965 2948 tit.
2996 2881 3079 2962 cf.
3110 2878 3244 2944 Dio

660 2990 757 3062 79,
788 2989 847 3063 5,
894 2985 1010 3050 ubi
1052 2983 1288 3049 dicitur
1315 2984 1537 3051 Annia
1565 2986 1879 3051 Faustina
1909 2983 2308 3069 (Elagabali)
2342 2983 2600 3051 Claudii
2633 2984 2863 3051 Severi
2894 2992 2961 3048 et
2987 2983 3077 3048 M.
3109 2981 3244 3046 An-

658 3088 862 3154 tonini
908 3088 1220 3175 ἀπόγονος.
1288 3086 1534 3153 Consul
1563 3088 1633 3153 H
1673 3111 1732 3154 a.
1767 3089 1890 3154 173
1921 3109 2061 3154 cum
2105 3088 2305 3153 altero
2352 3087 2452 3153 M.
2496 3087 2760 3153 Aurelii
2795 3108 3023 3171 yenero
3063 3085 3242 3167 fasti.

659 3191 839 3258 Idem
865 3190 1113 3256 videtur
1136 3191 1420 3256 Severus
1450 3193 1554 3256 vir
1581 3190 1955 3273 consularia,
1987 3191 2102 3277 qui
2132 3212 2279 3255 cum
2310 3191 2697 3277 imperatore
2725 3189 2948 3255 Marco
2970 3187 3244 3253 Athenis

660 3294 785 3359 fuit
829 3294 1025 3377 (anno
1061 3293 1211 3375 176)
1242 3292 1552 3362 Philostr.
1582 3295 1691 3360 vit.
1718 3294 1980 3377 sophist.
2009 3298 2076 3371 2,
2106 3298 2208 3372 10,
2243 3298 2296 3357 7.
2331 3329 2408 3338 -
2454 3291 2824 3358 Aristotelis
2867 3289 3246 3377 disciplinae

664 3418 927 3484 operam
970 3395 1154 3462 dedit
1191 3396 1421 3463 Galen.
1467 3396 1657 3469 XIV
1673 3420 1749 3481 p.
1780 3401 1918 3463 613.

788 3499 1118 3565 Filiorum
1184 3500 1285 3565 M.
1345 3500 1604 3566 Aurelii
1665 3506 1726 3568 et
1785 3499 2148 3566 Faustinae
2213 3521 2374 3582 quae
2434 3498 2685 3581 quidem
2749 3497 2841 3564 ad
2888 3497 3250 3581 pubertatis

663 3608 932 3669 aetatem
971 3608 1428 3685 pervenerunt,
1491 3604 1573 3668 ab
1619 3602 1844 3669 Amaia
1886 3602 2146 3668 Lucilla
2191 3624 2250 3667 a.
2296 3601 2569 3668 169!17o
2610 3602 2841 3667 iterum
2895 3605 3100 3684 nupta
3150 3598 3247 3663 Ti.

669 3704 940 3773 Claudio
997 3704 1387 3789 Pompeiano
1440 3711 1646 3771 aetate
1698 3707 2007 3790 proxima
2063 3710 2205 3771 erat
2263 3704 2590 3788 (Aurelia)
2646 3703 2936 3770 Fadilla.
3027 3702 3252 3784 Itaque

662 3808 828 3874 hanc
895 3807 1168 3873 Marcus
1228 3807 1457 3873 Severo
1523 3807 1919 3892 despondisse
1982 3806 2251 3873 videtur.
2338 3806 2556 3873 Filius
2616 3807 2940 3888 utriusque
2999 3808 3090 3871 est
3154 3803 3250 3869 Ti.

665 3909 978 3979 Claudius
1021 3909 1290 3977 Severus
1333 3909 1651 3976 Proculus
1693 3931 1810 3977 cos.
1858 3933 1919 3977 a.
1957 3916 2112 3979 200.

536 4015 664 4080 812
709 4023 826 4078 CN.
874 4021 1244 4077 CLAVDIVS
1293 4022 1665 4097 SEVERVS,
1728 4014 1952 4080 consul
1999 4036 2172 4080 anno
2215 4016 2338 4079 235
2383 4036 2529 4079 cum
2576 4013 2678 4079 Ti.
2726 4011 3001 4077 Claudio
3049 4010 3249 4091 Quin-

665 4118 862 4182 tiano.
937 4115 1023 4182 In
1064 4115 1428 4181 consulatu:
1472 4115 1591 4182 Cn.
1641 4116 1980 4201 [Claudius
2020 4117 2323 4201 Sererus
2375 4116 2478 4182 VI
2493 4120 2681 4192 2009,
2730 4117 3008 4187 ὑπατείας
3052 4112 3250 4179 Κλαυ-

668 4218 843 4303 δ[ίοο]
889 4218 1194 4304 Σεουήρου
1246 4223 1372 4286 κτλ.
1423 4219 2121 4305 Lebas-Waddinyton
2161 4222 2355 4295 2215,
2416 4222 2684 4283 ceterum
2735 4216 3018 4282 Severus
3073 4216 3251 4300 fasti.

665 4320 882 4386 Filius
921 4319 1170 4385 videtur
1220 4321 1316 4386 Ti.
1356 4320 1622 4387 Claudii
1663 4322 1885 4388 Severi
1922 4321 2193 4387 Proculi
2233 4341 2354 4386 cos.
2402 4341 2461 4384 a.
2506 4324 2657 4386 200.

538 4424 665 4489 813
711 4433 825 4489 CN.
874 4432 1245 4488 CLAVDIVS
1306 4432 1643 4489 SEVERVS
1703 4432 2169 4507 ABABlANVS,
2230 4421 2457 4487 consul
2516 4443 2682 4486 anno
2729 4423 2852 4487 146
2904 4445 3053 4487 eum
3098 4422 3252 4487 Sex.

667 4527 911 4591 Erucio
957 4524 1152 4592 Claro
1196 4526 1281 4595 H.
1361 4526 1447 4593 Iu
1489 4526 1850 4593 consulatu:
1894 4527 2017 4594 Cn.
2063 4525 2375 4593 Claudius
2419 4524 2701 4590 Severus
2755 4525 2858 4590 VI
2889 4529 3032 4591 678.
3069 4528 3251 4601 1008,

670 4627 835 4695 GIG
876 4632 1046 4695 5898
1085 4658 1170 4682 =
1218 4630 1270 4694 I
1269 4628 1386 4696 ΘΙ
1419 4633 1621 4708 1084;
1663 4629 1857 4697 Claro
1904 4631 1971 4696 Π
2017 4641 2081 4694 et
2125 4627 2456 4694 Arabiano
2487 4626 2740 4693 Annali
2782 4627 2921 4694 dell’
2950 4628 3254 4693 Instituto

669 4733 731 4797 L
762 4729 976 4815 (1878)
992 4753 1068 4815 p.
1091 4736 1212 4798 159
1238 4754 1303 4799 n.
1330 4737 1419 4798 17
1443 4762 1527 4785 =
1555 4732 1629 4798 X
1641 4732 1895 4811 V3863‚
1930 4737 2200 4799 ceterum
2229 4729 2513 4797 Severus
2542 4731 2720 4813 fasti.
2782 4729 2884 4812 Cf.
2915 4753 2978 4796 n.
3002 4734 3256 4798 808.-

670 4834 1062 4899 Necessitate
1106 4836 1490 4912 coniunctus,
1533 4834 1646 4901 sed
1687 4834 1968 4900 diversus
2012 4839 2104 4899 est
2147 4832 2462 4899 Claudius
2504 4831 2884 4898 Arabiamcs
2924 4855 2987 4901 u.
3029 4838 3167 4900 641.

540 4938 669 5004 814
711 4947 807 5001 TI.
843 4945 1211 5002 CLAVDIVS
1246 4946 1584 5002 SEVERVS
1616 4947 2017 5020 PROCVLVS,
2065 4935 2292 5001 consul
2339 4958 2509 5001 anno
2539 4937 2666 5002 200
2712 4957 2856 5000 oum
2888 4934 2960 5002 O.
2991 4934 3253 5001 Aufidio

668 5040 1029 5106 Victorino·
1073 5040 1157 5105 In
1184 5040 1548 5106 consulatu:
1577 5042 1678 5106 Ti.
1697 5039 2010 5107 Claudius
2042 5039 2327 5106 Severus
2359 5038 2462 5104 VI
2472 5043 2649 5107 1054.
2674 5044 2865 5116 2004,
2890 5038 3011 5103 XI
3017 5037 3256 5116 V252;

671 5141 983 5210 Claudius
1028 5142 1346 5209 Proculus
1389 5143 1525 5210 III
1556 5144 1627 5212 S.
1670 5148 1861 5222 8237,
1908 5147 2182 5210 ceterum
2227 5142 2508 5212 Severus
2552 5143 2731 5224 fasti.
2779 5178 2859 5189 -
2903 5140 3119 5208 Filius
3165 5146 3256 5206 est
