3859 5992
580 546 938 604 ANN-AEVS
1894 539 1979 604 60
2934 544 3289 600 ANNAEVS

710 744 1078 831 Agrippina
1122 765 1289 809 uxor
1333 742 1589 809 Claudii
1636 745 1895 808 veniam
1941 765 2057 829 pro
2106 765 2215 827 e0,
2264 741 2454 809 simul
2499 752 2873 829 praeturam
2919 741 3294 828 impetravit

718 848 865 916 Tac.
914 868 974 911 a.
1022 852 1125 930 12,
1172 851 1234 925 8,
1281 846 1470 912 schol.
1500 833 1788 912 Iuvenal.
1823 846 1863 911 l.
1896 847 1939 914 l.
1973 847 2114 930 (ubi
2153 846 2322 930 falso
2365 856 2514 933 post
2557 846 2910 911 triennium
2954 854 3293 910 revocatus

711 949 988 1032 dicitur).
1047 951 1444 1036 Praeceptor
1471 949 1748 1015 Neronis
1788 950 1937 1017 Tac.
1979 972 2037 1014 α.
2080 955 2184 1027 12,
2216 953 2276 1027 8,
2321 947 2454 1014 Dio
2486 952 2587 1026 60,
2618 951 2708 1015 32
2736 943 3004 1027 (Zonar.
3032 951 3132 1025 11,
3164 946 3293 1029 10).

711 1050 986 1118 Claudio
1030 1062 1285 1117 mortuo
1325 1053 1583 1138 scripsit
1626 1052 2170 1119 ἀποκολοκῦντωσιν
2200 1050 2332 1117 Dio
2364 1056 2462 1130 60,
2493 1055 2592 1119 35.
2673 1051 2922 1118 Seneca
2951 1060 3016 1115 et
3044 1050 3292 1115 Burrus

709 1165 990 1220 rectores
1020 1155 1273 1242 imperii
1306 1165 1371 1220 et
1401 1157 1703 1222 iuventae
1733 1156 2011 1221 Neronis
2045 1156 2191 1223 Tac.
2225 1177 2285 1221 α.
2319 1159 2417 1233 13,
2449 1160 2515 1222 2.
2546 1158 2607 1220 3.
2637 1160 2713 1233 4,·
2742 1159 2840 1230 14,
2859 1158 2924 1231 2,
2956 1152 3090 1218 Dio
3111 1157 3210 1230 61,
3230 1155 3291 1216 3.

708 1263 769 1322 4.
816 1262 859 1321 7
895 1257 1160 1342 (Zonar.
1203 1263 1315 1336 11,
1361 1258 1491 1341 12).
1580 1257 1823 1324 Consul
1875 1258 2078 1340 (suff.)
2132 1280 2281 1323 cum
2323 1256 2647 1323 Trebellio
2691 1255 2981 1321 Maximo
3026 1253 3291 1338 Diyest„

712 1360 1021 1444 amphora
1043 1360 1439 1443 Pompeiana
1467 1382 1687 1425 mense
1708 1360 2008 1445 Augusto
2041 1383 2098 1425 a.
2116 1362 2199 1426 56
2224 1361 2480 1443 (octavo
2510 1358 2826 1424 kalendas
2851 1355 3291 1444 Septembres)

709 1462 955 1546 Diqest.
984 1468 1085 1541 36,
1115 1469 1172 1540 1,
1205 1468 1245 1527 1
1292 1473 1357 1527 et
1399 1462 1766 1550 Septembri
1816 1464 1946 1545 (ΙΙΙ
1989 1485 2138 1530 non.
2175 1463 2381 1549 Sept.)
2426 1463 2553 1531 tab.
2598 1483 2718 1527 cer.
2767 1460 2989 1543 Pomp.
3025 1464 3120 1526 22
3163 1459 3292 1524 alio

710 1565 949 1649 colleqa
991 1570 1064 1630 ut
1104 1566 1368 1644 videtur,
1416 1567 1594 1631 cuius
1635 1587 1860 1631 nomen
1897 1565 2022 1649 leyi
2050 1567 2256 1631 adhuc
2282 1587 2410 1631 non
2427 1567 2645 1649 potuit
2672 1565 2755 1647 cf.
2789 1562 3117 1646 Scyliano,
3149 1559 3294 1625 Due

712 1668 979 1751 epiyrafi
1015 1668 1345 1750 anforarie
1367 1667 1751 1751 Pompeiane
1783 1691 1853 1752 p.
1877 1674 1939 1736 4.
1986 1669 2178 1734 Anno
2202 1669 2284 1734 58
2317 1669 2391 1733 P.
2418 1667 2736 1750 Suillium,
2770 1667 2882 1752 qui
2915 1663 3063 1729 eum
3091 1665 3292 1728 variis

716 1770 1093 1836 criminibus
1132 1773 1486 1837 insectatus
1531 1781 1701 1856 erat,
1747 1773 2064 1858 pervertit
2106 1781 2172 1836 et
2216 1772 2282 1835 in
2327 1769 2596 1835 exilium
2632 1768 2882 1855 pepulit
2920 1767 3067 1833 Tac.
3101 1788 3161 1834 a.
3194 1771 3291 1842 13,

708 1878 946 1951 42-43,
978 1872 1113 1939 Dio
1130 1878 1227 1952 61,
1245 1879 1346 1939 10.
1376 1873 1568 1939 Anno
1593 1875 1675 1940 59
1704 1874 2032 1940 Neronem
2055 1873 2139 1939 ad
2164 1873 2428 1939 caedem
2449 1875 2677 1939 matris
2711 1873 3013 1937 incitasse
3034 1869 3292 1951 dicitur,

712 1986 784 2040 ut
812 1978 1056 2041 crimen
1085 1980 1312 2064 stupri,
1345 1977 1520 2064 quod
1547 1999 1695 2043 cum
1723 1977 2094 2064 Agrippina
2124 1977 2564 2060 commisisset,
2598 1974 2893 2041 aboleret
2919 1972 3052 2038 Dio
3081 1977 3179 2049 61,
3208 1977 3296 2038 12

709 2079 792 2161 cf.
816 2083 915 2156 61,
940 2084 1040 2157 10,
1074 2085 1298 2144 auctor
1326 2081 1575 2145 omnino
1594 2079 1869 2146 Senecae
1896 2080 2340 2163 infestissimus
2370 2080 2520 2144 etin
2539 2079 2661 2143 hac
2680 2099 2752 2143 re
2770 2078 2879 2142 vix
2898 2076 3024 2161 fide
3046 2076 3290 2160 digmus,

708 2179 928 2246 Caede
956 2191 1325 2267 perpetrata
1351 2181 1600 2247 Seneca
1623 2181 1707 2247 ad
1736 2182 1988 2247 facinus
2010 2181 2360 2247 velandum
2390 2200 2507 2268 pro
2529 2181 2791 2246 Nerone
2822 2180 3180 2245 orationem
3208 2177 3293 2241 ad

706 2292 999 2347 senatum
1030 2285 1288 2370 scripsit
1318 2284 1468 2350 Tac.
1493 2306 1554 2349 a.
1577 2290 1676 2363 14,
1702 2291 1799 2362 11,
1831 2306 1995 2367 quae
2024 2287 2260 2349 citatur
2298 2284 2562 2366 Quintil.
2586 2287 2648 2361 8,
2677 2287 2737 2361 5,
2768 2286 2886 2361 18;
2915 2280 3074 2346 alias
3104 2290 3296 2345 antea

715 2386 1118 2450 testificando
1150 2408 1345 2472 quam
1393 2386 1661 2452 honesta
1702 2389 2109 2474 praeciperet
2147 2386 2254 2451 vel
2299 2387 2580 2452 iactandi
2626 2387 2870 2471 ingenii
2914 2405 3077 2449 voce
3121 2386 3291 2471 prin-

709 2491 872 2575 cipis
903 2490 1289 2574 vulgaverat
1327 2491 1474 2559 Tac.
1509 2514 1570 2557 a.
1601 2497 1699 2571 13,
1733 2498 1833 2558 11.
1899 2492 2093 2558 Anno
2125 2494 2208 2558 62
2252 2515 2426 2557 mors
2457 2493 2652 2558 Burri
2695 2490 2963 2574 infregit
3006 2489 3293 2556 Senecae

713 2593 1101 2679 potentiamt,
1160 2594 1382 2679 itaque
1427 2617 1468 2659 a
1504 2594 1764 2659 Nerone
1810 2616 2131 2660 secessum
2178 2597 2393 2681 petiit,
2442 2616 2634 2680 quem
2680 2613 3077 2679 quamquam
3120 2589 3292 2654 Nero

710 2717 826 2781 per
892 2698 1167 2782 speciem
1234 2698 1535 2780 negavit,
1608 2698 1747 2784 ipse
1810 2697 1895 2762 ab
1961 2698 2114 2763 aula
2176 2720 2246 2762 se
2311 2699 2616 2779 removit3
2688 2697 2989 2761 instituta
3058 2693 3293 2779 prioris

709 2799 1035 2882 potentiae
1094 2801 1547 2882 commutavit,
1606 2799 1943 2886 prohibuit
1999 2810 2219 2865 coetus
2286 2799 2737 2882 salutantium,
2805 2799 3041 2863 vitavit
3104 2798 3295 2862 comi-

570 2962 580 2971 .
711 2911 956 2984 tanteS,
1024 2924 1210 2966 rarus
1269 2924 1386 2988 per
1452 2905 1709 2987 urbem,
1780 2906 1967 2991 quasi
2027 2904 2400 2969 valetudine
2459 2904 2711 2969 infensa
2769 2912 2883 2967 aut
2942 2901 3295 2988 sapientiae

710 3004 940 3069 studiis
985 3004 1159 3070 domi
1205 3007 1591 3071 attineretur
1644 3007 1790 3077 Tac.
1843 3030 1902 3074 a.
1950 3012 2056 3084 14,
2102 3012 2323 3074 52-56
2366 3009 2448 3091 cf.
2494 3010 2576 3073 15
2587 3056 2602 3084 ,
2646 3011 2745 3071 45.
2831 3004 3078 3070 Eodem
3125 3024 3291 3067 anno

710 3105 1037 3172 Romanus
1098 3109 1362 3172 secretis
1422 3109 1982 3174 criminationibus
2024 3109 2199 3194 apud
2244 3110 2564 3175 Neronem
2612 3130 2758 3173 eum
2804 3117 2877 3172 ut
2919 3105 2995 3173 C.
3041 3105 3293 3170 Pisonis

712 3210 992 3274 amicum
1038 3210 1466 3295 incusaverat,
1514 3210 1629 3275 sed
1668 3209 1948 3275 validius
1992 3233 2031 3274 a
2078 3211 2326 3276 Seneca
2370 3209 2596 3276 eodem
2639 3210 2910 3274 crimine
2955 3206 3294 3293 perculsus

715 3321 811 3376 est
849 3312 995 3377 Tac.
1031 3334 1091 3377 a.
1123 3317 1221 3390 14,
1255 3318 1353 3378 65.
1420 3312 1613 3377 Anno
1659 3314 1740 3378 65
1786 3315 2231 3378 coniuratione
2262 3313 2516 3378 Pisonis
2554 3312 2809 3377 detecta
2851 3312 3039 3398 quasi
3084 3311 3294 3375 socius

712 3437 753 3479 a
784 3414 1044 3482 Nerone
1087 3417 1250 3480 mori
1297 3416 1509 3480 iussus
1559 3417 1696 3502 ipse
1727 3438 1797 3480 se
1837 3416 2167 3480 interfecit
2203 3416 2351 3481 Tac.
2383 3438 2443 3481 a.
2476 3420 2575 3493 15,
2608 3419 2839 3493 60-65‚
2888 3413 3019 3479 Dio
3048 3418 3152 3491 62,
3184 3416 3289 3488 25,

712 3517 968 3586 Sueton.
1003 3518 1179 3584 Nero
1223 3522 1322 3595 35,
1371 3517 1673 3601 Polyaen.
1709 3524 1893 3583 strat.
1925 3522 1987 3596 8,
2020 3524 2125 3596 62,
2165 3519 2534 3601 Hieronym.
2569 3519 2777 3584 chron.
2807 3521 3008 3584 2082.
3093 3516 3296 3581 Fama

710 3621 838 3686 fuit
908 3619 1216 3687 Subrium
1290 3619 1564 3686 Flavum
1642 3643 1788 3686 cum
1857 3620 2346 3687 centurionibus
2422 3621 2674 3687 occulto
2747 3618 3015 3685 consilio
3083 3639 3295 3704 neque

709 3735 927 3788 tamen
976 3725 1315 3808 ignorante
1362 3724 1611 3790 Seneca
1653 3724 2112 3808 destinavisse,
2160 3734 2234 3789 ut
2275 3734 2422 3810 post
2465 3726 2746 3789 occisum
2790 3745 2988 3811 opera
3036 3722 3292 3788 Pisonis

706 3825 1035 3891 Neronem
1081 3827 1231 3891 Piso
1274 3849 1534 3913 quoque
1579 3826 2053 3892 interficeretur
2097 3827 2593 3913 tradereturque
2633 3827 2978 3912 imperium
3009 3825 3294 3891 Senecae

574 3972 587 3979 -
718 3930 866 3994 Tac.
914 3951 974 3995 a.
1020 3935 1118 4007 15,
1165 3933 1263 3995 65.

839 4031 942 4097 De
971 4032 1236 4098 faenore
1265 4054 1343 4097 ac
1372 4032 1618 4097 divitiis
1650 4033 1788 4098 eius
1818 4043 2026 4117 agunt
2062 4034 2210 4098 Tac.
2244 4056 2303 4098 a.
2335 4038 2435 4113 13,
2464 4039 2588 4113 42,·
2616 4039 2714 4109 14,
2743 4036 2841 4109 53,
2888 4030 3023 4096 Dio
3052 4034 3148 4108 61,
3181 4035 3297 4107 10,-

710 4139 814 4212 62,
845 4139 927 4213 2-,·
958 4145 1031 4199 ut
1061 4135 1250 4200 homo
1282 4134 1626 4223 praedives
1658 4137 2030 4200 nominatur
2059 4136 2343 4203 Juvenal.
2374 4140 2433 4215 5,
2465 4142 2624 4214 109;
2652 4141 2752 4213 10,
2784 4139 2881 4211 16,
2916 4144 2988 4199 ut
3013 4133 3296 4199 liberalis

715 4237 1018 4302 Martial.
1050 4244 1155 4316 12,
1186 4243 1286 4315 36,
1318 4241 1395 4316 8;
1438 4259 1595 4321 ager
1636 4240 1772 4302 eius
1815 4238 2257 4303 Nomentanus
2300 4238 2482 4305 Plin.
2513 4260 2577 4303 n.
2609 4238 2668 4305 h.
2700 4243 2799 4314 14,
2827 4241 2930 4313 51,
2973 4235 3295 4302 Columell.

708 4344 769 4417 3,
798 4344 858 4416 3,
888 4346 947 4407 5.
996 4380 1075 4390 -
1125 4342 1468 4425 Ingenium
1515 4339 1607 4404 illi
1653 4363 1997 4404 amoenum
2043 4352 2107 4405 et
2153 4343 2458 4427 temporis
2504 4341 2768 4405 auribus
2813 4339 3296 4404 accomodatum

718 4443 867 4507 Tac.
914 4464 975 4507 a.
1028 4448 1126 4521 13,
1171 4448 1248 4521 3;
1305 4444 1577 4508 crimina
1620 4443 1703 4509 de
1746 4443 2037 4509 moribus
2081 4442 2213 4508 Dio
2258 4450 2356 4520 61,
2405 4450 2505 4511 10.
2593 4443 2842 4508 Iudicia
2886 4442 2968 4507 dc
3014 4443 3300 4510 Senecae

713 4546 1080 4632 eloquentia
1124 4548 1246 4614 Gai
1296 4548 1701 4633 imperatoris
1748 4547 2009 4613 Sueton.
2052 4546 2257 4629 Galiy.
2288 4552 2386 4623 53,
2443 4546 2833 4628 Quintiliani
2875 4548 3074 4610 instit.
3106 4552 3208 4623 10,
3240 4551 3297 4616 1,

714 4654 1048 4726 125-131;
1091 4654 1195 4726 12,
1243 4654 1342 4725 10,
1384 4654 1423 4713 1
1464 4650 1613 4735 (13),
1672 4649 1872 4714 Gellii
1913 4655 2019 4727 12,
2066 4656 2130 4725 2,
2181 4649 2533 4713 Frontonis
2561 4670 2634 4730 p.
2678 4653 2815 4714 155.
2859 4653 2999 4714 156.
3045 4653 3180 4716 224
3213 4648 3298 4715 N.

716 4752 817 4817 De
859 4753 1118 4835 scriptis
1162 4753 1438 4818 Senecae
1482 4754 1565 4834 cs.
1623 4752 2203 4831 Teuffel-Schwabe
2246 4751 2585 4816 Romische
2628 4750 3305 4834 Literaturqeschichtc

722 4875 792 4935 12.
826 4860 947 4919 694
976 4875 1103 4937 sqq.

843 4958 1030 5022 onr
1078 4958 1390 5044 Pompeia
1433 4957 1711 5023 Paulina
1750 4958 1896 5023 Tac.
1932 4980 1993 5023 a.
2024 4963 2122 5035 15,
2155 4963 2253 5023 60.
2291 4961 2390 5023 63.
2429 4962 2510 5022 64
2523 4977 2543 5036 ,·
2585 4955 2702 5020 filii
2750 4956 3014 5021 Marcus
3060 4959 3147 5035 (n.
3182 4960 3304 5019 449

709 5060 824 5124 ubi
863 5060 1047 5147 vide),
1105 5061 1287 5139 alter,
1350 5061 1529 5126 cuius
1570 5082 1797 5127 nomen
1840 5062 2193 5144 ignoratur.
2285 5060 2592 5127 Senecam
2650 5058 2881 5125 liberos
2943 5059 3309 5141 superstites

708 5183 838 5229 non
878 5163 1206 5246 reliquisse
1251 5169 1523 5248 apparet
1563 5185 1640 5230 ea>
1685 5165 1910 5230 mortis
1954 5165 2361 5231 enarratione
2412 5162 2691 5229 Tacitea.
