3859 5992
557 559 953 615 CAECILIVS
1849 551 1971 616 251
2872 558 3269 614 CAECILIVS

686 757 939 834 lenense,
987 758 1219 833 Leake,
1266 756 1601 821 Hellenica
1648 757 2059 821 anismata
2090 736 2304 838 p2155
2349 754 2411 838 b)
2455 756 2526 819 in
2571 755 2839 820 adversa
2882 776 3022 820 cum
3064 760 3271 841 capite

687 858 933 924 Tiberii
986 863 1045 923 et
1100 859 1511 941 inscriptione
1570 856 1804 945 Καῖσαρ
1866 859 2166 945 Σεβαστὸς
2223 858 2529 945 Σεβαστοῦ
2589 858 2652 923 R·
2694 857 2758 940 1)
2804 856 3028 940 (ἔτους)
3075 858 3131 923 Α
3174 862 3270 927 ἐπὶ

682 962 939 1027 Σιλανοῦ
986 958 1331 1048 Ἀντιοχέων
1382 960 1497 1026 ΕΜ
1547 961 1843 1026 Mounet
1889 960 1952 1025 V
1968 982 2042 1044 p.
2073 964 2196 1026 158
2236 982 2298 1024 n.
2340 965 2441 1037 99,
2498 980 2778 1025 museum
2835 959 3267 1041 Berolinense,

682 1066 894 1131 Leake
926 1087 999 1149 p.
1032 1070 1129 1143 15,
1194 1067 1256 1149 R·
1299 1065 1370 1148 2)
1414 1067 1549 1131 sine
1594 1067 1753 1130 anni
1782 1067 1992 1149 primi
2039 1066 2428 1130 indicatione
2471 1070 2739 1131 ceterum
2783 1065 2998 1131 eadem
3044 1085 3270 1130 aversa

684 1168 980 1234 Mionnet
1012 1168 1052 1233 l.
1087 1168 1127 1233 l.
1159 1189 1222 1232 n.
1255 1172 1357 1233 98.
1387 1173 1511 1232 100
1547 1168 1736 1249 (male
1767 1169 2069 1251 descripti
2105 1174 2251 1233 sunt
2293 1169 2535 1232 mnnmi
2576 1189 2652 1233 ex
2686 1169 2991 1233 Morellio
3038 1169 3273 1252 sumpti

682 1269 809 1335 ibd.
846 1292 912 1335 n.
936 1276 1036 1336 96.
1071 1271 1198 1354 97).
1288 1272 1407 1358 II)
1456 1271 1782 1357 Γαβαλέιυν
1812 1272 1878 1347 R,
1907 1271 2058 1354 ἐπ(ὶ)
2092 1272 2348 1337 Σιλανοῦ
2374 1271 2669 1336 Mionnet
2713 1271 2852 1353 Vp.
2883 1275 3010 1336 233
3047 1291 3111 1336 n.
3142 1274 3269 1336 625

683 1372 785 1456 (ex
828 1373 1154 1457 Sestinio).
1204 1374 1375 1441 ..III
1382 1377 1446 1457 a)
1506 1395 1646 1438 cum
1706 1376 1911 1457 capite
1971 1375 2143 1439 Iovis
2188 1375 2254 1455 1}
2298 1373 2650 1439 Σελευκέων
2698 1375 2792 1439 ἐπὶ
2836 1374 3089 1440 Σιλανοῦ
3131 1374 3268 1439 sine

685 1496 853 1540 anno
913 1475 1212 1540 Mionnet
1272 1475 1418 1559 Vp.
1451 1479 1580 1541 275
1619 1497 1681 1543 n.
1726 1480 1856 1541 877
1909 1473 2012 1555 (eoe
2071 1475 2375 1558 Sestinio)
2434 1477 2548 1540 sub
2609 1475 2898 1559 Auyusto
2958 1495 3140 1539 cusus
3195 1479 3269 1540 ut

679 1577 963 1656 videtur;
1023 1579 1082 1656 b)
1128 1577 1345 1642 eadem
1395 1578 1661 1643 adversa
1707 1583 1891 1661 atque
1936 1579 2006 1643 in
2044 1579 2320 1643 nummis
2362 1578 2414 1642 I
2418 1578 2452 1643 b
2503 1579 2564 1660 Re
2611 1579 2704 1643 ἐπὶ
2753 1580 3008 1644 Σιλανοῦ
3054 1581 3267 1644 Σελευ-

682 1678 839 1747 κέων
873 1679 986 1745 ΖΜ
1014 1701 1215 1763 supra
1244 1680 1468 1763 (ἔτους)
1501 1682 1547 1746 Γ
1579 1682 1876 1746 Mionnet
1917 1681 2063 1764 Vp.
2094 1685 2224 1746 276
2251 1702 2313 1748 n.
2341 1685 2482 1757 886,
2528 1702 2809 1746 museum
2836 1680 3265 1746 Berolinense.

682 1782 881 1867 IIII)
927 1781 1158 1866 Beryti
1216 1787 1281 1868 a)
1335 1785 1405 1848 in
1452 1782 1721 1848 adversa
1777 1805 1915 1848 cum
1961 1785 2167 1866 capite
2209 1783 2522 1866 Auyusti,
2579 1784 2643 1867 R·
2687 1783 3018 1847 Pei-missu
3064 1781 3265 1847 Silani

681 1884 923 1951 Eckhel
952 1885 1088 1951 III
1104 1907 1175 1968 p.
1206 1889 1348 1963 357,
1394 1906 1671 1951 museum
1715 1886 2162 1964 Berolinense;
2222 1887 2285 1969 b)
2340 1907 2478 1950 cum
2522 1887 2730 1968 capite
2781 1878 3026 1951 Tiberii
3068 1890 3125 1948 et
3168 1885 3266 1949 in-

681 1989 1024 2070 scriptione
1063 1989 1164 2054 Ti.
1206 1988 1391 2054 Caes.
1437 1988 1715 2072 August.
1756 1990 1833 2055 F.
1872 1991 2134 2075 Imper.,
2182 1988 2396 2053 eadem
2438 2009 2664 2054 aversa
2700 1993 2887 2071 atque
2929 1989 3000 2052 in
3042 1987 3217 2053 IIII
3222 2008 3265 2051 a

682 2090 981 2157 Mionnet
1024 2091 1088 2157 V
1105 2113 1179 2174 p.
1209 2095 1333 2157 338
1362 2114 1426 2157 n.
1458 2097 1546 2158 26
1591 2093 1672 2174 cf.
1716 2092 1927 2158 Gohen
1965 2092 2051 2157 12
2081 2115 2153 2175 p.
2186 2096 2322 2158 207
2358 2112 2422 2155 n.
2453 2097 2599 2157 201.

824 2195 907 2259 In
954 2199 1138 2260 tanta
1180 2216 1576 2261 nummorum
1609 2196 1828 2262 Silani
1866 2197 2054 2278 copia
2099 2194 2472 2260 Sanclcmen
2481 2193 2606 2259 tius
2647 2213 2811 2259 nnus
2852 2213 3050 2259 unum
3091 2213 3267 2257 num-

678 2318 846 2362 mum
874 2297 1337 2364 Antiochenam
1372 2299 1667 2383 (ceterum
1699 2299 1899 2382 plane
1942 2298 2205 2363 similem
2250 2298 2522 2362 nummis
2564 2296 2618 2362 I
2623 2298 2688 2381 a)
2734 2298 3108 2379 inscriptum
3144 2294 3263 2360 AM

675 2399 905 2465 vidisse
931 2402 1058 2465 sibi
1083 2402 1255 2466 visus
1286 2407 1393 2479 est,
1421 2423 1597 2484 quem
1621 2423 1698 2467 ea:
1718 2402 1945 2466 ramilis
1965 2402 2100 2465 suis
2123 2402 2193 2465 in
2221 2419 2501 2465 museum
2533 2399 2913 2465 Vaticanum
2939 2400 3267 2465 transiisse

675 2503 932 2584 scripsit
959 2501 1063 2568 De
1091 2504 1378 2586 vulyari's
1416 2525 1606 2569 aerae
1644 2503 2074 2568 emendatione
2103 2526 2177 2586 p.
2203 2508 2345 2567 348.
2426 2503 2618 2583 Quem
2649 2524 2970 2566 nummum
2998 2503 3068 2566 in
3099 2501 3264 2566 libro

670 2607 899 2686 postea
940 2605 1026 2689 (a.
1058 2606 1250 2689 1809)
1283 2604 1450 2670 edito
1495 2604 1598 2670 De
1640 2607 1808 2670 notis
1851 2605 2307 2689 chronoloqicis
2347 2605 2799 2669 numismatum
2840 2604 3264 2687 imperialium

674 2726 788 2770 suo
821 2706 953 2771 loco
969 2728 1043 2790 p.
1070 2712 1168 2784 73,
1200 2708 1315 2773 ubi
1344 2707 1418 2772 de
1450 2708 1668 2773 Silani
1694 2709 1968 2772 nummis
1997 2707 2410 2773 Antiochenis
2456 2708 2599 2791 eyit,
2632 2706 2885 2771 silentio
2901 2707 3261 2790 praeteriit.

674 2808 1016 2875 Facillime
1047 2816 1255 2875 autem
1288 2811 1536 2876 litterae
1566 2812 1700 2885 ΔΜ,
1751 2810 2086 2876 dummodo
2114 2810 2458 2894 paululum
2490 2810 2757 2875 detritae
2794 2814 3011 2886 essent,
3058 2809 3267 2891 accipi

672 2917 1025 2996 potuerunt
1039 2934 1168 2996 pro
1199 2912 1340 2980 AM.
1401 2914 1630 2995 Itaque
1663 2912 1737 2977 de
1770 2913 1885 2978 hoc
1913 2934 2166 2978 nummo
2197 2912 2354 2976 mihi
2382 2912 2798 2977 dubitandum
2842 2932 2970 2978 esse
2997 2910 3262 2988 videtur,

679 3016 825 3080 dum
871 3016 1045 3080 testis
1087 3018 1294 3099 mayis
1338 3016 1597 3080 idoneus
1643 3014 1832 3080 talem
1874 3037 1946 3079 re
1988 3036 2142 3080 vera
2183 3020 2401 3079 extare
2446 3016 2887 3098 affirmaverit.

805 3119 891 3183 In
934 3118 1301 3183 consulatu:
1345 3118 1425 3199 Ω.
1474 3117 1797 3184 Caecilius
1843 3118 1925 3199 Ω.
1972 3117 2016 3183 f.
2064 3118 2154 3183 M.
2201 3140 2264 3183 n.
2311 3117 2612 3182 Metellus
2658 3117 2954 3184 Creticus
3001 3116 3261 3183 Silanus

675 3222 837 3302 fasti
877 3221 1243 3304 Capitolini,
1285 3220 1367 3301 Ω.
1415 3220 1737 3286 Caecilius
1782 3220 2130 3305 M[etellus]
2176 3221 2341 3303 fasti
2380 3220 2792 3285 Praenestini
2832 3221 2915 3286 12
2949 3243 3021 3304 p.
3057 3225 3143 3287 72
3180 3249 3261 3273 ==

675 3323 863 3389 XIV
895 3328 1081 3400 2963,
1147 3323 1226 3404 Ω.
1276 3322 1598 3389 Caecilius
1646 3323 1944 3389 Creticus
1995 3343 2080 3389 ΜΕ
2105 3372 2121 3389 .
2148 3373 2162 3388 .
2191 3373 2206 3388 .
2234 3374 2249 3388 .
2309 3323 2518 3388 editur
2575 3324 2644 3387 in
2702 3325 2894 3405 fastis
2952 3344 3264 3406 auyurum

678 3426 758 3490 1⁹
792 3447 866 3507 p.
898 3431 978 3490 60
1023 3455 1105 3478 =
1154 3425 1258 3491 VI
1287 3431 1454 3491 1976
1498 3432 1557 3489 et
1602 3426 1950 3490 adnotatur
1998 3432 2302 3509 ‘superest
2334 3431 2485 3508 post
2527 3445 2573 3490 Μ
2618 3425 2839 3502 hasta,
2902 3447 3063 3507 quae
3106 3445 3183 3489 ecc
3225 3444 3262 3490 Ε

677 3533 736 3593 et
777 3547 814 3592 1⁴·
858 3528 1234 3592 remansisse
1264 3532 1541 3611 potest’,·
1592 3529 1664 3593 A.
1712 3524 1852 3612 (sic)
1901 3526 2201 3601 Καικίλιος
2244 3529 2554 3599 Μέτελλος
2613 3525 2900 3615 Κρητικός
2939 3526 3073 3593 Dio
3131 3526 3258 3591 ind.

677 3630 719 3694 l.
760 3634 871 3705 55,
946 3628 1246 3702 Καικίλιος
1310 3630 1622 3703 Μέτελλος
1685 3631 1816 3696 Dio
1875 3636 1975 3709 55,
2035 3637 2138 3710 30,
2203 3636 2472 3696 ceterum
2525 3629 2900 3713 plerumque
2965 3629 3261 3696 Creticus

677 3734 855 3815 fasti.
894 3773 965 3781 —
1001 3732 1263 3799 Silanus
1312 3735 1379 3797 in
1421 3735 1697 3800 nummis
1742 3735 2060 3817 tituloque.
2097 3771 2172 3781 —
2208 3734 2506 3801 Creticus
2548 3732 2808 3799 Silanus
2853 3731 3030 3816 apud
3078 3732 3262 3799 Taci-

679 3840 828 3913 tum,
877 3834 1136 3902 Silanus
1184 3835 1361 3918 apud
1400 3836 1756 3919 Iosephum.

804 3937 885 4018 Ω.
932 3938 976 4005 f.
1022 3938 1111 4005 Μ.
1160 3961 1222 4002 n.
1269 3940 1433 4021 fasti
1469 3938 1856 4020 Capitolini;
1885 3943 2157 4020 propter
2195 3937 2417 4004 Silani
2457 3961 2680 4004 nomen
2722 3940 2896 4023 filius
2936 3937 3264 4004 naturalis

674 4040 854 4105 Iunii
883 4039 1100 4106 Silani
1136 4041 1408 4105 alicuius
1451 4041 1715 4118 videtur,
1763 4043 1873 4123 qui
1916 4042 2251 4123 adoptione
2293 4042 2363 4107 in
2402 4042 2825 4107 Caeciliomtm
2858 4041 3263 4106 Bletellorum

674 4142 997 4224 familiam
1059 4144 1319 4207 transiit
1331 4164 1352 4221 ;
1405 4148 1599 4225 pater
1653 4144 1986 4226 adoptivus
2021 4148 2235 4226 potest
2291 4164 2420 4209 esse
2465 4143 2546 4226 Ω.
2594 4143 2918 4210 Caecilius
2962 4142 3261 4208 Metellus

676 4244 972 4311 Creticus
1023 4266 1221 4329 supra
1269 4268 1332 4311 n.
1377 4252 1477 4313 45.
1511 4285 1598 4294 -
1642 4246 1880 4313 Consul
1925 4269 1983 4312 a.
2033 4246 2069 4310 7
2115 4270 2176 4332 p.
2225 4246 2298 4314 C.
2343 4248 2524 4328 fasti.
2570 4284 2658 4294 —
2697 4248 2986 4330 Legatus
3030 4247 3262 4333 Syriae

691 4347 839 4414 Tac.
874 4369 933 4412 a.
965 4352 1030 4425 2,
1061 4354 1138 4427 4,·
1178 4355 1244 4426 2,
1276 4355 1375 4427 43,
1422 4350 1672 4432 Ioseph.
1715 4354 1844 4416 ant.
1874 4355 1976 4427 18,
2008 4354 2075 4426 2,
2106 4355 2165 4426 4,
2213 4352 2488 4429 nummi,·
2544 4352 2804 4428 nummi,
2862 4351 2974 4432 qui
3014 4348 3263 4433 quidem

676 4453 840 4513 certe
880 4449 1178 4533 descripti
1220 4456 1398 4528 sunt,
1462 4473 1661 4517 annos
1706 4452 1991 4517 indicant
2038 4454 2420 4517 tricesimum
2465 4453 2735 4518 alterum
2775 4475 2969 4536 usque
3014 4452 3102 4516 ad
3144 4453 3259 4517 tri-

676 4553 969 4617 cesimum
1024 4555 1356 4636 septimum
1414 4555 1652 4619 scilicet
1712 4577 1902 4619 aerae
1961 4556 2272 4620 Actiacae
2339 4558 2446 4640 (cf.
2506 4555 2750 4622 Eclcltel
2806 4555 2942 4622 III
2978 4578 3052 4639 p.
3104 4559 3258 4639 270)

670 4656 923 4738 partim
965 4658 1328 4721 coniunctos
1373 4677 1511 4722 cum
1557 4659 1746 4722 annis
1788 4659 2048 4740 imperii
2096 4658 2340 4723 Tiberii
2377 4679 2570 4741 usque
2615 4659 2703 4724 ad
2745 4660 3016 4723 tertium.
3092 4656 3264 4723 Vnde

672 4759 958 4840 sequitur
1003 4759 1302 4825 Silanum
1347 4781 1408 4827 a.
1456 4764 1547 4826 32
1591 4782 1780 4824 aerae
1822 4761 2134 4825 Actiacae
2181 4792 2261 4814 =
2310 4762 2481 4826 intra
2523 4782 2790 4827 mensem
2837 4760 3264 4844 Septembrem

680 4881 742 4925 a.
791 4861 1054 4927 764l765
1097 4892 1177 4915 =
1223 4883 1284 4926 a.
1327 4867 1519 4928 11s12
1562 4864 1932 4946 leyationem
1977 4862 2167 4927 inisse
2219 4869 2278 4927 et
2335 4886 2395 4928 a.
2443 4870 2533 4929 37
2568 4895 2650 4917 -ψ
2699 4864 2874 4947 Sept.
2924 4885 2983 4928 a.
3036 4864 3262 4927 769l7o

675 4991 757 5015 -=
795 4983 855 5027 a.
886 4962 1076 5028 16l17
1101 4964 1442 5047 provincia
1486 4964 1831 5029 decessisse.
1907 4964 2100 5028 Anno
2138 4965 2213 5029 17
2253 4964 2573 5049 TiberiuS,
2618 4989 2765 5032 cum
2798 4967 3262 5035 Germanicum

675 5066 742 5128 in
803 5066 1116 5130 orientem
1177 5066 1492 5147 mitteret,
1556 5088 1701 5130 eum
1752 5066 1945 5150 Syria
1990 5064 2277 5131 demovit
2320 5089 2436 5153 per
2495 5067 2893 5133 adfinitatem
2939 5089 3260 5133 conexum

674 5168 1091 5249 GermanicO,
1159 5169 1314 5253 quia
1377 5168 1579 5233 Silani
1641 5169 1774 5233 filia
1832 5169 2109 5251 Neroni,
2190 5173 2623 5236 vetustissimo
2683 5170 3040 5237 liberorum
3102 5171 3257 5253 ciuS,
