3859 5992
556 519 953 577 ANTISTIVS
1870 514 1955 581 87
2873 524 3273 583 ANTISTIVS

687 721 908 803 ficans,
942 718 1305 803 Porphyrio
1333 719 1651 803 (similiter
1678 719 1853 785 Acro
1883 725 1945 785 et
1972 719 2319 786 scholiasta
2356 719 2574 804 (ἶνας.)
2618 720 2862 787 rettulit
2894 722 2984 788 ad
3012 722 3112 791 M.
3135 722 3273 788 An·

683 825 925 889 tistncm
967 823 1346 888 Labeonem.
1431 821 1592 888 Cum
1648 844 1985 907 coynomen
2026 825 2348 889 Labeonis
2385 829 2457 888 ut
2493 844 2623 890 non
2662 825 2925 909 vulyare
2941 876 2957 904 ,
3010 827 3107 890 ita
3147 846 3276 891 non

684 927 771 992 sit
807 925 1154 1009 sinyulare,
1199 926 1507 991 incertum
1550 931 1659 1003 est,
1704 947 1859 991 num
1901 927 2119 992 Labeo
2159 927 2421 1010 quidam
2463 950 2496 993 e
2533 933 2715 1011 yente
2743 928 3037 994 Antistia
3077 929 3273 1013 siqni-

685 1031 945 1113 ficetur,·
1000 1027 1170 1110 quod
1223 1029 1285 1093 si
1326 1033 1634 1111 ponatur,
1696 1051 1774 1094 ex
1830 1034 2179 1112 temporum
2234 1031 2488 1096 ratione
2531 1030 2606 1095 de
2651 1031 2934 1096 Pacuvio
2977 1032 3273 1097 Labeone

687 1130 1097 1214 probabilius
1154 1131 1428 1214 coyitari
1470 1133 1681 1213 possit
1719 1152 1910 1214 quam
1955 1131 2031 1197 de
2073 1132 2231 1216 filia
2270 1170 2358 1179 —
2397 1132 2791 1199 Nominatur
2835 1134 3010 1217 apud
3051 1134 3273 1199 Petro-

686 1236 862 1300 nium
891 1239 1017 1299 137
1056 1232 1152 1317 (in
1193 1233 1499 1317 carmine)
1549 1244 1769 1319 ‘atque
1814 1244 1950 1299 esto
1996 1233 2306 1320 quicquid
2352 1235 2620 1302 Servius
2664 1247 2730 1302 et
2772 1236 3042 1304 Labeo’.

555 1339 684 1404 595
731 1335 879 1402 Tib.
907 1334 1231 1402 Antistius
1275 1335 1667 1418 Marcianus,
1716 1337 1941 1402 Fausti
1985 1336 2176 1420 filius,
2219 1336 2397 1402 tribu
2429 1337 2723 1422 Quirina,
2770 1338 2959 1403 domo
2990 1337 3268 1421 Circina,

687 1440 1055 1526 praefectus
1113 1437 1396 1503 cohortis
1453 1440 1523 1505 11
1581 1440 1946 1525 Hispanae,
2008 1440 2309 1506 tribunus
2365 1440 2638 1524 legionis
2687 1441 2819 1506 XV
2877 1439 3273 1527 Apollinaris

684 1544 842 1609 Piae
871 1540 1129 1623 Fidelis,
1174 1541 1543 1628 praefectus
1585 1541 1727 1607 alae
1758 1542 2089 1629 Sulpiciae
2118 1564 2173 1610 c.
2205 1544 2304 1625 R„
2348 1542 2706 1609 secundum
2738 1543 3043 1609 mandata
3072 1544 3271 1629 impp.

685 1646 1092 1711 dominorum
1138 1665 1246 1708 nn.
1278 1642 1493 1727 Augg.
1540 1645 1692 1728 (non
1736 1650 1884 1710 ante
1925 1644 2227 1712 Severum
2267 1650 2326 1711 et
2355 1645 2773 1730 Antoninian)
2818 1647 3273 1730 integerrimus

685 1747 1402 1832 abstinentissimusque
1443 1757 1843 1831 procurator,
1890 1771 1930 1812 a
1966 1747 2270 1813 censibus
2305 1747 2702 1834 accipiendis
2747 1748 2908 1832 (scil.
2952 1749 3023 1814 in
3067 1749 3273 1813 tribus

687 1849 974 1937 Galliis),
1020 1871 1220 1935 eques
1261 1850 1592 1914 Romanus
1634 1849 1983 1916 honoratus
2025 1873 2069 1915 a
2115 1851 2317 1916 tribus
2347 1852 2706 1933 provinciis
2746 1849 2988 1916 Galliis
3024 1855 3067 1915 t.
3099 1851 3269 1933 Imq-

522 1994 530 2001 -
685 1952 953 2018 dunensi
986 1951 1304 2029 Boissien,
1348 1952 1759 2035 inscriptions
1802 1952 1879 2017 de
1921 1954 2105 2037 Isyon
2136 1975 2209 2036 p.
2237 1957 2386 2020 269.

550 2057 681 2122 596
723 2066 789 2121 L.
833 2063 1229 2120 ANTISTIVS
1274 2064 1386 2118 MV
1388 2064 1690 2120 NDICIVS
1735 2065 2030 2121 BVRRVS
2077 2056 2196 2140 (sic
2240 2060 2281 2120 t.
2315 2061 2374 2133 1,
2421 2053 2746 2120 Antistius
2790 2055 3043 2120 Burrus
3088 2060 3130 2123 ί.
3175 2053 3267 2138 2),

683 2159 767 2241 Q.
791 2158 1059 2223 Antistii
1083 2157 1369 2222 Adventi
1401 2158 1691 2223 Postumi
1715 2158 2014 2245 Aquilini
2044 2163 2349 2241 coynatns
2379 2158 2564 2224 VIII
2571 2162 2779 2224 18893
2799 2157 2911 2242 (1).
2942 2162 3154 2224 18898
3173 2158 3269 2243 (2)

686 2265 728 2327 t.
783 2260 1171 2326 Thibilitani
1213 2282 1345 2344 pro
1400 2260 1606 2326 salute
1661 2260 1871 2326 Burri
1924 2266 1984 2327 et
2025 2260 2326 2344 Aquilini
2380 2283 2550 2326 anno
2602 2264 2722 2326 164
2780 2260 3074 2327 dedicati.
3162 2262 3272 2327 Ea:

680 2369 904 2429 neutro
964 2367 1127 2428 certe
1183 2368 1453 2447 apparet
1493 2362 1755 2429 Burrus
1809 2369 2028 2429 atrum
2083 2363 2261 2448 filius
2319 2385 2404 2429 an
2445 2364 2655 2447 frater
2695 2363 2994 2446 Aquilini
3028 2364 3269 2430 intelle·

679 2465 921 2549 yendns
961 2467 1065 2530 sit.
1155 2465 1373 2530 Potest
1414 2466 1580 2531 idem
1624 2487 1751 2532 esse
1795 2468 1871 2531 L.
1917 2466 2241 2532 Antistius
2283 2466 2541 2531 Burrus
2579 2466 2797 2531 consul
2838 2488 2899 2531 a.
2945 2471 3087 2535 181.

552 2570 680 2634 597
728 2579 791 2636 C.
836 2577 1231 2633 ANTIS'ITVS
1277 2577 1626 2651 REGINVS,
1674 2570 1778 2634 III
1793 2570 1897 2633 vir
1941 2568 2337 2652 (monetalis)
2383 2569 2502 2633 sub
2545 2567 2843 2652 Augusto
2886 2569 2958 2634 in
2997 2571 3271 2636 nummis

684 2673 896 2737 aureis
955 2677 1013 2736 et
1071 2673 1387 2755 argenteis
1444 2673 1612 2737 cusis
1655 2676 1801 2737 ante
1846 2695 1907 2737 a.
1958 2677 2079 2737 739
2124 2701 2208 2727 =
2251 2676 2333 2739 15
2370 2671 2583 2738 Gohen
2625 2672 2707 2736 12
2739 2693 2814 2755 p.
2852 2677 2977 2737 310
3017 2695 3081 2740 n.
3124 2677 3266 2749 346,

679 2798 750 2859 p.
781 2780 904 2841 311
944 2796 1008 2839 n.
1039 2780 1182 2839 347.
1256 2773 1474 2839 Filius
1515 2774 1766 2839 videtur
1804 2773 1875 2842 Ο.
1922 2775 2200 2839 Antistii
2234 2774 2474 2857 Reqini
2513 2774 2712 2858 leyati
2747 2772 3049 2841 Caesaris
3083 2775 3265 2841 Caes.

686 2878 824 2943 bell.
866 2877 1021 2961 yall.
1057 2883 1114 2954 6,
1146 2883 1221 2955 1;
1267 2882 1322 2954 7,
1353 2881 1455 2943 83.
1486 2882 1589 2942 90.

552 2980 680 3045 598
711 2978 1037 3045 Antistius
1059 2980 1383 3063 Rusticus,
1400 2982 1671 3045 maritus
1690 2981 2426 3064 (Mummiae)Nig1-inae
2449 2981 2515 3044 in
2536 2980 2951 3067 Cappadocia
2973 2990 3268 3045 mortuus

686 3081 984 3147 Martial.
1013 3087 1073 3159 4,
1103 3086 1180 3149 75
1195 3102 1216 3161 ,·
1259 3087 1320 3160 9,
1348 3088 1449 3150 30.
1504 3082 1646 3148 Vna
1670 3103 1810 3148 cnm
1836 3104 2036 3148 uxore
2063 3088 2454 3148 memoratur
2478 3084 2551 3147 in
2582 3087 2624 3147 t.
2656 3103 2875 3148 servae
2913 3082 3018 3148 VI
3033 3086 3263 3150 27881.

570 3223 658 3233 -—
721 3195 787 3251 Τ.
832 3185 1209 3266 FL(AV1VS)
1256 3194 1587 3249 VMBRIVS
1646 3194 2041 3250 ANTISTIVS
2104 3193 2574 3250 SATVRNINVS
2633 3193 3265 3250 FORTVNATIANVS

676 3288 858 3371 simio
899 3298 1299 3352 HYDATIVS.

547 3391 677 3456 599
721 3399 1115 3455 ANTISTIVS
1162 3399 1519 3454 soslAst
1566 3391 1682 3474 (sic
1734 3390 1881 3455 Tac.
1931 3412 1994 3455 a.
2031 3396 2260 3469 16,14,
2306 3390 2368 3457 h.
2412 3396 2473 3467 4,
2504 3396 2618 3467 44,
2678 3389 3000 3455 Antistius
3053 3390 3262 3467 alim),

679 3492 981 3558 tribunus
1026 3492 1232 3578 plebis
1277 3515 1334 3559 a.
1367 3495 1450 3558 56
1504 3493 1650 3558 Tac.
1684 3516 1745 3557 a.
1778 3500 1877 3571 13,
1908 3498 2035 3572 28;
2078 3516 2134 3561 a.
2167 3496 2250 3559 62
2294 3504 2555 3580 praetor
2583 3516 2624 3558 a
2654 3492 3038 3559 Cossutiano
3073 3492 3263 3579 Capi-

683 3605 830 3660 tone
874 3597 1227 3661 maiestatis
1273 3595 1525 3660 delatus
1570 3606 1634 3660 et
1670 3598 1736 3660 in
1771 3596 2046 3661 insulam
2077 3596 2402 3681 relegatus
2432 3595 2559 3663 ibd.
2591 3600 2689 3672 14,
2720 3599 2822 3663 48.
2851 3601 2971 3673 49,-
3011 3599 3111 3671 16,
3141 3599 3230 3662 21
3245 3615 3266 3672 ,·

682 3721 740 3763 a.
770 3700 855 3764 66
900 3708 974 3763 ut
1016 3699 1088 3765 P.
1135 3699 1447 3764 Anteium
1491 3708 1557 3764 et
1597 3698 1932 3765 Ostorium
1980 3698 2327 3785 Scapulam
2370 3698 2545 3785 apud
2589 3699 2914 3762 Neronem
2961 3697 3262 3778 deferret,

678 3812 1020 3867 revocatus
1072 3801 1201 3867 ibd.
1247 3808 1347 3880 16,
1393 3806 1511 3881 14,-
1565 3825 1625 3868 a.
1672 3802 1754 3868 70
1808 3823 2109 3886 egressus
2168 3802 2437 3867 exilium
2495 3803 2563 3865 in
2621 3799 2902 3866 insulam
2962 3800 3264 3866 redactus

686 3904 833 3972 Tac.
862 3904 922 3969 h.
954 3911 1013 3981 4,
1044 3910 1144 3972 44.

547 4008 676 4072 600
720 4006 1044 4073 Antistius
1084 4008 1290 4073 Vetus
1336 4031 1372 4072 e
1413 4008 1808 4094 primoribus
1838 4007 2260 4074 Macedoniae
2301 4008 2656 4073 maiestatis
2702 4005 3045 4071 damnatus
3088 4030 3147 4073 a.
3178 4011 3256 4074 21

685 4110 835 4176 Tac.
883 4132 943 4175 a.
979 4115 1040 4188 3,
1077 4114 1181 4175 38.

545 4214 666 4280 601
715 4211 1038 4279 Antistius
1066 4213 1274 4279 Vetus
1303 4214 1669 4278 nominatur
1709 4214 1779 4278 in
1821 4213 2005 4278 titnlo
2049 4212 2403 4297 Berytensi,
2451 4234 2629 4296 quem
2670 4211 2985 4276 dedicavit
3028 4212 3262 4277 Flavia

676 4316 753 4380 T.
801 4315 846 4381 f.
890 4315 1176 4381 Nicolais
1222 4314 1525 4381 Saddane
1569 4316 1791 4398 (uxor)
1837 4316 1972 4381 III
2005 4315 2075 4381 S.
2112 4320 2293 4381 6680.

543 4420 673 4483 602
715 4418 1040 4484 Antistius
1084 4418 1290 4483 Vetus
1332 4419 1543 4484 nescio
1580 4420 1720 4501 qais
1763 4422 2150 4483 memoratur
2193 4420 2263 4482 in
2306 4418 2487 4482 titulo
2532 4419 2697 4482 servi
2741 4416 2842 4481 VI
2874 4420 3102 4480 17180.

544 4522 673 4586 603
718 4521 1097 4606 (Antistius)
1120 4522 1327 4587 Vetus
1356 4523 1563 4587 nescio
1593 4521 1735 4604 quis
1761 4522 2131 4586 nominatur
2162 4522 2230 4585 in
2260 4520 2465 4586 titulis
2495 4520 2863 4585 libertorum
2902 4518 3004 4584 VI
3021 4524 3256 4587 11922.

672 4629 900 4691 11923.
947 4629 1178 4691 11928.

542 4729 672 4793 604
718 4728 804 4812 [G.
860 4727 1278 4811 ANTISJTIVS
1339 4737 1608 4812 VETVS,
1664 4726 1738 4793 C.
1785 4727 1830 4792 f.
1887 4729 2095 4792 nescio
2154 4729 2294 4809 quis
2346 4729 2417 4790 in
2473 4726 2661 4790 titulo
2717 4725 2932 4791 liberti
2989 4726 3263 4810 bilinyni

673 4830 806 4895 III
839 4830 911 4896 S.
943 4834 1176 4898 12241.

542 4933 669 4998 605
716 4942 778 5000 C.
823 4942 1218 4997 ANTISTIVS
1262 4942 1466 4997 VETV
1469 4943 1505 4998 S
1546 4934 1755 4999 nescio
1795 4934 1939 5015 quis
1980 4933 2253 5015 fortasse
2294 4935 2682 4997 memoratur
2723 4931 2790 4995 in
2833 4934 2877 4996 t.
2919 4929 3260 4997 Sidonensi

674 5037 806 5103 III
837 5041 976 5113 151,
1023 5038 1151 5119 qui,
1204 5058 1587 5119 quamquam
1645 5037 1824 5102 lectio
1877 5036 2078 5120 plane
2137 5040 2311 5101 certa
2369 5041 2492 5114 est,
2540 5057 2583 5100 a
2626 5034 2912 5118 lapicida
2953 5036 3050 5100 ita
3092 5035 3258 5100 male

668 5141 922 5206 habitus
965 5146 1076 5219 est,
1126 5146 1200 5207 ut
1243 5139 1398 5225 quid
1448 5141 1580 5205 sibi
1622 5139 1771 5205 velit
1828 5139 2051 5205 titulus
2092 5142 2404 5205 incertum
2444 5140 2549 5204 sit.
2635 5137 2797 5203 Esse
2837 5138 3255 5223 sepulcralem
