3859 5992
686 541 1062 600 CLAVDIVS
1976 526 2105 595 376
3020 528 3393 591 CLAVDIVS

810 761 1037 805 versus
1078 738 1379 822 Pergami
1420 735 1834 825 philosophos
1867 735 2159 802 Stoicum
2187 730 2578 817 discipulum
2610 729 3063 816 Philopatoris,
3111 730 3388 796 Platoni-

808 863 954 907 cum
999 840 1389 929 discipulum
1418 841 1564 924 Gai,
1612 840 2122 927 Peripateticum
2164 834 2420 922 Aspasii
2468 832 2879 920 discipulum,
2924 831 3207 919 denique
3232 833 3385 919 Epi-

806 965 1075 1009 cureum
1121 942 1446 1030 quendam
1489 941 1744 1008 audivit
1784 943 1919 1025 ipse
1963 939 2002 1008 l.
2052 939 2093 1005 l.
2176 938 2403 1004 Annos
2462 934 2921 1024 septemdecim
2965 945 3159 1001 natus
3200 945 3381 1020 patre

805 1057 1071 1112 auctore
1128 1047 1263 1130 ipse
1308 1045 1346 1111 l.
1395 1044 1457 1123 l„
1521 1048 1950 1133 θεραπευτικῆς
2002 1041 2264 1130 μεθόδου
2308 1046 2368 1118 9,
2412 1044 2455 1104 3
2496 1038 2570 1106 X
2596 1062 2669 1123 Ρ.
2715 1043 2856 1117 609,
2915 1043 3044 1128 περὶ
3101 1045 3206 1106 τοῦ
3246 1063 3379 1129 προ-

802 1154 1108 1238 γινώσκειν
1156 1171 1207 1215 c.
1253 1155 1302 1216 2
1343 1149 1536 1215 XIV
1553 1171 1628 1232 Ρ.
1658 1151 1789 1214 608
1833 1147 2195 1212 medicinae
2235 1165 2499 1231 operam
2542 1143 2698 1208 dare
2742 1144 2956 1230 coepit
2998 1153 3063 1208 et
3105 1146 3377 1229 primum

801 1255 868 1317 in
914 1255 1126 1339 patria
1169 1252 1386 1338 Satyri
1446 1250 1677 1317 medici
1724 1248 2083 1336 discipulus
2137 1248 2261 1313 fuit
2301 1248 2436 1331 ipse
2478 1250 2609 1334 περὶ
2650 1252 2755 1333 τῆς
2795 1247 3017 1318 τάξεως
3056 1252 3175 1312 τῶν
3216 1249 3376 1313 ἰδίων

804 1357 1045 1445 βιβλίων
1073 1376 1121 1420 c.
1147 1359 1189 1420 3
1213 1354 1405 1420 XIX
1418 1376 1489 1438 Ρ.
1509 1359 1609 1431 57,
1642 1357 1772 1439 περὶ
1803 1357 2180 1439 ἀνατομικῶν
2203 1351 2611 1438 ἐγχειρήσεων
2636 1354 2695 1425 1,
2722 1354 2780 1413 1.
2803 1348 2962 1416 2Π
2968 1370 3037 1432 Ρ.
3056 1353 3203 1415 217.
3223 1354 3371 1426 224,

802 1461 934 1545 περὶ
976 1465 1096 1524 τῶν
1146 1456 1465 1525 ἀντιδότων
1497 1462 1554 1535 1,
1586 1462 1667 1522 14
1695 1456 1816 1522 XI
1821 1456 1884 1520 V
1888 1477 1963 1539 Ρ.
1996 1459 2095 1532 69,
2143 1454 2225 1527 εἰς
2255 1451 2677 1540 Ἱπποκράτους
2719 1454 2852 1539 περὶ
2898 1452 3105 1540 φύσιος
3145 1452 3371 1539 ἀνθρώ-

802 1585 917 1626 που
963 1560 1283 1648 ὑπόμνημα
1326 1581 1377 1626 c.
1408 1565 1449 1626 6
1476 1559 1625 1624 XV
1631 1582 1703 1643 Ρ.
1731 1563 1867 1637 136,
1915 1560 1986 1624 in
2024 1557 2301 1623 eiusdem
2343 1560 2476 1644 περὶ
2514 1563 2726 1643 χυμῶν
2756 1557 2971 1642 ὑπομν.
2999 1560 3059 1633 3,
3084 1559 3165 1621 34
3192 1554 3371 1621 XVI

793 1683 867 1746 Ρ.
897 1667 1039 1741 484,
1087 1665 1412 1751 ἐπιδημιῶν
1459 1666 1856 1749 ὑπομνήματα
1887 1667 1945 1739 1,
1975 1664 2064 1727 29
2092 1659 2323 1727 XVII
2338 1665 2378 1725 1
2408 1681 2481 1743 Ρ.
2511 1663 2651 1736 575,
2688 1664 3093 1748 προρρητικῶν
3126 1661 3373 1747 ὑπομνή-

802 1790 960 1851 ματα
987 1771 1047 1843 1,
1077 1770 1120 1831 5
1148 1765 1221 1830 X
1233 1765 1336 1832 VI
1340 1788 1413 1849 Ρ.
1436 1771 1599 1844 524,-
1631 1767 1779 1830 item
1813 1764 2113 1847 Pergami
2145 1763 2511 1830 Stratonice
2543 1773 2608 1827 et
2629 1761 3027 1828 Aeschrione
3055 1765 3371 1846 magistris

802 1890 956 1932 usus
1001 1878 1102 1933 est
1143 1873 1275 1955 περὶ
1320 1870 1602 1956 μελαίνης
1643 1873 1835 1954 χολῆς
1879 1888 1930 1933 c.
1961 1872 2002 1932 4
2052 1865 2116 1931 V
2130 1888 2209 1949 Ρ.
2238 1870 2379 1942 119,
2423 1869 2553 1954 περὶ
2594 1871 2699 1952 τῆς
2743 1872 2860 1933 τῶν
2906 1868 3116 1933 ἁπλῶν
3150 1869 3371 1956 φαρμά-

802 1995 927 2037 κων
974 1975 1250 2058 κράσεων
1294 1976 1419 2037 κτλ.
1465 1976 1579 2049 11,
1624 1975 1712 2037 24
1757 1970 1919 2036 XII
1953 1992 2027 2053 p.
2073 1973 2215 2035 356.
2305 1968 2557 2053 Viginti
2617 1990 2821 2033 annos
2881 1979 3071 2034 natus
3130 1981 3372 2057 patrem

801 2074 1018 2137 amisit
1055 2077 1187 2161 περὶ
1231 2075 1519 2162 εὐχυμίας
1561 2077 1661 2140 καὶ
1714 2074 2089 2159 κακοχυμίας
2127 2078 2367 2160 τροφῶν
2413 2093 2464 2137 c.
2496 2077 2534 2136 1
2580 2071 2681 2136 VI
2700 2094 2774 2155 Ρ.
2807 2075 2944 2138 756.
3034 2071 3372 2159 Smyrnam

802 2175 1125 2259 migravit,
1159 2185 1233 2242 ut
1261 2175 1566 2263 Pelopem
1596 2176 1921 2242 medicum
1953 2187 2018 2241 et
2039 2174 2352 2241 Albinum
2383 2174 2790 2240 Platonicum
2818 2173 3073 2240 audiret
3102 2179 3231 2264 περὶ
3256 2182 3371 2243 τῶν

796 2278 958 2344 ἰδίων
1004 2281 1245 2368 βιβλίων
1292 2300 1339 2345 c.
1372 2285 1424 2346 2
1449 2280 1640 2346 XIX
1667 2302 1738 2363 Ρ.
1771 2284 1887 2357 16,·
1929 2278 2168 2366 Pelops
2211 2279 2521 2363 magister
2563 2276 2798 2344 Galeni
2841 2281 2975 2365 περὶ
3015 2285 3121 2364 τῆς
3158 2281 3373 2352 τάξεως

796 2404 849 2445 τ.
884 2383 961 2446 ἰδ.
999 2383 1150 2470 βιβλ.
1197 2402 1248 2447 c.
1296 2387 1358 2459 3,
1403 2387 1536 2471 περὶ
1580 2384 1951 2470 ἀνατομικῶν
1996 2383 2405 2470 ἐγχειρήσεων
2437 2386 2497 2459 1,
2532 2387 2570 2446 1
2601 2381 2692 2446 ΙΙ
2712 2403 2784 2464 Ρ.
2815 2386 2959 2459 217,
3006 2383 3088 2454 εἰς
3116 2380 3371 2470 Ἱπποκρ.

797 2486 931 2570 περὶ
976 2484 1185 2570 φύσιος
1228 2485 1549 2573 ὑπόμνημα
1594 2506 1646 2551 c.
1680 2491 1721 2552 6
1748 2486 1823 2552 Χ
1835 2485 1899 2551 V
1902 2507 1977 2570 Ρ.
2008 2490 2146 2564 136,
2192 2487 2325 2574 περὶ
2363 2486 2649 2572 μελαίνης
2675 2489 2865 2572 χολῆς
2902 2505 2954 2550 c.
2982 2488 3027 2549 3
3069 2484 3133 2550 V
3136 2506 3207 2568 Ρ.
3232 2490 3369 2562 112,

797 2587 930 2671 περὶ
974 2592 1092 2652 τῶν
1137 2589 1527 2655 πεπονθότων
1572 2588 1772 2656 τόπων
1817 2593 1877 2668 3,
1921 2595 2002 2656 11
2049 2588 2231 2655 VIII
2248 2610 2323 2672 Ρ.
2354 2594 2496 2665 194,
2543 2590 2626 2660 εἰς
2668 2585 2930 2674 Ἱπποκρ.
2977 2596 3370 2676 προρρητικῶν

798 2688 1190 2775 ὑπομνήματα
1235 2697 1291 2769 1,
1330 2696 1372 2757 5
1400 2691 1472 2757 Χ
1486 2691 1589 2758 VI
1610 2714 1681 2775 Ρ.
1712 2697 1859 2759 524.
1929 2693 2274 2757 Praeterea
2316 2690 2651 2757 Aeficiano
2694 2689 2766 2775 (ἓ
2803 2691 2887 2772 cf.
2922 2690 3107 2755 Iwcm
3138 2690 3373 2756 Miller

793 2792 1014 2873 praef.
1047 2814 1119 2875 Ρ.
1163 2793 1410 2861 LXIV
1440 2795 1560 2861 vol.
1605 2796 1697 2860 II
1741 2796 2121 2879 scriptorum
2178 2796 2494 2859 minorum
2544 2791 2783 2859 Galem'
2833 2793 2927 2858 ed.
2982 2793 3239 2879 Teubn.)
3295 2797 3371 2867 εἰς

800 2889 1058 2981 Ἱπποκρ.
1092 2901 1224 2984 περὶ
1251 2906 1466 2985 χυμῶν
1498 2901 1896 2987 ὑπομνήματα
1922 2903 1985 2975 3,
2014 2902 2097 2962 34
2123 2896 2314 2963 XVI
2332 2919 2404 2981 Ρ.
2439 2901 2581 2975 484,
2626 2898 2696 2962 in
2742 2896 3012 2963 eumdem
3053 2898 3367 2986 ἐπιδημῶν

799 3000 857 3072 1,
887 3000 977 3061 29
1004 2997 1235 3064 XVII
1252 3006 1290 3065 1
1321 3023 1394 3085 Ρ.
1424 3006 1546 3067 575
1591 3012 1655 3067 et
1694 3002 2081 3067 Numisiano
2125 3002 2454 3084 magistris
2497 3023 2653 3066 usus
2698 3012 2812 3083 est,
2859 3021 3053 3087 quem
3086 2999 3368 3066 Corinthi

799 3098 1055 3166 audivit
1093 3106 1226 3190 περὶ
1269 3106 1644 3192 ἀνατομικῶν
1683 3105 2090 3193 ἐγχειρήσεων
2119 3109 2179 3181 1,
2212 3110 2250 3169 1
2273 3104 2367 3169 ΙΙ
2385 3125 2459 3188 Ρ.
2489 3108 2625 3169 217
2648 3123 2737 3186 sq,
2813 3102 3071 3168 Deinde
3098 3102 3367 3169 Alexan-

802 3199 998 3267 dreae
1044 3204 1401 3272 studiorum
1447 3230 1644 3273 causa
1673 3205 2081 3293 aliquantum
2111 3207 2420 3294 temporis
2450 3204 2631 3289 degit
2656 3207 3088 3293 θεραπευτικῆς
3116 3208 3365 3295 μεθόδου

804 3306 865 3379 1,
900 3305 1038 3371 7Χ
1064 3328 1137 3390 Ρ.
1162 3312 1246 3374 53
1271 3329 1382 3392 sq„
1430 3314 1561 3398 περὶ
1602 3317 1722 3376 τῶν
1768 3314 1976 3377 ἁπλῶν
2025 3314 2362 3398 φαρμάκων
2407 3313 2533 3376 κτλ.
2576 3312 2635 3386 9,
2679 3313 2730 3375 2
2769 3309 2931 3375 XH
2947 3332 3023 3393 Ρ.
3052 3315 3192 3389 177,
3244 3316 3367 3400 περὶ

809 3408 1150 3482 συνθέσεως
1194 3417 1528 3499 φαρμάκων
1572 3421 1691 3481 τῶν
1737 3415 1888 3481 κατὰ
1929 3413 2147 3486 τόπους
2181 3418 2239 3491 6,
2271 3419 2320 3480 2
2361 3412 2522 3478 XII
2542 3435 2614 3496 Ρ.
2642 3415 2782 3491 905,
2828 3411 2939 3477 ubi
2981 3435 3131 3478 cum
3175 3414 3366 3478 Hera·

802 3505 1012 3576 cliano
1057 3512 1311 3579 medico
1351 3516 1733 3582 versabatur
1777 3519 1859 3590 εἰς
1889 3515 2153 3605 Ἱπποκρ.
2197 3519 2330 3604 περὶ
2360 3519 2568 3605 φύσιος
2594 3517 2765 3605 ἀνθρ.
2800 3521 2864 3593 2,
2899 3521 2939 3582 6
2963 3516 3114 3582 XV
3132 3540 3201 3601 Ρ.
3235 3521 3362 3584 136.

805 3612 982 3678 Puer
1040 3625 1104 3681 et
1158 3616 1535 3685 adulescens
1586 3619 1879 3687 febribus
1923 3618 2201 3706 aliisque
2244 3618 2486 3685 morbis
2530 3642 2724 3707 saepe
2767 3628 3102 3707 correptus
3147 3620 3295 3685 inde
3332 3640 3368 3682 a

809 3715 1109 3783 vicesimo
1143 3731 1375 3787 octavo
1406 3725 1634 3788 aetatis
1665 3746 1836 3789 anno
1868 3723 2061 3788 firma
2083 3721 2453 3788 valetudine
2482 3744 2636 3788 usus
2661 3731 2759 3789 est
2786 3726 2917 3810 περὶ
2946 3723 3233 3811 εὖχυμίας
3248 3726 3365 3788 κτλ.

804 3836 854 3882 c.
886 3824 926 3884 1
972 3819 1075 3886 VI
1091 3845 1162 3906 Ρ.
1199 3828 1334 3890 756.
1370 3830 1507 3905 757,
1555 3829 1821 3915 ὑγιεινῶν
1866 3832 1924 3905 5,
1960 3832 1998 3891 1
2046 3825 2148 3892 VI
2160 3848 2235 3911 Ρ.
2267 3829 2409 3904 309,
2458 3829 2590 3914 περὶ
2628 3825 2847 3914 τρόμου
2893 3831 3020 3893 κτλ.
3065 3846 3116 3891 c.
3146 3831 3188 3890 7
3230 3823 3363 3891 VII

796 3941 869 4002 Ρ.
900 3928 1045 4001 638,
1090 3931 1222 4014 περὶ
1264 3936 1381 3995 τῶν
1425 3932 1815 3997 πεπονθότων
1859 3932 2061 3997 τόπων
2102 3936 2160 4007 4,
2204 3935 2255 3997 2
2298 3928 2482 3995 VIII
2501 3952 2573 4014 Ρ.
2604 3933 2757 3997 226.

932 4026 1096 4093 Cum
1128 4031 1508 4098 vicesimum
1537 4056 1779 4098 nonum
1808 4056 2050 4100 annum
2084 4054 2278 4118 agere
2305 4037 2638 4121 coepisset,
2672 4035 2739 4098 in
2772 4034 3047 4121 patriam
3078 4054 3366 4098 reversus

805 4130 1094 4197 consulto
1126 4134 1537 4202 sacerdotum
1560 4137 1909 4225 (ἀρχιερεῖς)
1935 4140 2482 4221 Pergamenorum
2504 4159 2739 4203 munus
2761 4138 3108 4203 curationis
3136 4135 3366 4221 gladia·

807 4242 1015 4299 torum
1053 4240 1337 4324 suscepit
1365 4243 1496 4327 περὶ
1527 4241 1869 4314 συνθέσεως
1902 4245 2238 4329 φαρμάκων
2267 4249 2387 4307 τῶν
2417 4240 2569 4307 κατὰ
2602 4239 2744 4327 γένη
2775 4245 2836 4318 3,
2859 4243 2910 4307 2
2928 4239 3129 4307 ΧΙΠ
3135 4263 3209 4324 Ρ.
3229 4243 3362 4316 599,

806 4337 888 4407 εἰς
931 4334 1189 4428 Ἱπποκρ.
1238 4347 1368 4430 περὶ
1412 4347 1620 4430 ἀγμῶν
1655 4349 1715 4422 3,
1745 4350 1831 4411 21
1860 4344 2133 4412 XVIII
2151 4350 2199 4411 2
2230 4367 2301 4429 Ρ.
2332 4350 2472 4414 567.
2551 4345 2832 4428 Quinque
2871 4344 2968 4410 vel
3007 4365 3116 4409 sex
3158 4362 3365 4417 amos,

802 4438 1121 4508 sciliceta.
1146 4449 1440 4512 158-164
1463 4446 1780 4513 Galenum
1803 4447 2110 4532 Perymni
2136 4452 2283 4513 tunc
2310 4453 2626 4514 versatum
2656 4467 2784 4513 esse
2809 4448 3065 4531 scrimit
3086 4447 3369 4512 Labbeus

800 4566 872 4626 Ρ.
917 4548 959 4610 5
1001 4545 1276 4625 afferens
1329 4551 1524 4615 verba
1562 4550 1800 4616 Galem'
1842 4551 1883 4616 l.
1929 4551 1969 4617 l.
2015 4551 2219 4617 XIII
2253 4575 2326 4636 Ρ.
2362 4556 2485 4618 600
2528 4555 2561 4619 6
2608 4553 2757 4640 μετὰ
2811 4554 2911 4620 τὸν
2970 4552 3369 4641 ἑγχειρίσαντά
3485 4630 3491 4634 ,

806 4672 906 4734 μοι
949 4649 1081 4716 τότε
1123 4654 1230 4738 τὴν
1278 4653 1601 4740 θεραπείαν
1647 4655 1910 4739 (seilicet
1961 4655 2417 4740 gladiatorum)
2466 4658 2738 4744 δεύτερος
2793 4658 3103 4745 ἀρχιερεὺς
3156 4656 3370 4743 ὁμοίως

804 4754 900 4817 καὶ
943 4754 1117 4826 αὐτὸς
1153 4755 1458 4822 ἐπίστευσε
1487 4761 1592 4846 τὴν
1625 4759 1964 4845 ἐπιμέλειαν
1996 4767 2117 4825 τῶν
2157 4764 2523 4848 μονομάχων
2556 4761 2707 4827 κατὰ
2737 4767 2926 4847 μῆνας
2953 4760 3100 4826 ἑπτὰ
3128 4759 3368 4847 μέσους·

807 4855 839 4919 6
887 4857 994 4943 μὲν
1038 4858 1149 4945 γὰρ
1195 4868 1428 4947 πρῶτος
1483 4865 1613 4948 περὶ
1655 4865 1760 4950 τὴν
1808 4864 2251 4950 φθινοπωρινὴν
2312 4866 2630 4951 ἰσομερίαν,
2691 4867 2724 4930 6
2770 4868 2835 4931 δὲ
2881 4865 3150 4953 δεύτερος
3190 4863 3370 4949 ἀκμά·

807 4962 1011 5032 ζοντος
1066 4968 1170 5027 τοῦ
1228 4964 1370 5050 ἦρος
1428 4966 1889 5053 ἠρχιερεόσατο·
1935 4969 2112 5033 πάλιν
2158 4963 2214 5033 δ’
2256 4967 2353 5034 ἐπὶ
2410 4970 2601 5055 τοῦτῳ
2659 4968 2977 5036 σωθέντων
3022 4971 3295 5036 ἁπάντων
3335 4967 3367 5031 6

805 5068 996 5147 τρίτος
1051 5068 1148 5131 καὶ
1198 5068 1231 5132 6
1280 5067 1555 5155 τέταρτος
1595 5073 1694 5135 καὶ
1734 5072 1767 5136 6
1811 5069 2076 5157 πέμπτος
2134 5072 2415 5143 ὡςαῦτως
2472 5073 2837 5159 ἐνεχείρισάν
2899 5098 2997 5160 μοι
3050 5075 3155 5161 τὴν
3206 5074 3371 5160 θερα·

806 5168 976 5233 πείαν
1018 5176 1136 5236 τῶν
1180 5175 1570 5260 μονομάχων.
1643 5175 1926 5257 Quinque
1969 5176 2169 5260 ἐρέται·
2208 5175 2564 5243 sacerdotes
2604 5175 2889 5260 deinceps
2931 5186 2960 5262 (
2956 5175 3375 5260 probabiliter
