3859 5992
535 552 956 607 GHARIGLES
1828 544 1956 608 343
2708 551 3250 607 CHRYSOGONVS

532 752 650 815 591
705 749 1055 832 Charicles,
1088 749 1377 815 medicus
1400 748 1643 815 Tiberii
1676 760 1815 814 arte
1847 750 2116 832 insignis
2145 749 2292 817 Tac.
2317 771 2378 817 a.
2402 754 2459 826 6,
2483 752 2582 825 50,
2617 746 2874 815 Sueten.
2908 747 3113 813 Tiber.
3141 753 3248 823 73,-

661 854 868 918 uescio
911 873 1064 917 uum
1109 853 1270 917 idem
1310 856 1688 917 memoretur
1727 851 1956 919 Galen.
1986 851 2148 916 XII
2168 874 2242 935 p.
2279 856 2417 917 556.
2462 853 2604 916 558.
2648 854 2794 916 579.
2837 853 2998 928 581,·
3040 849 3243 914 ΧΙΙΙ

657 978 730 1039 p.
759 960 859 1020 94.
903 960 1048 1020 109.
1091 959 1248 1022 262.
1290 959 1419 1021 329
1453 954 1541 1021 K.

535 1060 661 1124 592
706 1057 1133 1125 Charidemus
1179 1056 1300 1122 sub
1345 1058 1720 1123 Domitiano
1766 1079 1923 1143 apro
1970 1058 2296 1142 proiectus
2330 1054 2635 1120 Martial.
2668 1060 2727 1133 1,
2755 1059 2856 1132 43,
2887 1059 2987 1122 14.

536 1162 660 1226 593
707 1160 1152 1243 Charidemus,
1202 1170 1386 1245 pater
1431 1161 1863 1243 Hermogenis
1908 1158 2140 1224 medici
2187 1170 2254 1223 et
2295 1158 2583 1223 historici
2630 1159 2699 1222 iu
2744 1162 2785 1225 t.
2831 1156 2961 1240 filii
2990 1155 3252 1221 Milesio

661 1263 762 1329 CI
762 1263 823 1330 G
863 1268 1065 1342 3311,-
1121 1263 1408 1328 medicus
1470 1274 1533 1328 et
1589 1264 1727 1349 ipse
1782 1263 2021 1329 citatur
2078 1284 2121 1326 a
2173 1260 2392 1328 Caelio
2449 1260 2807 1326 Aureliano
2875 1260 2950 1326 de
3014 1259 3253 1324 morbis

664 1368 872 1432 acutis
912 1372 972 1445 3,
1010 1372 1090 1432 15
1121 1389 1194 1450 p.
1225 1371 1366 1433 227
1406 1365 1498 1432 ed.
1544 1365 1844 1431 Ammau.

535 1470 661 1534 594
707 1468 1021 1544 Charilas‚
1068 1468 1340 1534 libertus
1386 1469 1851 1553 imperatorum
1895 1469 2103 1534 Marci
2151 1478 2215 1532 et
2244 1467 2399 1533 Veri
2447 1465 2694 1531 Fronto
2734 1465 2822 1531 ad
2858 1464 3088 1531 Verum
3116 1469 3174 1541 1,
3206 1468 3246 1528 4

655 1594 726 1655 p.
758 1576 881 1637 118
924 1571 1019 1640 ed.
1069 1571 1313 1637 Naber.

535 1691 661 1756 595
707 1690 1195 1774 Chariomerus,
1243 1714 1362 1756 rex
1408 1690 1881 1757 Cheruscorum
1927 1713 1968 1755 a
2011 1689 2266 1756 Chattis
2312 1700 2576 1776 propter
2620 1690 2967 1754 amicitiam
3022 1690 3250 1754 Roma·

663 1816 894 1859 norum
959 1815 1159 1877 regno
1226 1793 1449 1879 pulsus
1506 1795 1696 1859 sociis
1754 1792 2144 1879 quibusdam
2203 1792 2526 1857 adiunctis
2591 1794 2869 1878 primum
2940 1795 3003 1856 in
3069 1814 3251 1856 recu-

663 1895 950 1981 perando
997 1916 1197 1980 regno
1230 1897 1527 1981 superior
1556 1897 1787 1979 extitit,
1834 1905 2062 1980 postea
2091 1894 2174 1960 ab
2204 1893 2331 1959 illis
2363 1893 2726 1974 derelictus,
2760 1915 2907 1959 cum
2939 1894 3250 1959 Romanis

663 1997 921 2063 obsides
965 1999 1258 2082 misisset,
1308 2000 1755 2064 Domitianum
1799 1997 2079 2084 supplex
2121 1997 2316 2080 adiit3
2362 1996 2607 2062 auxilio
2639 1996 2955 2081 denegato
3001 1997 3255 2082 accepit

664 2102 1002 2187 pecuniam
1045 2100 1179 2166 Dio
1214 2107 1315 2179 67,
1359 2107 1401 2168 5
1444 2102 1766 2186 (excerpta
1810 2100 1884 2166 de
1930 2100 2092 2184 leq).

537 2223 662 2288 596
707 2219 1162 2305 Chariovalda,
1196 2220 1334 2286 dux
1363 2221 1760 2286 Batavorum
1792 2221 1859 2285 in
1890 2222 2186 2286 exercitu
2219 2220 2593 2287 Germanici
2625 2230 2852 2285 contra
2883 2218 3244 2285 Cheruscos

663 2345 960 2410 pugnans
1005 2345 1175 2388 anno
1225 2325 1304 2389 16
1348 2323 1584 2388 cecidit
1633 2323 1783 2389 Tac.
1830 2345 1890 2389 a.
1937 2330 2003 2401 2,
2045 2330 2144 2389 11.

536 2446 658 2510 597
706 2444 1037 2526 Charmis,
1097 2442 1552 2526 MassiliensiS,
1615 2443 1906 2509 medicus
1966 2442 2427 2508 celeberrimus
2484 2452 2696 2508 aetate
2750 2441 2947 2507 Plinii
3005 2441 3251 2507 Romae

662 2567 964 2630 magnam
1007 2545 1244 2610 famam
1287 2545 1561 2631 adeptus
1606 2538 1783 2611 Plin.
1825 2568 1887 2613 u.
1932 2545 1994 2610 h.
2041 2551 2148 2623 29,
2197 2550 2315 2623 10;
2374 2569 2414 2609 a
2459 2544 2731 2611 Claudio
2786 2543 3130 2609 damnatus
3183 2543 3249 2606 in

665 2649 880 2718 Gallia
924 2647 1230 2731 exulavit,
1278 2647 1393 2713 sed
1438 2659 1663 2733 postea
1703 2650 2039 2715 restitutus
2084 2658 2184 2713 est
2217 2648 2346 2713 ibcl.
2381 2653 2489 2724 29,
2520 2652 2633 2715 22.

561 2791 636 2800 —
698 2754 946 2818 Betuus
999 2749 1210 2818 Chi10.

557 2893 643 2904 --
707 2854 968 2921 Mallius
1013 2853 1222 2920 Chilo.

562 2997 637 3006 —-
704 2968 915 3023 IVLIA
961 2965 1335 3022 CHILONIS.

536 3070 661 3136 598
707 3069 990 3151 Chione,
1052 3069 1358 3132 vestitum
1417 3077 1700 3132 scortum
1756 3067 1856 3151 (id
1910 3072 2002 3132 est
2058 3067 2337 3133 nobilius
2390 3065 2732 3149 quoddam)
2793 3064 3078 3131 Juvenal.
3125 3069 3245 3129 sat.

662 3178 723 3249 3,
752 3174 1063 3237 135-136.
1112 3168 1361 3234 Nomen
1391 3169 1640 3234 obvium
1666 3171 1739 3234 iu
1766 3169 2203 3234 meretricibus
2232 3171 2336 3251 (cf.
2368 3167 2802 3234 Friedlc'mder
2832 3166 2920 3232 ad
2943 3166 3247 3236 Martiae.

666 3280 723 3353 1,
754 3279 854 3351 34,
890 3272 953 3355 7)
997 3272 1114 3338 hoc
1158 3293 1397 3355 quoque
1442 3271 1573 3337 loco
1616 3274 1833 3355 fictum
1874 3272 2142 3338 videtur.

556 3415 644 3425 —
708 3374 1010 3443 Aufidius
1052 3374 1274 3441 Chius.

561 3519 638 3528 —
712 3477 1079 3545 Chosrhoes
1121 3476 1264 3541 vide
1308 3474 1612 3544 Osrhoes.

556 3620 640 3630 —-
707 3582 797 3649 M.
846 3579 1081 3666 leius
1127 3578 1519 3645 Chresimus.

557 3724 641 3732 —
707 3684 926 3750 Plinia
968 3682 1260 3748 Chreste.

536 3798 660 3864 599
705 3796 1038 3878 Chrestus,
1083 3793 1449 3880 praefectus
1495 3795 1816 3879 praetorio
1856 3794 1980 3859 sub
2026 3796 2286 3860 initium
2326 3796 2577 3880 imperii
2628 3796 2855 3861 Severi
2884 3795 3249 3862 Alexandri

664 3899 913 3983 collega
939 3897 1273 3980 FlavianO,
1321 3896 1557 3983 quibus
1586 3896 1917 3963 Domitius
1950 3896 2267 3983 leianus
2310 3898 2449 3963 iure
2494 3896 2825 3967 consultus
2871 3921 2911 3962 a
2954 3898 3255 3964 Mamaea

664 4003 1069 4089 praepositus
1127 4011 1227 4064 est
1284 4000 1578 4064 Zosimus
1631 4005 1690 4077 1,
1738 4005 1853 4080 11;
1925 4022 2075 4066 cum
2142 3999 2458 4065 Flaviano
2516 4000 2600 4065 ab
2660 3999 2941 4087 leiano
3000 4003 3253 4067 occisus

663 4105 797 4172 Dio
839 4109 945 4183 80,
985 4111 1035 4172 2
1077 4105 1401 4189 (Zonaras
1439 4109 1546 4180 12,
1590 4104 1714 4187 15).

536 4229 662 4292 600
708 4226 1038 4308 Chrestus,
1085 4225 1363 4310 scriptor
1391 4223 1742 4307 Romanus,
1787 4245 1871 4288 ex
1897 4246 2029 4310 quo
2057 4224 2141 4290 de
2170 4223 2325 4307 Nili,
2376 4222 2644 4309 Libyae,
2686 4223 2976 4309 Aegypti
3020 4234 3255 4289 natura

664 4329 857 4416 plura
885 4328 1230 4412 exscripsit
1249 4327 1524 4391 Ioarmes
1546 4326 1762 4410 Lydus
1787 4326 1861 4392 de
1881 4327 2202 4392 mensibus
2221 4332 2279 4404 4,
2306 4330 2421 4402 68,·
2451 4328 2573 4411 ἐγὼ
2601 4327 2684 4403 δέ,
2723 4330 2899 4414 φησὶν
2922 4330 2954 4393 ὁ
2980 4325 3255 4412 Χρῆστος

662 4431 982 4520 γενόμενος
1025 4432 1088 4496 ἐν
1133 4440 1222 4516 τῷ
1266 4430 1596 4515 ἀκροτηρίῳ
1639 4436 1744 4514 τῆς
1787 4428 2174 4515 Μαυρουσίας
2211 4431 2275 4496 ἐν
2321 4438 2410 4518 τῷ
2439 4429 2642 4517 στόμῳ
2670 4436 2777 4495 τοῦ
2807 4428 3097 4496 Ὠκεανοῦ
3127 4435 3252 4495 κτλ.

667 4533 849 4601 Certe
889 4554 1019 4598 non
1062 4537 1209 4597 aute
1248 4532 1695 4615 imperatorem
1733 4530 2083 4597 Claudium
2124 4533 2270 4614 fuit.

537 4649 655 4713 601
708 4644 1135 4730 Chrysippus,
1182 4644 1589 4730 propinquus
1636 4645 1951 4708 Postumii
1996 4643 2254 4725 Marini,
2302 4643 2701 4709 Mithridatis
2744 4643 2935 4725 filius,
2983 4643 3253 4708 maritus

666 4748 1089 4825 Stratonicae,
1136 4756 1320 4832 pater
1363 4746 1644 4831 Epigoni
1691 4757 1756 4810 et
1797 4745 2213 4830 Mithridatis,
2261 4747 2365 4810 cui
2404 4745 2658 4811 Plinius
2695 4769 2736 4811 a
2765 4747 3048 4812 Traiano
3094 4746 3252 4810 civi-

664 4862 865 4918 tatem
908 4851 1095 4935 petiit
1140 4849 1323 4916 Pliu.
1356 4848 1445 4913 ad
1490 4849 1757 4913 Traiau.
1789 4854 1888 4914 11.

537 4969 662 5034 602
709 4962 1176 5047 Chrysogonus
1220 4983 1260 5024 a
1296 4959 1558 5045 Scythis
1603 4970 1814 5025 aetate
1859 4961 2267 5046 imperatoris
2297 4958 2631 5025 Valeriani
2680 4959 3051 5043 honoratus,
3100 4962 3257 5046 quia

667 5071 746 5134 iis
791 5075 1021 5131 auctor
1065 5064 1294 5145 fuerat,
1345 5072 1419 5127 ut
1460 5062 1906 5127 Nicomediam
1955 5063 2340 5129 invaderent
2383 5064 2675 5128 Zosimus
2718 5069 2775 5141 1,
2819 5068 2920 5129 35.

533 5175 660 5243 603
705 5170 1187 5254 Chrysogonus,
1236 5163 1646 5231 citharoedus
1690 5175 1903 5230 aetate
1931 5164 2260 5231 Iuvenalis
2300 5164 2584 5231 Juvenal.
2616 5170 2739 5231 sat.
2770 5170 2828 5243 6,
2859 5168 2975 5244 47,·
3022 5170 3080 5244 7,
3109 5170 3250 5232 176.
