3859 5992
531 559 941 615 CASPERIVS
1825 550 1954 617 309
2810 561 3244 618 CASSIANIVS

659 767 886 822 contra
930 778 1121 843 quem
1167 755 1548 821 seditionem
1591 759 2152 843 praetorianorum
2196 760 2402 823 movit
2444 756 2578 823 Dio
2624 758 2663 823 l.
2712 756 2775 837 l.‚
2820 758 3047 845 (Vict.)
3077 758 3244 843 Epi·

661 865 820 925 tome
860 864 949 925 12
961 878 983 938 ;
1040 867 1387 944 propterea
1445 882 1486 923 a
1542 860 1825 925 Traiano
1887 860 2008 925 sub
2070 861 2325 925 initium
2381 860 2634 946 imperii
2679 862 2930 927 occisus
2975 871 3074 927 est
3113 860 3248 928 Dio

660 965 761 1039 68,
804 965 862 1027 5.
907 998 993 1008 -
1033 961 1302 1027 Amicus
1349 961 1677 1047 Apollonii
1724 962 2016 1047 Tyanaei
2062 962 2445 1030 Philostrat.
2494 963 2534 1028 l.
2581 963 2624 1031 l.

530 1066 659 1130 393
701 1065 778 1129 L.
827 1063 1177 1151 Casperius
1224 1063 1535 1130 Aelianus
1565 1065 1782 1158 Amisi
1821 1066 1892 1131 in
1936 1065 2144 1131 Ponto
2190 1065 2503 1131 dedicavit
2545 1070 2586 1131 t.
2637 1065 2981 1151 bilinyuem
3015 1066 3150 1133 III
3173 1065 3245 1134 S.

655 1171 836 1233 6976.
926 1166 1275 1233 Parentela
1333 1168 1701 1233 coniunctus
1757 1167 2008 1233 videtur
2062 1189 2202 1233 cum
2248 1166 2548 1251 Casperio
2591 1168 2870 1235 Aeliano
2914 1171 3024 1253 qui
3052 1191 3249 1253 prae-

662 1269 858 1348 cedit‚·
914 1292 1066 1335 num
1123 1269 1290 1335 idem
1343 1271 1462 1348 sit,
1511 1269 1712 1353 plane
1769 1273 2080 1336 incertum
2131 1275 2224 1337 est
2263 1292 2462 1354 neque
2504 1271 2715 1337 minus
2758 1272 2847 1337 ad
2886 1293 3068 1354 quem
3095 1292 3249 1355 per-

662 1373 908 1437 tineant
964 1372 1208 1456 tegulae
1266 1371 1697 1456 Pompeianae
1751 1373 2102 1456 inscriptae
2145 1372 2418 1460 Casperi
2463 1372 2720 1438 Aeliani
2768 1373 3023 1440 Notizie
3083 1373 3252 1457 deyli

658 1474 834 1538 soavi
872 1478 1042 1539 1887
1068 1497 1143 1559 p.
1173 1479 1320 1542 251.
1353 1512 1432 1521 -
1465 1475 1579 1540 Ad
1618 1474 1943 1557 familiam
1975 1474 2272 1558 Casperii
2311 1475 2582 1540 Aeliani
2609 1477 2933 1559 praefecti
2974 1477 3250 1559 fortasse

658 1578 984 1660 pertinent
1028 1582 1087 1642 et
1126 1578 1205 1642 L.
1253 1576 1605 1663 Casperius
1655 1576 2069 1644 Abascantus
2128 1589 2195 1643 et
2252 1578 2563 1664 Casperia
2616 1576 2892 1644 Aeliane
2947 1587 3251 1667 parentes

662 1680 739 1745 L.
786 1678 1056 1766 Casperi
1101 1681 1316 1745 Fauni
1359 1679 1550 1746 XIV
1573 1686 1762 1747 2336.

533 1782 660 1848 394
705 1781 1053 1868 Casperius
1084 1782 1508 1866 Aemilianus,
1557 1782 1746 1849 homo
1790 1784 2027 1849 nobilis
2070 1784 2155 1849 ab
2203 1784 2591 1870 imperatore
2637 1783 2954 1870 Septimio
2999 1782 3245 1850 Severo

666 1886 916 1950 occisus
959 1886 1067 1951 vit.
1116 1885 1416 1969 Septimii
1458 1886 1677 1953 Severi
1717 1891 1818 1965 13,
1862 1892 1925 1953 4.

536 1987 662 2053 395
709 1986 1059 2073 Casperius
1087 1987 1511 2075 Agrippinus,
1559 1988 1749 2054 homo
1796 1988 2035 2054 nobilis
2080 1988 2163 2054 ab
2211 1990 2597 2075 imperatore
2643 1988 2957 2076 Septimio
3003 1987 3249 2054 Severo

664 2092 917 2155 occisus
959 2090 1068 2155 vit.
1115 2090 1414 2174 Septimii
1456 2092 1679 2157 Severi
1712 2096 1812 2169 13,
1857 2096 1916 2156 3.

537 2194 663 2259 396
709 2191 1062 2279 Casperius
1093 2192 1314 2277 Niger,
1362 2215 1399 2257 e
1435 2192 1827 2258 militaribus
1859 2193 2019 2258 viris
2049 2216 2109 2258 a.
2141 2195 2242 2277 69,
2287 2216 2434 2260 cum
2462 2192 2857 2280 Capitolium
2889 2216 2931 2258 a
2958 2190 3251 2259 Vitellia·

665 2297 767 2360 nis
811 2304 1319 2382 expugnaretur,
1367 2296 1618 2361 occisus
1670 2296 1817 2362 Tac.
1862 2296 1925 2361 h.
1969 2301 2031 2374 3,
2079 2299 2177 2364 73.

556 2434 643 2446 —
705 2408 916 2462 IVLIA
961 2406 1346 2463 CASSIANA.

536 2501 661 2567 397
707 2509 1150 2564 ῙΜΡΕΒΑΤΟΒ.
1166 2509 1460 2565 CAESAR
1475 2510 1555 2566 M.
1581 2509 2016 2566 CASSIANIVS
2048 2509 2401 2565 LATINIVS
2434 2509 2822 2564 POSTVMVS
2847 2507 3251 2566 AVGVS'I'VS.

801 2602 1011 2669 Tituli
1050 2602 1120 2668 in
1163 2602 1470 2667 columnis
1511 2602 1848 2669 miliariis:
1900 2607 1968 2691 a)
2011 2602 2404 2668 Britanniae
2449 2602 2592 2667 VII
2619 2607 2780 2667 1161
2823 2601 2933 2685 (1),
2982 2601 3071 2667 ad
3105 2622 3255 2667 eun-

666 2704 804 2769 dem
845 2704 1121 2786 fortasse
1167 2706 1492 2788 pertinent
1550 2705 1835 2787 frustula
1879 2710 1920 2771 t.
1967 2709 2153 2781 1162,
2197 2708 2540 2788 praeterea
2589 2705 2902 2769 invenitur
2947 2704 3176 2769 cohors
3220 2703 3253 2769 I

664 2806 856 2872 Aelia
913 2808 1242 2873 Dacorum
1300 2809 1721 2873 Postumiana
1777 2807 1924 2873 VII
1952 2812 2104 2875 820.
2162 2812 2301 2874 822
2313 2827 2335 2886 ‚·
2393 2807 2456 2890 b)
2514 2807 2877 2891 Hispaniae
2942 2807 3256 2873 Tarraco-

666 2910 880 2975 nensis
922 2911 1016 2976 II
1044 2915 1210 2976 4919
1254 2911 1370 2995 (2).
1428 2915 1592 2976 4943
1634 2909 1762 2995 (3),·
1828 2910 1885 2994 c)
1943 2910 2331 2976 Germaniae
2386 2909 2794 2988 Braanbaeh,
2851 2909 3100 2994 empus
3158 2909 3254 2974 in-

669 3013 1083 3096 scriptionum
1145 3012 1611 3079 Rkenanarum
1674 3017 1838 3079 1948
1901 3013 1992 3098 (4)
2060 3013 2401 3079 admodum
2468 3014 2763 3091 mutilu33
2855 3011 2922 3097 d)
2995 3010 3258 3079 Galliae

670 3115 989 3193 Fabretti,
1037 3116 1493 3199 Inscriptiones
1534 3117 1833 3199 antiquae
1866 3139 1940 3200 p.
1969 3121 2092 3181 413
2131 3137 2196 3181 n.
2226 3121 2357 3183 362
2386 3115 2495 3200 (5),
2541 3115 2698 3182 duos
2727 3114 2926 3181 edidit
2953 3115 3029 3181 de
3073 3113 3254 3180 Ville-

671 3220 836 3300 fosse
867 3218 1083 3285 Revue
1113 3219 1590 3302 arche'oloqique
1614 3240 1737 3285 ser.
1766 3219 1860 3284 II
1879 3224 1922 3284 t.
1953 3217 2321 3285 XXXVII
2336 3218 2551 3303 (1879)
2582 3240 2660 3302 p.
2681 3221 2811 3284 265
2841 3217 2952 3303 (6).
2982 3222 3119 3285 267
3141 3212 3255 3303 (7),

674 3319 829 3386 duos
872 3321 1035 3387 alios
1077 3322 1244 3387 idem
1285 3321 1594 3388 indicavit
1637 3322 1679 3387 l.
1726 3321 1767 3388 l.
1800 3345 1874 3406 p.
1905 3326 2054 3392 265.

804 3423 1068 3489 Nummi
1124 3429 1343 3491 extant
1398 3425 1664 3508 plurimi
1721 3425 2022 3509 descripti
2078 3423 2253 3509 apud
2308 3423 2382 3489 de
2439 3423 2652 3502 Witte,
2711 3423 3098 3507 Empereurs
3150 3420 3257 3487 des

676 3525 917 3592 Gaules
947 3549 1020 3610 p.
1049 3531 1091 3594 5
1120 3548 1273 3611 sqq„
1320 3529 1449 3594 tab.
1482 3532 1679 3605 1-24,
1727 3528 1809 3609 cf.
1849 3528 1924 3593 de
1960 3532 2212 3594 moneta
2239 3525 2533 3594 Postumi
2562 3526 2805 3592 Eclckel
2849 3526 2994 3593 VII
3012 3547 3087 3608 p.
3116 3526 3256 3591 445.

800 3629 1014 3696 Plena
1069 3632 1330 3696 nomina
1374 3632 1740 3714 perscripta
1796 3629 2090 3695 exhibent
2141 3635 2184 3697 t.
2228 3635 2289 3695 1.
2331 3634 2392 3694 3.
2441 3633 2499 3706 7,
2558 3628 2794 3712 reliqui
2834 3629 3122 3694 breviata
3161 3626 3258 3692 vel

671 3733 919 3799 mutila.
1022 3735 1185 3819 Imp.
1233 3733 1308 3800 C.
1349 3733 1445 3798 M.
1491 3732 1672 3799 Cass.
1724 3733 1871 3799 Lat.
1922 3733 2267 3798 Postumus
2327 3732 2403 3798 P.
2453 3731 2530 3796 F.
2574 3729 2746 3814 Aug.
2790 3732 2919 3796 sive
2970 3730 3134 3815 Imp.
3180 3728 3256 3795 C.

676 3834 1020 3900 Postumus
1078 3836 1153 3904 P.
1213 3837 1290 3904 F.
1349 3835 1522 3919 Aug.
1584 3837 1654 3901 in
1710 3820 2000 3902 nmmis.
2062 3871 2143 3881 --
2201 3834 2464 3900 Cassius
2522 3832 2854 3898 Labienus
2910 3832 3259 3897 Postumus

676 3936 957 4003 traditur
1000 3938 1222 4022 (Vict.)
1265 3938 1548 4021 Epitom.
1591 3943 1710 4016 32,
1772 3942 2046 4003 ceterum
2090 3937 2434 4002 Postumus
2493 3935 2670 4020 apud
2715 3937 3074 4018 scriptores,
3130 3935 3264 4000 nisi

673 4039 844 4122 quod
898 4039 1106 4105 Iulius
1166 4040 1511 4106 Postumus
1567 4041 1801 4106 dieitur
1843 4041 1951 4105 vit.
2000 4040 2146 4122 triy.
2192 4044 2312 4122 tyr.
2360 4044 2418 4115 6,
2462 4043 2521 4116 6,
2564 4039 2680 4103 ubi
2722 4037 2871 4102 Iulii
2917 4036 3257 4102 Atheriani

675 4141 1003 4207 cuiusdam
1042 4143 1236 4208 verba
1275 4161 1342 4207 se
1386 4141 1624 4222 afferre
1665 4144 1873 4208 nescio
1920 4163 2009 4208 an
2050 4143 2256 4226 finyat
2297 4140 2701 4225 bio-arapha&

804 4243 1278 4310 Obscurissime
1323 4254 1515 4311 natus
1557 4245 1829 4328 Eutrop.
1876 4249 1937 4322 9,
1985 4250 2044 4310 9.
2130 4245 2290 4309 Dux
2342 4244 2751 4330 imperatoris
2794 4239 3097 4325 Gallieni,
3145 4242 3259 4327 qui

676 4348 735 4410 ei
782 4370 1004 4412 curam
1047 4349 1338 4434 riparum
1381 4347 1592 4413 Rheni
1638 4347 2078 4431 mandaverat,
2128 4355 2202 4411 ut
2245 4348 2609 4414 Germanos
2653 4345 2737 4410 ab
2781 4342 3261 4409 incursionibus

676 4450 744 4516 in
802 4450 964 4514 fines
1004 4452 1441 4515 Romanorum
1482 4461 1736 4515 arceret
1777 4450 1892 4534 (sic
1937 4450 2251 4526 ZonaraS,
2313 4451 2508 4535 ἀρχὴν
2568 4449 2631 4515 ἐν
2674 4450 2931 4518 Κελτοῖς
2986 4468 3262 4533 στρατιω-

675 4560 795 4620 τῶν
843 4555 1383 4640 ἐμπεπιστευμένος
1412 4554 1769 4638 Zosimus),·
1812 4570 1960 4617 cum
1991 4551 2327 4619 Gallienus
2373 4561 2600 4617 contra
2641 4550 2891 4619 Gothos
2935 4549 3262 4636 profectus

675 4655 883 4721 filium
924 4657 1232 4722 maiorem
1276 4654 1541 4737 (scilicet
1582 4656 1661 4722 P.
1692 4655 2017 4722 Licinium
2046 4650 2405 4720 Cornelium
2451 4654 2864 4720 Valerianum
2901 4651 3258 4728 Caesarem,

674 4759 839 4825 male
885 4759 1264 4825 Saloninum
1310 4759 1603 4826 Zosimus
1639 4780 1753 4825 nec
1795 4759 2005 4823 minus
2047 4757 2212 4823 male
2243 4758 2540 4823 Zonaras
2580 4759 2766 4823 παῖδα
2811 4754 2977 4841 ἔχων
3022 4757 3057 4821 ὁ
3099 4755 3264 4819 αὖτο-

676 4865 911 4950 κράτωρ
935 4864 1105 4936 οὗτος
1126 4864 1238 4946 (=
1255 4866 1302 4930 Γ
1304 4865 1572 4950 αλιῆνος)
1597 4863 1947 4949 ὁμώνυμον)
1978 4862 2098 4927 sub
2135 4859 2336 4927 tutela
2367 4859 2615 4926 Silvani
2642 4858 2908 4942 (Albani
2940 4858 3261 4941 Zonaras)

677 4966 744 5030 in
791 4965 1063 5032 Colonia
1106 4966 1570 5053 Agrippinensi
1631 4965 2031 5050 reliquisset,
2095 4974 2168 5029 ut
2212 4962 2444 5030 Galliis
2502 4972 2866 5049 praeesset,
2917 4960 3263 5031 Postumus

679 5069 1031 5134 inimicitiis
1060 5070 1230 5134 inter
1254 5092 1401 5134 eum
1424 5078 1490 5133 et
1515 5067 1856 5135 Silvanum
1884 5067 2041 5131 ortis
2066 5065 2401 5132 Coloniam
2433 5065 2703 5148 obsedit,
2730 5064 3261 5149 Agrippinenses,

681 5180 752 5235 ut
798 5170 1143 5238 Silvanum
1181 5184 1247 5236 et
1282 5171 1705 5253 Valerianum
1747 5168 2077 5252 dederent,
2126 5170 2337 5251 coegit
2379 5167 2759 5252 deditosque
2804 5163 3130 5229 interfecit
3171 5172 3263 5227 at·
