3859 5992
694 550 1009 607 CLVVIVS
1983 543 2109 608 426
3047 547 3411 606 COCCEIVS

822 749 1090 814 maritus
1128 750 1367 814 sororis
1396 749 1656 830 Turiae,
1697 750 1810 835 qui
1847 759 2244 814 memoratur
2273 750 2338 813 in
2368 747 2742 814 laudatione
2772 749 3012 813 Turiae
3044 749 3144 814 VI
3156 754 3347 824 1527,
3372 752 3411 810 1

820 874 875 917 v.
914 856 974 917 5.
1021 856 1116 917 16.
1160 857 1278 929 47;
1319 856 1385 928 2,
1423 857 1481 928 9,
1527 852 1802 933 fortasse
1843 856 1903 916 et
1943 850 2210 916 Cluvius
2250 852 2362 933 qui
2402 852 2703 933 seqnitur.

695 957 821 1020 955
865 964 933 1019 L.
983 962 1295 1018 CLVVIVS
1343 955 1760 1037 (praenomen
1805 954 1997 1037 ponit
2036 952 2171 1018 Dio
2213 958 2315 1032 49,
2361 952 2468 1037 44)
2514 976 2662 1018 cum
2706 955 2796 1021 M.
2842 952 3126 1018 Antonio
3174 955 3240 1018 in
3288 953 3413 1018 Ar-

823 1059 1041 1121 menia
1091 1066 1325 1140 agente
1382 1077 1552 1120 anno
1599 1057 1715 1122 721
1765 1086 1847 1110 =
1894 1057 1979 1121 33
2023 1079 2080 1122 a.
2130 1055 2203 1121 C.
2249 1055 2407 1138 fuit,
2468 1066 2595 1147 quo
2641 1067 2937 1142 tempore
2980 1056 3306 1121 Antonius
3352 1058 3411 1120 ei

825 1159 1229 1225 consulatum
1288 1158 1467 1223 dedit
1527 1160 1872 1244 statimque
1931 1157 2217 1223 detraxit
2264 1158 2396 1223 Dio
2439 1153 2536 1235 49,
2582 1165 2682 1224 44.
2786 1160 3201 1246 Quamquam
3258 1183 3412 1225 con-

828 1262 1040 1327 sulatu
1083 1285 1212 1327 non
1259 1262 1537 1345 functus,
1583 1261 1668 1326 ab
1714 1261 2009 1343 Augusto
2056 1283 2226 1325 anno
2262 1262 2386 1327 725
2426 1292 2508 1315 =
2553 1262 2636 1327 29
2682 1263 2853 1327 inter
2894 1262 3262 1328 consulares
3301 1262 3415 1327 ad-

826 1367 1107 1451 scriptus
1150 1374 1245 1428 est
1287 1364 1373 1428 id.
1403 1368 1513 1441 52,
1543 1368 1650 1430 42.
1687 1403 1763 1412 -—
1795 1363 2104 1429 Fortasse
2149 1363 2282 1428 loeo
2313 1365 2559 1447 priore,
2604 1365 2718 1430 ubi
2757 1387 2980 1430 nomen
3020 1367 3415 1449 yentilieinm

826 1472 1117 1550 corrupte
1146 1466 1445 1543 traditur,
1493 1468 1563 1531 in
1594 1468 2012 1549 praenomine
2038 1487 2278 1549 quoque
2307 1472 2592 1531 erratum
2621 1473 2714 1532 est
2744 1472 2803 1532 et
2846 1468 3010 1532 idem
3052 1470 3181 1551 fuit
3224 1473 3416 1551 atque

830 1568 895 1637 G.
939 1570 1203 1635 Cluvius
1247 1569 1360 1650 qui
1388 1569 1740 1651 praeeedit.

698 1676 825 1740 95ss
870 1672 1143 1739 Cluvius
1162 1671 1251 1755 (5³)
1297 1672 1550 1736 Fuscus
1596 1670 1896 1752 (Cluvius
1942 1670 2102 1736 liber
2145 1670 2545 1755 Drasdenszzs,
2608 1672 2924 1739 Claudius
2982 1675 3149 1757 alivi),
3211 1695 3415 1757 gener

830 1774 1095 1842 Caecilii
1143 1773 1413 1839 Classici
1470 1797 1510 1838 a
1570 1772 1782 1838 Plinio
1833 1784 1897 1839 et
1957 1774 2241 1840 Lucceio
2301 1776 2808 1861 repetundarum
2863 1788 3235 1861 accusatae,
3295 1777 3413 1842 sed

826 1876 1160 1944 absolutus
1199 1875 1380 1941 Ptin.
1418 1877 1596 1959 epist.
1628 1881 1687 1953 3,
1720 1882 1779 1953 9,
1811 1881 1908 1942 18.

701 1984 824 2048 957
872 1992 935 2046 Ρ.
979 1989 1291 2045 CLVVIVS
1339 1989 1686 2043 MAXIMVS
1727 1989 2138 2062 PAVLINVS,
2195 1981 2394 2046 salius
2440 1981 2776 2049 Palatinus
2819 1984 3029 2050 factus
3073 2006 3242 2049 anno
3290 1985 3409 2049 181

841 2084 943 2150 VI
974 2088 1138 2148 1979
1182 2083 1344 2164 fasti
1385 2081 1734 2148 Saliorum.

704 2190 828 2255 958
876 2196 1189 2251 CLVVIVS
1234 2194 1512 2267 RVFVS,
1558 2184 1920 2250 consularis
1969 2208 2139 2250 anno
2184 2190 2263 2253 41
2314 2188 2555 2273 (consul
2595 2187 2896 2268 suffectus
2940 2212 3110 2255 anno
3152 2188 3414 2272 incerto)

831 2291 972 2355 neci
1013 2289 1418 2374 imperatoris
1449 2286 1576 2353 Gai
1607 2288 1903 2353 interfuit
1931 2288 2180 2373 Ioseph.
2215 2296 2347 2357 ant.
2379 2295 2480 2368 19,
2511 2297 2570 2368 1,
2605 2297 2704 2358 13.
2778 2293 2951 2357 Nero
2982 2315 3128 2358 cum
3160 2294 3415 2382 publice

831 2401 1140 2473 cantaret,
1175 2400 1241 2455 et
1271 2392 1514 2455 Romae
1550 2400 1614 2455 et
1643 2393 1710 2455 in
1743 2392 2024 2459 Graecia
2055 2414 2130 2457 eo
2162 2415 2482 2479 praecone
2511 2417 2668 2459 usus
2698 2406 2797 2460 est
2824 2396 3075 2462 Sueten.
3103 2396 3278 2462 Nero
3304 2400 3409 2472 21,

833 2494 966 2560 Dio
1009 2499 1109 2572 63,
1146 2500 1245 2559 14.
1331 2493 1615 2558 Perinde
1660 2493 1842 2559 dives
1904 2506 1970 2560 et
2026 2494 2395 2583 eloquentia
2452 2497 2667 2563 clarus
2728 2498 2888 2563 nulli
2947 2523 3235 2586 unquam
3290 2499 3412 2564 sub

831 2598 1090 2663 Nerone
1136 2595 1497 2683 periculum
1541 2597 1876 2662 facessivit
1914 2598 2061 2666 Tac.
2093 2598 2154 2663 h.
2183 2604 2244 2679 4,
2275 2604 2373 2667 43.
2451 2602 2785 2687 Principio
2831 2624 2888 2669 a.
2934 2603 3017 2668 69
3061 2603 3413 2688 Hispaniae

833 2701 1305 2765 Tarraconensi
1351 2698 1603 2784 legatus
1649 2701 1965 2785 praefuit,
2014 2703 2118 2766 vir
2175 2702 2493 2767 facundus
2554 2715 2619 2769 et
2676 2706 2853 2789 pacis
2908 2705 3189 2789 artibus,
3249 2704 3413 2771 bello

834 2805 1210 2890 inexpertus
1253 2802 1383 2867 ibd.
1430 2809 1487 2879 1,
1532 2806 1594 2868 8.
1684 2803 1849 2869 Cum
1909 2803 2144 2869 milites
2188 2805 2549 2892 Hispaniae
2594 2808 2660 2870 in
2705 2805 3029 2872 Othonem
3075 2811 3408 2889 iurassent,

835 2929 951 2992 per
1008 2904 1290 2969 edictum
1352 2906 1492 2969 eius
1549 2904 1851 2971 laudatus
1897 2917 1997 2972 est
2049 2907 2177 2975 ibd.
2224 2914 2283 2985 1,
2328 2914 2427 2976 76.
2519 2908 2684 2974 Cum
2730 2912 2946 2975 statim
2992 2911 3309 2996 Hispania
3350 2912 3414 2975 in

835 3007 1172 3074 Vitellium
1231 3031 1549 3074 conversa
1607 3018 1803 3092 esset,
1868 3011 2074 3074 Rufus
2140 3010 2498 3076 Lucceium
2555 3011 2870 3078 Albinum
2937 3025 3411 3099 procuratorem

839 3114 1181 3199 utriusque
1222 3111 1670 3177 Mauretaniae
1716 3135 1818 3178 res
1862 3133 2068 3177 novas
2122 3113 2492 3178 molientem
2539 3118 2859 3202 oppressit
2903 3117 3030 3183 ibd.
3074 3112 3141 3196 2',
3186 3121 3412 3183 58-59.

841 3216 1099 3280 Omissa
1129 3215 1450 3299 Hispania
1479 3214 1816 3280 Vitellium
1845 3238 1886 3279 a
1913 3215 2240 3298 Lugduno
2286 3216 2652 3301 digressum
2696 3218 3040 3285 adsecutus
3086 3232 3199 3303 θεὲ,
3245 3218 3412 3306 apud

840 3339 1034 3404 qucm
1078 3317 1632 3382 criminationibus
1680 3317 1887 3383 Hilari
1948 3317 2160 3383 liberti
2221 3320 2461 3404 petitus
2506 3330 2679 3404 erat3
2739 3321 2854 3386 sed
2911 3321 3144 3389 liberto
3199 3325 3416 3410 punito

838 3418 1141 3485 Vitellius
1198 3441 1344 3484 eum
1402 3421 1736 3485 comitatui
1796 3420 2139 3507 principali
2209 3421 2449 3487 adiecit
2514 3445 2644 3488 non
2710 3425 3015 3512 adempta
3076 3428 3410 3513 Hispania,

842 3545 1041 3609 quam
1082 3522 1316 3587 absens
1361 3523 1534 3587 rexit
1577 3522 1703 3588 ibd.
1746 3527 1812 3601 2,
1860 3528 1977 3602 65,·
2031 3529 2090 3601 4,
2131 3529 2231 3590 39.
2318 3525 2512 3590 Anno
2553 3527 2637 3591 69
2683 3540 2962 3594 exeunte
3004 3529 3247 3595 Romae
3296 3529 3416 3594 fuit

838 3626 968 3695 ibd.
1012 3630 1071 3702 3,
1115 3630 1214 3691 65.

972 3728 1408 3794 Historiarum
1451 3730 1729 3814 scriptor
1772 3729 1953 3795 Ptin.
1999 3730 2179 3813 epist.
2224 3736 2284 3809 9,
2332 3735 2432 3808 19,
2477 3736 2555 3810 5,·
2617 3733 2822 3799 verba
2881 3737 3019 3801 eius
3070 3737 3421 3802 afferuntur

853 3831 1000 3897 Tae.
1041 3853 1102 3895 a.
1144 3836 1243 3908 13,
1283 3836 1408 3909 20,·
1451 3836 1550 3909 14,
1581 3838 1649 3908 2,
1696 3832 2034 3898 Plutarch.
2073 3833 2234 3900 Otho
2274 3838 2334 3917 3,
2379 3837 2727 3917 quaestion.
2773 3837 2959 3904 Rom.
2997 3846 3137 3904 107.

739 3971 823 3982 -
888 3945 950 4000 C.
995 3944 1277 3998 MARIVS
1321 3944 1775 4001 MARCELLVS
1825 3945 2193 4001 OCTAVIVS
2239 3947 2550 4002 PVBLIVS
2598 3948 2916 4005 CLVVIVS
2960 3951 3225 4010 RVFVS.

719 4037 845 4103 959
892 4035 1143 4121 Cluvia,
1181 4038 1424 4103 ‘Mevia
1461 4061 1589 4102 non
1635 4038 1862 4105 lambit
1892 4039 2218 4106 Cluviam‘
2246 4040 2532 4106 Juvenal.
2564 4046 2631 4119 2,
2662 4047 2745 4107 49
2758 4063 2781 4121 ;
2824 4047 3180 4111 meretrices
3221 4046 3420 4112 viden-

849 4144 972 4218 tur,
1020 4145 1181 4204 certe
1223 4140 1500 4222 feminae
1542 4142 1947 4225 impudicitia
1988 4148 2195 4208 notae.

720 4244 848 4309 960
894 4251 1010 4306 CN.
1071 4250 1162 4306 CO
1192 4291 1207 4306 .
1236 4252 1479 4328 ...NS,
1546 4243 1796 4329 legatus
1859 4246 2280 4327 (Germaniae
2340 4248 2718 4332 superioris)
2785 4250 2857 4313 in
2921 4250 3104 4315 titulo
3164 4252 3429 4317 miliarii

853 4343 1239 4410 Germaniae
1294 4347 1644 4428 superioris
1699 4348 1923 4413 mutilo
1970 4348 2343 4414 Brambaeh
2358 4398 2374 4427 ,
2438 4347 2679 4432 Corpus
2731 4351 3228 4436 Inscriptionnm
3267 4356 3428 4421 Rhe-

849 4467 1173 4511 nanarwm
1229 4453 1391 4515 1955
1403 4469 1424 4527 ;
1489 4450 1800 4514 traditur:
1868 4451 2110 4515 Caesar
2169 4503 2183 4518 .
2212 4501 2228 4517 .
2251 4501 2267 4517 .
2295 4501 2311 4517 .
2338 4474 2453 4537 n0,
2520 4475 2631 4517 cos
2657 4502 2845 4520 .....
2907 4457 3025 4524 Cn.
3088 4458 3183 4525 Co
3209 4509 3224 4523 .
3250 4509 3265 4525 .
3293 4509 3308 4524 .
3333 4510 3347 4525 .
3370 4470 3428 4524 te

852 4547 959 4632 leg
985 4597 1256 4616 .......
1300 4550 1713 4634 supplendum
1753 4554 2031 4635 fortasse
2075 4553 2498 4638 Co[nstan]te.

746 4687 834 4698 —
896 4651 1261 4734 Aur(elius)
1310 4651 1443 4719 *Co
1468 4704 1483 4719 .
1510 4703 1527 4720 .
1555 4677 1723 4720 erus.

753 4789 832 4800 —-
898 4763 1198 4820 CASSIVS
1243 4764 1372 4820 DIO
1419 4765 1905 4823 COCCEIANVS.

748 4892 838 4904 —
899 4857 1028 4922 Dio
1077 4856 1494 4925 Cocceianus.

755 4997 833 5006 -—
898 4969 968 5025 L.
1014 4970 1326 5026 SALVIVS
1373 4970 1571 5026 OTHO
1620 4972 2107 5032 COCCEIANVS.

732 5063 851 5128 961
904 5073 1064 5128 SEX.
1113 5072 1472 5129 COCCEIVS
1517 5075 1819 5133 ANICIVS
1866 5077 2200 5134 FAVSTVS
2245 5080 2632 5155 PAVLINVS,
2677 5071 3027 5159 proconsul
3071 5077 3437 5159 provinciae

861 5162 1124 5229 Africae
1171 5165 1355 5232 VIII
1383 5173 1549 5233 1437
1590 5170 1675 5252 ef.
1720 5171 1905 5237 VIII
1940 5172 2013 5238 S.
2056 5176 2262 5239 15254
2321 5178 2364 5237 t.
2410 5195 2588 5255 quem
2647 5177 2715 5240 in
2767 5176 2999 5258 officio
3049 5176 3437 5244 Thubursicu

3690 0 3743 565 Ψ
