3859 5992
557 581 943 639 ANTONIVS
1860 575 1985 642 103
2895 581 3278 640 ANTONIVS

698 778 813 844 ubi
872 780 1011 844 eius
1070 779 1392 845 maiorum
1450 801 1710 865 quoque
1767 779 2068 867 sepulcra
2126 790 2312 847 erant
2372 779 2460 847 id.
2505 780 2556 866 ,ξ’
2607 785 2714 848 26.
2760 785 2869 847 27.
2933 816 3011 828 —-
3067 780 3277 848 Filius

694 880 796 964 (P.
842 879 1185 963 Claudius)
1230 879 1492 946 Attalus
1535 881 1623 946 id.
1652 886 1712 960 3,
1745 886 1853 952 25.
1889 887 1957 949 2.

820 983 1347 1049 Declamationes
1393 985 1532 1048 eius
1576 984 1765 1049 affert
1805 984 1894 1050 id.
1925 990 1984 1062 1,
2016 988 2120 1063 25,
2152 990 2413 1065 24-25,·
2457 986 2532 1051 de
2575 985 2830 1069 seriptis
2857 1006 3018 1069 quae
3061 989 3280 1051 extant

696 1085 779 1168 ef.
820 1084 1059 1163 Christ,
1093 1085 1462 1153 Geschiohte
1492 1086 1552 1151 d.
1578 1085 2008 1168 mieehisehen
2034 1088 2397 1153 Isitteratur
2425 1088 2519 1153 ed.
2551 1088 2645 1154 II
2662 1111 2735 1172 p.
2769 1093 2908 1154 606.
2955 1088 3278 1153 Iudicium

693 1190 770 1254 L.
802 1189 962 1255 Veri
1009 1188 1092 1253 de
1120 1188 1489 1255 Polemonis
1535 1187 1903 1275 eloquentia
1947 1188 2143 1255 Verus
2187 1189 2276 1255 ad
2312 1190 2706 1256 Frontonem
2736 1213 2811 1275 p.
2840 1195 2928 1257 29
2960 1189 3047 1257 N.
3109 1190 3279 1256 Cum

694 1292 1097 1374 Quintiliano
1157 1293 1566 1377 componitur
1615 1291 1987 1375 Hieronym.
2032 1298 2352 1358 comment.
2397 1295 2470 1359 in
2512 1293 2733 1362 Galat.
2781 1294 2821 1358 l.
2867 1294 2992 1359 III
3022 1293 3280 1377 praef.;

694 1394 1101 1480 Phrynichus
1143 1417 1218 1478 p.
1258 1400 1387 1461 421
1429 1395 1679 1460 Lobeek
1735 1415 2119 1478 quamquam
2175 1416 2315 1461 ewm
2360 1400 2631 1479 propter
2688 1396 2913 1461 vitiwm
2964 1396 3280 1478 quoddam

695 1499 1006 1564 orationis
1032 1500 1369 1581 vituperat,
1403 1497 1585 1562 addit
1627 1498 1775 1563 ὅπου
1820 1523 1893 1586 γε
1940 1500 2013 1584 δὴ
2057 1500 2156 1564 καὶ
2195 1501 2269 1564 τὰ
2313 1499 2468 1586 ἄκρα
2503 1507 2622 1565 τῶν
2660 1497 2969 1587 Ἑλλήνων
2999 1501 3278 1564 πταίοντα

693 1605 917 1689 ὁρᾶται.
961 1638 1048 1647 -
1094 1599 1498 1665 Memoratur
1526 1600 1779 1683 passim
1821 1599 1997 1683 apud
2037 1599 2523 1666 Philostratum.

561 1704 691 1771 686
733 1704 1060 1770 Antonius
1089 1702 1352 1768 Polemo
1399 1703 1471 1767 in
1510 1703 1784 1767 nummis
1817 1702 2040 1769 Mileti
2076 1704 2192 1769 sub
2232 1702 2573 1770 Valeriano
2618 1706 2783 1770 cusis
2829 1703 3277 1788 Waddinyton,

692 1806 907 1872 Reme
948 1806 1435 1887 numionatiqwe
1476 1807 1640 1870 1866
1668 1827 1742 1888 p.
1773 1810 1914 1871 441.

561 1908 690 1976 687
735 1909 827 1975 Μ.
871 1907 1196 1974 Antonius
1239 1907 1525 1976 Polemo,
1589 1906 1858 1972 Nummi
1897 1906 2261 1974 Olbensium
2304 1907 2753 1992 Waddinyton,
2798 1908 3014 1974 Revue
3040 1909 3279 1974 numis-

691 2013 970 2096 matique
1011 2015 1174 2076 1866
1206 2032 1279 2093 p.
1310 2014 1439 2075 429
1468 2030 1592 2093 seq.
1637 2011 1938 2093 inseripti
1978 2011 2059 2075 ab
2102 2032 2237 2076 una
2266 2016 2462 2094 parte
2500 2009 2586 2077 Μ.
2637 2010 2949 2077 Ἀντωνίου
2995 2011 3280 2098 Πολέμω·

693 2140 790 2187 νος
832 2114 1177 2202 ἀρχιερέως,
1228 2113 1310 2178 ab
1356 2112 1564 2178 altera
1610 2116 1895 2180 δυνάστου
1928 2112 2216 2201 Ὀλβιέων
2246 2120 2351 2200 τῆς
2381 2117 2544 2202 ἱερῆς
2574 2116 2890 2180 Κεννατῶν
2919 2117 3018 2180 καὶ
3046 2116 3281 2181 Λαλασ·

691 2219 845 2285 σέων
880 2216 1104 2299 ἔ(τους)
1137 2214 1174 2282 ι’
1203 2214 1300 2281 vel
1328 2213 1428 2281 ια’.
1497 2216 1668 2297 Quos
1706 2237 1993 2282 nummos
2036 2238 2178 2281 oum
2224 2216 2656 2300 Waddinyton
2686 2216 2775 2281 ad
2800 2217 3203 2283 Polemonem
3231 2219 3284 2284 I

690 2341 898 2404 reyem
941 2316 1153 2395 Ponti,
1201 2319 1307 2383 eui
1341 2318 1665 2383 Antonius
1692 2324 1954 2401 partem
1992 2318 2260 2385 Ciliciae
2301 2318 2560 2384 dederat
2585 2318 2871 2402 Appian.
2907 2319 2966 2384 b.
3002 2340 3054 2385 c.
3084 2323 3144 2397 5,
3180 2324 3276 2397 75,

691 2422 862 2506 falso
920 2421 1292 2499 rettulisset,
1353 2421 1441 2486 ad
1497 2421 1835 2504 dynastam
1876 2420 2188 2505 quendam
2230 2415 2417 2488 Olbes
2462 2423 2785 2504 pertinere
2830 2422 3281 2487 demonstravit

692 2525 1051 2592 Mommsen
1086 2523 1352 2607 Ephem
1385 2545 1480 2607 ep.
1511 2529 1551 2588 1
1582 2546 1654 2607 p.
1686 2528 1834 2591 275.
1895 2523 2048 2589 Veri
2086 2524 2293 2590 simile
2338 2529 2430 2590 est
2471 2545 2611 2590 eum
2652 2524 2850 2606 fuisse
2893 2545 2972 2589 ex
2997 2525 3280 2608 posteris

691 2627 1053 2694 Polemonis
1094 2627 1205 2703 H,
1265 2627 1378 2709 qui
1430 2624 1636 2692 Ponto
1690 2625 2137 2692 Polemoniaco
2193 2627 2264 2692 in
2307 2628 2712 2711 provinciam
2768 2626 3026 2693 redacto
3083 2625 3280 2707 (anno

691 2733 825 2815 fere
867 2730 971 2814 63)
1017 2729 1508 2795 dominationem
1548 2729 1875 2795 Olbensem
1915 2729 2184 2795 retinuit
2221 2730 2303 2812 ef.
2349 2729 2617 2814 Ephem
2649 2752 2742 2814 ep.
2773 2735 2823 2796 2
2842 2752 2914 2813 p.
2943 2735 3092 2798 260.

563 2835 692 2900 688
735 2844 817 2899 Μ.
847 2841 1228 2898 ANTONIVS
1266 2840 1564 2897 PRIMVS.
1633 2830 1846 2897 Plena
1885 2832 2150 2896 nomina
2192 2832 2440 2897 exhibet
2480 2832 2823 2898 Martialis
2857 2837 2959 2910 10,
2989 2837 3098 2910 32,
3127 2835 3188 2900 3.
3217 2837 3277 2910 4,

693 2957 1090 3022 praenomen
1132 2933 1216 3003 id.
1248 2940 1309 3013 9,
1353 2939 1455 3011 99,
1495 2939 1554 3003 1.
1597 2939 1674 3013 3,·
1715 2939 1816 3013 10,
1864 2939 1963 3013 73,
2003 2938 2083 3013 8,·
2127 2934 2194 2999 in
2231 2935 2513 3021 pueritia
2557 2955 2917 3020 cognomen
2963 2936 3022 3000 ei
3066 2935 3278 3000 Becco

693 3041 818 3106 fuit
854 3039 1114 3106 Sueton.
1160 3036 1365 3104 Vitell.
1408 3040 1515 3102 18.

818 3141 1094 3209 Tolosae
1136 3149 1327 3205 natus
1358 3139 1616 3207 Sueton.
1656 3139 1696 3205 l.
1731 3139 1793 3217 l„
1843 3140 2146 3205 Martial.
2180 3145 2239 3217 9,
2276 3145 2374 3217 99,
2402 3144 2481 3219 3,·
2523 3161 2581 3204 a.
2614 3141 2691 3205 61
2741 3138 2889 3205 falsi
2933 3141 3277 3207 damnatus

699 3247 849 3312 Tae.
896 3267 958 3310 a.
1003 3249 1102 3322 14,
1147 3249 1251 3321 40,
1296 3244 1356 3308 h.
1401 3249 1469 3320 2,
1513 3247 1613 3320 86,
1659 3241 1793 3308 Dio
1837 3247 1937 3321 65,
1980 3247 2058 3321 9;
2105 3241 2273 3309 bello
2317 3242 2499 3307 civili
2545 3245 2942 3308 senatorium
2987 3243 3276 3309 ordinem

692 3348 1084 3435 reciperavit
1126 3354 1195 3410 et
1235 3368 1276 3409 a
1317 3343 1536 3413 Galba
1573 3343 1812 3428 legioni
1856 3344 1990 3410 VH
2033 3343 2395 3411 Galbianae
2439 3346 2846 3432 praepositus
2892 3355 2990 3410 est
3026 3347 3174 3412 Tae.
3214 3346 3275 3414 h.

689 3458 756 3529 2,
786 3455 889 3529 86,
935 3448 1071 3515 Dio
1108 3448 1148 3516 l.
1186 3448 1227 3512 l.
1295 3447 1682 3535 Vespasiani
1725 3457 1941 3533 partes
1992 3457 2251 3512 secutus
2303 3448 2450 3516 Tac.
2481 3448 2543 3516 h.
2580 3454 2646 3526 2,
2677 3451 2763 3513 86
2775 3468 2796 3525 ;
2837 3452 2898 3525 3,
2928 3454 3010 3527 2,·
3052 3472 3156 3513 res
3194 3449 3278 3514 ab

692 3576 768 3619 eo
814 3561 1043 3617 contra
1084 3549 1471 3616 Vitellianos
1515 3572 1575 3618 a.
1619 3550 1703 3615 69
1745 3540 1968 3634 gestae
2020 3551 2167 3616 Tae.
2214 3549 2276 3615 h.
2309 3555 2371 3630 3,
2400 3556 2466 3618 2.
2499 3556 2555 3615 6.
2592 3556 2647 3615 7.
2679 3554 2878 3616 9-32.
2908 3554 3008 3616 34.
3038 3556 3137 3617 49.
3167 3557 3275 3619 52.

686 3660 788 3723 53.
815 3659 914 3723 59.
948 3659 1048 3719 60.
1081 3658 1177 3721 63.
1211 3657 1452 3730 78-82,
1484 3651 1619 3718 Dio
1647 3656 1744 3730 65,
1777 3657 1973 3719 9-15.
2003 3657 2244 3735 17τ20,
2277 3652 2526 3736 Ioseph.
2554 3653 2693 3720 bell.
2716 3658 2774 3730 4,
2807 3658 2867 3721 9.
2898 3660 2994 3722 11.
3070 3655 3277 3719 Roma

690 3768 881 3846 capta
923 3756 1174 3841 (mense
1215 3755 1566 3821 Decembri
1612 3779 1670 3821 a.
1702 3754 1813 3838 69)
1857 3777 2112 3820 summa
2151 3757 2480 3841 potentiae
2524 3777 2723 3842 penes
2769 3778 2918 3820 eum
2961 3757 3087 3823 fuit
3125 3756 3272 3822 Tae.

689 3862 752 3932 h.
792 3866 853 3940 4,
891 3865 959 3939 2,
1005 3858 1372 3925 consularia
1413 3860 1695 3943 insignia
1733 3860 1792 3924 ei
1835 3858 2098 3924 decreta
2138 3858 2269 3923 ibd.
2318 3864 2378 3936 4,
2422 3864 2499 3937 4;
2554 3860 2842 3945 potentia
2885 3881 2926 3922 a
2966 3858 3273 3925 Muciano

689 3964 896 4029 fracta
934 3962 1063 4028 ibd.
1107 3967 1168 4039 4,
1209 3966 1326 4040 11;
1387 3963 1543 4048 quia
1598 3960 1934 4048 propalam
1993 3962 2271 4048 opprimi
2317 3960 2657 4047 nequibat,
2713 3962 2899 4025 vanis
2942 3963 3274 4047 promissis

689 4065 772 4131 ab
817 4086 892 4129 eo
939 4063 1158 4129 elusus
1199 4062 1328 4131 ibd.
1358 4068 1416 4137 4,
1447 4067 1551 4129 39.
1614 4063 1777 4128 Inde
1806 4063 1890 4128 ad
1920 4063 2397 4150 Vespasianum
2441 4085 2511 4128 se
2553 4061 2843 4147 contulit,
2889 4086 2930 4128 a
2972 4085 3101 4150 quo
3143 4086 3274 4130 non

688 4191 807 4257 pro
852 4189 968 4254 spe
1012 4175 1324 4252 exceptus
1371 4175 1467 4231 est
1509 4165 1638 4231 ibd.
1671 4171 1730 4243 4,
1760 4169 1862 4231 80.

815 4269 1010 4336 Anno
1054 4274 1136 4335 94
1192 4267 1513 4334 Martialis
1572 4268 1654 4334 ad
1715 4291 1860 4334 eum
1921 4270 2323 4355 epigramma
2366 4271 2626 4356 scripsit
2666 4273 2727 4348 9,
2777 4274 2894 4347 99,·
2951 4291 3010 4334 a.
3056 4273 3139 4336 95
3178 4270 3277 4335 vel

687 4375 868 4440 intra
925 4395 987 4438 a.
1032 4376 1222 4439 95198
1277 4370 1443 4451 (eum
1497 4373 1852 4438 nesciamus
1910 4373 2204 4437 earmina
2261 4372 2351 4437 ad
2391 4374 2681 4456 priorem
2739 4392 2825 4436 an
2876 4370 2964 4435 ad
3005 4371 3276 4437 alteram

690 4477 1022 4544 editionem
1065 4474 1219 4540 libri
1247 4474 1472 4540 decimi
1494 4477 1862 4559 pertineant
1891 4476 1975 4558 ef.
2007 4475 2440 4540 Friedlander
2469 4474 2561 4540 ed.
2601 4473 2898 4540 Martial.
2918 4496 2992 4556 p.
3016 4479 3096 4539 64
3117 4475 3274 4560 sqq.)

688 4581 1153 4665 epiyrammata
1202 4582 1304 4656 10,
1351 4582 1456 4645 23.
1500 4583 1608 4644 32.
1656 4583 1754 4643 73.
1833 4580 1998 4645 ‘Iam
2058 4588 2358 4643 numerat
2413 4577 2666 4664 placido
2725 4575 2889 4641 felix
2945 4575 3274 4643 Antonius

683 4702 846 4748 aevo
901 4681 1280 4769 quindecies
1338 4691 1515 4747 actas
1575 4682 1833 4746 Primus
1894 4680 2342 4767 Olympiadas’
2392 4680 2481 4746 id.
2528 4685 2627 4758 10,
2673 4685 2780 4757 23,
2825 4685 2982 4761 1-2,
3037 4679 3277 4745 scilieet

689 4788 863 4853 eirca
907 4807 968 4852 a.
997 4788 1078 4851 95
1122 4783 1382 4851 Primus
1422 4786 1950 4869 septuayesimum
1991 4785 2278 4867 quintum
2319 4784 2456 4866 fere
2500 4805 2736 4848 annum
2779 4783 2904 4866 eyit
2931 4782 3013 4864 ef.
3045 4780 3272 4847 Fried-

690 4889 917 4955 lander
960 4888 1048 4953 ad
1087 4888 1388 4953 Martial.
1431 4893 1493 4965 4,
1536 4892 1637 4965 45,
1682 4891 1742 4952 3.
1800 4924 1889 4934 —
1944 4888 2294 4970 Ingenium
2351 4909 2430 4951 ac
2486 4907 2697 4951 mores
2753 4885 2899 4951 Tae.
2945 4883 3007 4952 h.
3051 4890 3118 4962 2,
3169 4889 3270 4963 86,

686 4994 1058 5058 nominatur
1098 4992 1229 5057 ibd.
1273 4998 1334 5071 3,
1364 4996 1462 5057 54.
1496 4996 1594 5056 64.
1627 4996 1708 5056 66
1720 5010 1742 5070 ,·
1780 4995 1841 5075 4,
1872 4994 1978 5067 24,
2008 4994 2110 5056 31.
2141 4994 2232 5056 32
2244 5010 2265 5068 ,·
2305 4994 2364 5067 5,
2396 4993 2497 5067 19,
2526 4994 2634 5056 26.

562 5095 689 5161 689
730 5105 809 5159 Μ.
869 5093 1306 5180 ANTONIV[S]
1365 5092 1578 5180 [PRIM
1592 5091 1748 5179 ?]vs
1810 5101 1904 5156 PR
1929 5142 1946 5158 .
1977 5141 1993 5157 .
2020 5100 2185 5175 .VS‚
2249 5114 2417 5156 unus
2475 5114 2559 5156 ex
2616 5093 2834 5177 pueris
2899 5100 3270 5156 senatorum

688 5197 855 5283 filiis,
903 5198 1019 5284 qui
1064 5195 1420 5263 Arvalibus
1463 5199 1916 5262 ministrarunt
1957 5219 2017 5263 a.
2066 5197 2189 5262 118
2237 5195 2341 5261 VI
2371 5199 2547 5263 2078
2591 5200 2737 5260 aeta
2780 5193 3141 5259 Arvalium.
