3859 5992
652 535 1074 621 CORNELIVS
1931 523 2057 587 458
2400 552 2405 557 ·
2933 528 3349 583 CORNELIVS

913 614 1414 622 ——-—--—-—-
1459 614 1584 618 ⁴-——
1745 613 1796 617 —
1845 613 1880 617 ,-
1911 612 2047 617 ——..—
2096 612 2211 616 μό
2258 611 2417 616 -—-.—⁴
2462 611 2581 615 —--
2608 610 2907 615 —--.——.‘

654 734 819 798 1146
865 742 936 800 Ι).
970 739 1394 796 CORNELIVS
1425 737 1883 810 MAECIANVS,
1932 727 2185 811 legatus
2229 727 2510 811 Augusti
2558 749 2726 791 anno
2775 725 2856 791 79
2902 724 3198 807 (legionis
3226 724 3349 789 VII

778 832 1093 898 Geminae
1138 832 1402 915 Felicis)
1446 833 1537 898 II
1570 836 1744 896 2477
1787 836 1827 895 t.
1876 830 2393 912 Aquiflavz'ensi'S.

652 937 814 1002 1147
866 944 1285 1001 CORNELIVS
1349 934 1941 1016 MARCELLONVS)
2003 933 2124 1014 (rel
2181 934 2756 1014 MARCELLWSD,
2827 929 3227 995 ‘libertorum
3288 940 3347 993 et

776 1039 1058 1104 familiae
1119 1038 1495 1104 Scriboniae
1555 1036 1908 1117 Caesarfis)
1971 1047 2036 1101 et
2093 1035 2353 1101 Corneli
2414 1034 2702 1101 Marcell.
2745 1033 2946 1115 f(ilii)'
2997 1033 3100 1098 VI
3131 1037 3342 1099 26033.

779 1143 1142 1221 Scribonia,
1188 1152 1534 1227 antequam
1578 1163 1618 1204 a
1663 1138 1736 1209 O.
1785 1138 2064 1204 Caesare
2104 1138 2250 1222 (qui
2280 1143 2510 1221 postea
2553 1136 2907 1220 Auyustus)
2961 1158 3128 1200 uxor
3168 1134 3343 1199 duce-

778 1256 958 1310 retur
988 1244 1179 1323 (anno
1214 1249 1332 1309 714
1361 1274 1442 1298 =
1472 1248 1553 1308 40
1585 1265 1646 1307 a.
1673 1240 1785 1325 C.)‚
1833 1240 2088 1306 duobus
2133 1240 2582 1305 consularibus
2619 1250 2822 1325 nupta
2859 1239 2999 1317 fuit,
3051 1260 3131 1301 ex
3161 1236 3346 1301 altero

779 1350 971 1413 etiam
1033 1357 1236 1410 mater
1311 1345 1566 1410 Sueton.
1627 1344 1899 1426 Auyust.
1960 1348 2063 1409 62.
2174 1343 2469 1407 Alterum
2535 1344 2732 1424 fuisse
2803 1341 2986 1424 imlyo
3061 1343 3349 1407 statuitur

779 1451 854 1517 P.
908 1448 1270 1515 Cornelium
1316 1448 1677 1531 Scipionem
1721 1443 1869 1524 (cos.
1915 1469 1974 1510 a.
2029 1451 2146 1510 716
2194 1476 2277 1499 =
2318 1450 2402 1509 38
2454 1468 2514 1510 a.
2570 1445 2636 1511 C.
2687 1447 2769 1527 ef.
2814 1446 2994 1527 infra
3045 1467 3109 1512 n.
3153 1446 3346 1526 1174),

780 1576 855 1618 ex
883 1574 1002 1636 quo
1038 1552 1245 1635 filium
1289 1552 1714 1634 coynominem
1758 1549 2093 1634 (consulem
2133 1571 2191 1616 a.
2228 1553 2347 1613 738
2371 1580 2454 1602 =
2475 1554 2580 1635 16)
2614 1554 2673 1613 et
2707 1548 3071 1613 Corneliam
3105 1568 3347 1613 uxorem

779 1655 1004 1720 Paulli
1045 1654 1312 1719 Aemilii
1354 1652 1587 1735 Lepidi
1622 1653 1975 1736 peperisset
2021 1652 2103 1733 ef.
2152 1673 2213 1715 n.
2248 1656 2411 1715 1175
2454 1656 2512 1715 et
2560 1656 2749 1727 1206,
2803 1649 3075 1714 alterum
3106 1654 3346 1732 patrem

779 1757 1159 1824 Marcellini
1179 1758 1385 1821 nostri
1416 1754 1526 1821 Cn.
1562 1753 1921 1820 Cornelium
1956 1754 2294 1819 Lentulum
2328 1753 2779 1818 Marcellinum
2809 1752 2971 1831 (Dio
2999 1752 3130 1817 ind.
3162 1752 3202 1819 l.
3231 1752 3348 1832 39),

779 1860 1090 1925 consulem
1129 1882 1189 1923 a.
1226 1864 1349 1925 698
1391 1889 1474 1911 =
1518 1863 1614 1923 56.
1704 1855 1825 1922 Oui
1867 1858 2152 1940 opinioni
2206 1858 2399 1921 verba
2446 1857 2737 1923 Suetonii
2794 1878 2862 1920 eo
2923 1856 3349 1930 adversantur,

776 1963 945 2046 quod
984 1962 1322 2027 secundum
1361 1983 1497 2025 eum
1532 1960 1938 2025 Scriboniam
1981 1981 2057 2024 ex-
2088 1980 2213 2024 uno
2260 1960 2586 2042 eodemque
2628 1961 2862 2023 marito
2901 1964 2961 2024 et
3002 1958 3347 2023 Corneliam

778 2065 984 2149 filiam
1024 2069 1084 2129 et
1120 2064 1326 2146 filium
1375 2063 1470 2127 vel
1528 2063 1697 2146 filios
1745 2063 2069 2146 peperisse
2111 2062 2475 2144 ponendum
2536 2067 2627 2126 est
2670 2066 2854 2143 atque
2900 2060 2976 2128 P.
3033 2060 3352 2125 Cornelius

780 2168 1000 2251 Scipio
1045 2188 1165 2231 cos.
1214 2189 1273 2231 a.
1319 2172 1456 2243 716,
1500 2188 1682 2249 quem
1727 2172 1872 2230 ante
1917 2187 1978 2229 a.
2028 2170 2145 2230 714
2191 2186 2330 2230 eum
2375 2166 2719 2231 Scribonia
2761 2164 3100 2229 divortium
3143 2164 3351 2246 fecisse

777 2290 1021 2335 neeesse
1050 2274 1157 2346 est,
1205 2290 1324 2351 quo
1357 2274 1628 2352 tempore
1658 2291 1798 2334 eam
1828 2270 1897 2333 in
1924 2269 2331 2333 matrimonio
2366 2268 2657 2344 habebat,
2703 2267 2981 2332 nondum
3009 2265 3353 2331 oon-salarie

778 2373 923 2454 fuit.
1009 2372 1105 2435 At
1147 2392 1285 2436 eum
1331 2371 1708 2453 Propertius
1753 2370 1904 2452 eley.
1950 2374 2008 2447 5,
2056 2377 2135 2436 11
2194 2370 2423 2435 diserte
2469 2374 2724 2434 testetur
2766 2390 2821 2437 v.
2867 2374 2955 2434 29
2999 2389 3089 2449 sq.
3149 2372 3234 2432 37
3267 2388 3351 2449 sq.

779 2474 1136 2542 Corneliam
1197 2475 1502 2557 originem
1531 2538 1537 2545 ,
1546 2479 1892 2557 paternam
1938 2495 1970 2537 e
2012 2475 2211 2556 stirpe
2254 2473 2623 2556 Scipionum
2671 2472 2922 2537 duxisse
2966 2476 3153 2553 atque
3208 2471 3354 2535 duos

775 2577 952 2641 illius
997 2578 1228 2642 aetatis
1270 2575 1596 2658 Scipiones
1654 2580 1835 2640 notos
1893 2574 2255 2652 habeamus,
2317 2577 2428 2657 qui
2488 2596 2564 2639 ex
2619 2580 2964 2658 temporum
3008 2573 3355 2637 rationibus

769 2685 964 2763 pater
991 2680 1319 2761 fraterque
1359 2678 1691 2744 Corneliae
1722 2683 1868 2760 apte
1897 2678 2127 2743 haberi
2142 2684 2427 2761 possunt,
2473 2679 2610 2741 veri
2636 2678 2910 2742 similius
2936 2677 3097 2740 mihi
3122 2676 3357 2741 videtur

779 2782 1150 2849 Suetonium
1207 2803 1340 2847 rem
1397 2783 1606 2846 minus
1666 2787 1965 2846 accurate
2010 2785 2316 2845 tractasse
2360 2803 2548 2863 quam
2596 2779 2999 2864 Propertium
3047 2778 3355 2861 aequalem

778 2883 1109 2950 Corneliae
1152 2883 1408 2949 cuidam
1452 2906 1483 2948 e
1526 2884 1723 2966 stirpe
1757 2883 2171 2948 Lentulorum
2216 2904 2291 2948 ea
2338 2888 2564 2961 aetate,
2611 2905 2739 2965 qua
2780 2884 2976 2966 stirps
3004 2882 3359 2965 Scipionum

775 2987 1054 3052 nondum
1100 2991 1461 3062 evanuerat,
1511 2986 1816 3069 oriyinem
1854 3008 1885 3050 e
1918 2985 2179 3066 familia
2208 2987 2673 3067 Africanorum
2705 2986 2874 3069 falso
2904 2986 3180 3069 finxisse.
3230 2983 3356 3048 Ita-

776 3112 892 3172 que
932 3111 1094 3172 quae
1133 3090 1315 3171 vulyo
1357 3088 1433 3153 de
1475 3089 1729 3152 maritis
1782 3088 2154 3154 Scriboniae
2211 3094 2597 3165 statuuntur,
2653 3090 2715 3153 si
2759 3090 2968 3153 minus
3030 3093 3230 3163 certa,
3291 3092 3353 3151 at

770 3191 1150 3276 probabilia
1192 3190 1504 3256 videntur.

655 3296 821 3361 1148
866 3304 932 3360 L.
969 3303 1389 3359 CORNELIVS
1421 3302 1871 3358 MARCELLVS
1907 3298 2294 3358 memoratur
2322 3295 2390 3358 in
2430 3299 2466 3360 t.
2505 3295 2926 3378 Ayriyentino
2955 3295 3028 3360 X
3051 3300 3223 3360 7192
3251 3295 3351 3378 (1),

778 3400 911 3480 ipse
942 3398 1165 3481 posuit
1208 3396 1743 3462 Panormitanum
1787 3400 1958 3462 7266
2001 3402 2118 3482 (2).
2153 3434 2229 3443 —
2282 3395 2493 3462 Plena
2534 3400 2795 3463 nomina
2840 3398 3129 3463 exhibent
3173 3397 3353 3475 titidi,

779 3498 1120 3583 Cornelius
1164 3499 1514 3565 Marcellus
1562 3499 1736 3583 apud
1787 3499 2094 3565 Tacitum.

906 3601 1231 3684 Quaestor
1283 3625 1401 3689 pro
1462 3627 1560 3690 pr.
1609 3604 1987 3689 provinciae
2033 3602 2293 3669 Siciliae
2339 3608 2383 3668 t.
2429 3609 2487 3670 1.
2525 3609 2591 3681 2,
2648 3604 2737 3669 Μ.
2783 3604 3036 3668 Haterii
3080 3603 3349 3670 Candidi

777 3705 1177 3791 proconsulis
1240 3711 1283 3771 t.
1338 3712 1400 3784 1;
1457 3705 1707 3790 legatus
1762 3727 1880 3791 pro
1943 3715 2242 3791 praetore
2301 3708 2674 3792 provinciae
2732 3706 3053 3789 eiusdem,
3100 3717 3351 3793 praetor

776 3808 1193 3893 d[esignatus]
1258 3814 1300 3877 t.
1346 3815 1410 3874 2.
1496 3808 1686 3874 Anno
1735 3810 1817 3873 65
1872 3810 1939 3872 in
1986 3831 2183 3873 causa
2226 3811 2454 3875 Iuniae
2498 3809 2789 3895 Lepidae
2833 3812 3017 3897 quasi
3064 3813 3349 3875 conscius

776 3924 1120 3977 accusatus
1171 3912 1650 3977 damnationem
1711 3913 1918 3977 evasit
1974 3913 2121 3977 Tac.
2177 3936 2237 3981 a.
2277 3919 2373 3989 16,
2412 3918 2489 3992 8,·
2546 3936 2715 3978 anno
2777 3915 2857 3979 68
2919 3938 2959 3980 a
3019 3915 3231 3982 Galba
3288 3916 3349 3978 in

778 4016 1100 4101 Hispania
1144 4017 1394 4079 occisus
1437 4013 1525 4078 id.
1556 4014 1617 4081 k.
1651 4020 1709 4091 1,
1739 4020 1841 4079 37.

654 4119 816 4182 1149
858 4116 1198 4182 Cornelius
1229 4115 1567 4200 Martialis,
1620 4118 1920 4184 tribunus
1961 4118 2244 4183 cohortis
2290 4121 2651 4205 praetoriae
2696 4141 2866 4184 anno
2898 4120 2980 4184 65
3027 4120 3351 4185 tribunatu

777 4231 1010 4285 exutus
1051 4220 1198 4286 Tac.
1232 4243 1292 4285 a.
1328 4225 1426 4297 15,
1462 4225 1559 4284 71.
1857 4290 1865 4298 ‚

649 4325 816 4389 1150
863 4322 1205 4389 Cornelius
1237 4322 1570 4406 Martialis,
1619 4323 2036 4409 primipilaris
2081 4348 2251 4389 anno
2285 4326 2366 4391 69
2414 4329 2582 4391 inter
2613 4326 2908 4391 obsessos
2940 4328 3008 4390 in
3039 4303 3352 4413 Cap'itolio

777 4450 817 4491 a
849 4424 1215 4490 Vitellianis
1248 4426 1496 4491 occisus
1539 4426 1684 4492 Tae.
1716 4426 1776 4490 Ιι.
1807 4432 1867 4504 3,
1904 4432 2002 4492 70.
2039 4432 2138 4494 71.
2173 4433 2267 4492 73.
2345 4429 2558 4493 Potest
2600 4430 2763 4494 idem
2807 4430 3034 4496 haberi
3076 4435 3262 4513 atque
3306 4431 3356 4494 is

774 4530 885 4610 qui
935 4528 1295 4610 praecedit,
1355 4530 1417 4593 si
1465 4530 1736 4612 ponitur
1798 4529 2177 4594 Martialem
2222 4535 2374 4611 post
2435 4532 2827 4597 tribunatum
2884 4535 3353 4617 primipilatum

775 4633 1003 4696 iterum
1047 4630 1155 4715 (cf.
1214 4630 1367 4697 CIL
1413 4631 1637 4717 V867)
1686 4632 1982 4715 adeptum
2025 4654 2172 4699 esse.

652 4738 808 4801 1151
863 4733 935 4802 C.
984 4733 1325 4800 Cornelius
1371 4735 1764 4800 Minicianus
1826 4737 2245 4821 (praenomen
2296 4738 2543 4803 exhibet
2588 4740 2730 4826 tit),
2794 4750 3252 4804 conterraneus
3297 4750 3358 4803 et

774 4840 1021 4904 amicus
1073 4838 1298 4921 Plinii,
1361 4841 1464 4903 cui
1518 4862 1558 4903 a
1603 4837 1713 4922 (Q.
1759 4840 2094 4926 Pompeio)
2141 4840 2425 4905 Falcone
2488 4842 2891 4906 tribunatum
2950 4845 3138 4928 petiit
3182 4843 3355 4924 epist.

771 4948 830 5019 7,
864 4948 995 5020 22;
1041 4943 1300 5027 scripsit
1339 4941 1424 5007 ad
1466 4964 1614 5006 eum
1647 4944 1826 5025 epist.
1859 4949 1919 5020 3,
1954 4949 2028 5022 9,·
2072 4950 2132 5019 4,
2164 4949 2265 5008 11.
2333 4944 2621 5008 Eundem
2653 4945 2987 5010 honoravit
3015 4956 3353 5030 patronum

777 5044 957 5130 plebs
1003 5042 1258 5109 urbana
1308 5046 1610 5128 Bergomi
1659 5044 1937 5111 V512o‘:
1983 5045 2054 5111 C.
2103 5046 2180 5128 f.,
2233 5046 2408 5111 tribu
2454 5048 2623 5130 vot„
2672 5048 3033 5134 praefectus
3079 5049 3355 5113 cohortis

774 5151 1019 5233 primae
1057 5148 1624 5232 Damascenorum,
1675 5148 1975 5214 tribunus
2009 5149 2283 5217 militum
2319 5149 2592 5234 legionis
2638 5152 2739 5216 ΙΙΙ
2772 5151 3131 5234 Augustae,
3176 5174 3350 5239 prae-
