3859 5992
552 525 851 598 As'm'lvs
1848 534 1974 599 164
2970 540 3269 601 ASINIVS

687 743 752 817 8,
781 742 986 819 6-133
1028 737 1295 804 Asinius
1326 737 1621 824 Vergilio
1652 737 2105 805 Alexandrum
2134 762 2410 827 puerum
2440 738 2730 824 donavit,
2762 738 2954 827 quem
2984 738 3272 807 secunda

685 841 909 926 ecloga
936 841 1178 907 Alexin
1225 841 1510 929 appellat
1545 843 1653 910 vit.
1704 841 1883 925 Verq.
1905 863 1979 926 p.
2002 846 2091 908 57
2106 842 2191 908 R.
2236 843 2318 925 cf.
2361 841 2536 909 Serv.
2571 842 2661 907 ad
2702 841 2932 927 Veryz'l.
2966 844 3073 910 ccl.
3105 850 3172 922 2,
3207 848 3267 921 1,

682 944 879 1028 Apul.
926 944 1172 1029 apoloy.
1216 950 1319 1013 10.
1419 947 1497 1011 In
1562 946 1722 1009 viris
1789 945 2197 1031 principibus
2266 947 2359 1009 rei
2429 944 2760 1031 publicae,
2841 949 2952 1032 qui
3012 947 3268 1012 Horatii

685 1048 973 1112 carmina
1017 1048 1468 1133 probaverant,
1517 1059 1912 1114 memoratur
1952 1048 2187 1114 Horat.
2233 1050 2356 1114 sat.
2399 1053 2458 1126 1,
2505 1054 2607 1127 10,
2659 1053 2774 1128 85,-
2826 1050 3139 1115 Horatius
3185 1048 3270 1114 ad

686 1172 835 1215 eum
880 1150 1140 1235 scripsit
1184 1173 1446 1217 carmen
1490 1157 1556 1229 2,
1589 1156 1648 1217 1.
1722 1150 1955 1217 Ateius
1999 1153 2455 1217 Praetextatus
2503 1151 2577 1218 C.
2613 1151 2918 1218 Sallustio
2965 1151 3269 1217 defuncto

686 1274 834 1318 eum
891 1253 1390 1320 familiarissime
1451 1253 1652 1320 coluit
1708 1265 1775 1320 et
1831 1275 2211 1339 aggressum
2275 1255 2577 1321 historias
2639 1276 3022 1340 componere
3087 1272 3269 1340 prae·

684 1358 888 1442 ceptis
947 1356 1028 1422 de
1092 1360 1342 1424 ratione
1404 1356 1730 1423 scribendi
1792 1358 1957 1423 iuvit
2015 1356 2274 1424 Sueton.
2323 1376 2593 1441 yraanm.
2646 1363 2749 1423 10.
2850 1357 3268 1440 Timagenem

687 1458 1108 1525 historiarum
1160 1460 1572 1545 scriptorem,
1634 1482 2028 1547 quamquam
2071 1459 2409 1544 Augustus
2465 1458 2541 1525 ei*
2575 1459 2764 1525 domo
2824 1458 3270 1541 interdixerat,

688 1562 756 1626 in
814 1560 1313 1627 contubernium
1371 1565 1617 1650 recepit
1669 1562 1912 1630 Seneca
1967 1562 2124 1628 dial.
2167 1567 2227 1641 5,
2273 1568 2381 1641 23,
2426 1566 2578 1629 5-28.
2667 1561 2934 1628 Aufusti
2995 1561 3271 1645 (abnesti

684 1662 839 1729 fusti
901 1664 1207 1749 traditur)
1273 1666 1678 1749 grammatici
1744 1664 1913 1730 liber
1972 1664 2240 1751 quidam
2303 1665 2766 1750 grammaticus
2830 1663 2913 1729 ad
2974 1663 3273 1729 Asinium

691 1757 1050 1831 Pollionem
1094 1769 1333 1833 citatur
1377 1766 1665 1834 Gramm.
1705 1769 1853 1834 La't.
1902 1767 2047 1835 ΠΙ
2065 1789 2138 1851 p.
2173 1771 2274 1834 35.

819 1869 1134 1937 Strictum
1165 1872 1302 1936 eius
1341 1880 1407 1936 et
1443 1872 1636 1937 nimis
1664 1893 1970 1959 asperum
2001 1871 2311 1937 iudicium
2347 1871 2591 1938 Seneca
2621 1875 2892 1936 controv.
2925 1875 2966 1935 4
2991 1871 3209 1954 praef.
3233 1875 3277 1935 3

690 1972 773 2053 cf.
822 1971 998 2037 Plin.
1042 1995 1105 2038 n.
1151 1973 1211 2041 h.
1260 1979 1361 2052 36,
1407 1979 1509 2045 33.
1594 1974 1856 2040 Iudicia
1911 1975 2080 2040 eius:
2134 1972 2405 2039 Asinius
2458 1976 2526 2038 in
2566 1974 2903 2040 Valerium
2950 1972 3274 2039 Catullum

691 2075 929 2140 citatur
961 2071 1209 2144 Charis,
1246 2077 1535 2146 Gramm.
1566 2079 1715 2146 Lat.
1738 2077 1790 2143 I
1793 2081 1800 2089 ’
1807 2099 1882 2162 p.
1914 2083 2033 2156 97,-
2061 2077 2143 2143 de
2176 2076 2473 2143 Caesaris
2506 2078 2985 2142 commentariis
3017 2076 3275 2142 Sueton.

694 2177 814 2246 div.
848 2179 975 2243 Iul.
997 2182 1079 2244 56
1107 2180 1191 2262 cf.
1213 2183 1296 2246 55
1309 2201 1330 2260 ;
1373 2180 1456 2246 de
1487 2180 1803 2247 Cicerone
1834 2181 2077 2247 Seneca
2104 2201 2347 2248 suasor.
2373 2185 2430 2258 6,
2455 2186 2544 2246 24
2573 2181 2657 2263 cf.
2681 2186 2738 2258 6,
2766 2185 2864 2259 14,
2897 2179 3274 2261 Quintilian.

690 2281 839 2345 inst.
870 2285 975 2358 12,
1007 2286 1063 2359 1,
1097 2287 1222 2361 21;
1263 2282 1345 2347 de
1389 2283 1828 2349 Patavinitate
1871 2283 2048 2348 Livii
2087 2282 2467 2364 Quintilian.
2504 2284 2651 2347 inst.
2682 2288 2740 2360 1,
2771 2286 2832 2360 5,
2862 2287 2945 2348 56
2957 2303 2978 2360 ;
3020 2286 3079 2359 8,
3114 2287 3171 2359 1,
3203 2285 3279 2359 3;

693 2381 878 2466 liber,
925 2403 1054 2470 quo
1101 2383 1392 2450 Sallustii
1450 2387 1691 2471 scripta
1748 2383 2166 2471 reprehendit
2212 2383 2470 2451 Sueton.
2513 2402 2783 2468 yramm.
2830 2389 2918 2450 10
2971 2385 3054 2466 cf.
3111 2382 3275 2451 Gell.

692 2491 793 2563 10,
839 2490 945 2563 26,
993 2491 1033 2550 1
1082 2486 1336 2552 ‘Asinio
1389 2487 1666 2553 Pollioni
1729 2488 1797 2552 in
1854 2487 2135 2573 quadam
2196 2486 2501 2573 epistula,
2566 2509 2760 2572 quam
2821 2485 2903 2551 ad
2965 2485 3277 2551 Plancum

695 2589 988 2674 scripsit,
1050 2598 1115 2654 et
1174 2588 1568 2676 quibusdam
1626 2588 1769 2654 aliis
1816 2588 1888 2655 C.
1939 2589 2227 2656 Sallustii
2273 2591 2514 2675 iniquis
2559 2589 2828 2673 dignum
2872 2597 3026 2654 nota
3068 2590 3276 2654 visum

698 2700 815 2756 est’
866 2695 1015 2775 etc.3
1075 2691 1318 2758 iudicia
1378 2691 1461 2756 de
1518 2691 1883 2757 rhetoribus
1930 2691 2176 2757 Arellio
2233 2692 2445 2757 Fusco
2492 2691 2736 2758 Seneca
2777 2712 3023 2757 suasor.
3068 2697 3136 2770 2,
3180 2698 3276 2770 10,

695 2793 990 2858 Buteone
1047 2793 1133 2858 id.
1194 2799 1466 2860 controv.
1522 2800 1576 2871 7,
1630 2799 1690 2872 4,
1741 2800 1801 2872 3,
1863 2795 1946 2877 Q.
2007 2795 2279 2860 Haterio
2343 2794 2474 2863 ibd.
2524 2799 2566 2860 4
2611 2794 2828 2878 praef.
2877 2800 2985 2871 11,
3050 2796 3278 2861 Porcio

698 2895 987 2960 Latrone
1044 2895 1172 2960 ibd.
1226 2901 1292 2973 2,
1342 2901 1404 2974 3,
1455 2900 1555 2974 13,
1618 2896 1872 2961 Triario
1931 2895 2060 2961 ibd.
2108 2901 2175 2973 2,
2219 2900 2280 2973 3,
2326 2900 2425 2972 19,
2489 2894 2570 2959 de
2614 2894 2936 2961 coloribus
2981 2898 3279 2963 Romanii

697 2997 1041 3085 Hisponis,
1104 2998 1372 3085 Pompei
1419 2998 1693 3082 Silonis,
1741 2999 1944 3066 Cestii
1989 3000 2124 3082 Pii,
2188 2999 2401 3063 Porcii
2461 2998 2769 3064 Latronis
2813 3000 2943 3065 ibd.
2987 3005 3046 3077 4,
3094 3005 3152 3078 6,
3199 3001 3279 3065 de

699 3102 942 3165 incerto
986 3100 1118 3166 ibd.
1147 3105 1214 3177 2,
1245 3104 1307 3178 5,
1339 3105 1424 3166 10
1437 3121 1459 3180 ,·
1508 3099 1818 3167 laudabat
1860 3101 2212 3166 sententias
2258 3099 2519 3165 Albucii
2566 3099 2681 3166 Sili
2727 3102 2857 3166 ibd.
2906 3106 2949 3167 7
2973 3104 3193 3186 praef.
3237 3108 3285 3169 2

700 3213 764 3268 et
807 3201 986 3269 Vibii
1023 3202 1174 3268 Rufi
1217 3202 1346 3269 ibd.
1377 3209 1437 3282 9,
1472 3208 1539 3281 2,
1571 3207 1679 3271 25.

827 3305 1021 3372 Circa
1060 3329 1122 3372 a.
1155 3306 1280 3373 739
1310 3307 1377 3370 in
1408 3303 1806 3372 carminibus
1836 3305 2200 3393 pangendis
2230 3310 2527 3371 versatus
2558 3315 2671 3390 est,
2720 3307 2980 3392 scripsit
3013 3307 3283 3394 ‘Sopho-

697 3407 835 3473 cleo
882 3410 1171 3474 carmina
1215 3409 1415 3493 digna
1457 3408 1796 3477 cothurno‘
1849 3408 2079 3493 Verqil.
2126 3409 2234 3474 ecl.
2275 3413 2338 3487 8,
2385 3415 2472 3474 10
2530 3407 2669 3489 (nbi
2715 3408 2975 3474 Servius
3020 3409 3288 3475 adnotat

705 3510 836 3576 ‘alii
891 3510 1042 3577 ideo
1094 3511 1218 3577 hoc
1276 3511 1359 3577 de
1418 3512 1708 3578 Pollione
1766 3512 2012 3578 dictum
2069 3511 2323 3597 volunt,
2385 3512 2559 3598 quod
2621 3521 2687 3577 et
2745 3513 2884 3598 ipse
2944 3515 3283 3600 utriusque

701 3614 974 3699 linguae,
1000 3615 1483 3700 tragoediarum
1513 3618 1787 3702 scriptor
1816 3615 1987 3699 fuit’,
2034 3615 2107 3680 id
2133 3615 2301 3698 quod
2327 3636 2404 3681 ex
2433 3635 2741 3699 perversa
2770 3617 3286 3699 interpretatione

697 3718 830 3801 ipsi
866 3718 1219 3784 mueleasse
1256 3718 1592 3803 videntur),
1655 3720 1734 3802 cf.
1781 3719 1891 3785 ecl.
1932 3724 2013 3798 3,.
2040 3722 2124 3784 86
2169 3717 2401 3784 ‘Pollio
2447 3727 2513 3783 et
2556 3719 2694 3803 ipse
2736 3718 2893 3784 facit
2934 3741 3105 3785 nova
3148 3742 3287 3785 car-

699 3822 939 3903 mina‘3
986 3821 1195 3891 Pollio
1240 3829 1467 3906 regum
1510 3823 1688 3888 facta
1731 3824 1905 3888 canit
1947 3822 2114 3909 pede
2159 3832 2256 3887 ter
2283 3842 2591 3909 percusso
2624 3820 2734 3907 (=
2761 3841 2943 3887 versu
2976 3823 3283 3908 trimetro)

701 3924 936 3993 Horat.
974 3930 1096 3989 sat.
1140 3929 1202 4003 1,
1247 3930 1349 4004 10,
1392 3931 1516 4005 42,·
1574 3925 1879 3991 historias
1924 3924 2208 3991 scribere
2252 3946 2598 4010 aggressus
2644 3923 3009 4007 tragoedias
3051 3924 3289 3991 abiecit

702 4027 938 4095 Horat.
984 4049 1179 4093 earm.
1223 4033 1292 4106 2,
1334 4033 1391 4106 1,
1425 4033 1615 4095 9-13.
1705 4029 2070 4093 Pacuvium
2127 4038 2192 4093 et
2247 4027 2522 4094 Accium
2574 4027 2923 4111 tragoediis
2969 4029 3290 4114 expressit

712 4131 859 4195 Tac.
895 4130 1047 4198 dial.
1070 4135 1174 4197 21.
1222 4130 1413 4195 Lusit
1444 4132 1635 4197 etiam
1660 4129 1998 4196 versiculis
2030 4131 2286 4196 eroticis
2311 4130 2486 4196 Plin.
2511 4131 2688 4213 epist.
2712 4133 2772 4207 5,
2796 4135 2859 4208 3,
2880 4134 2922 4195 5
2952 4131 3036 4212 cf.
3062 4135 3119 4208 7,
3143 4135 3202 4207 4,
3224 4135 3284 4195 4.

834 4232 1076 4298 Orator
1103 4231 1500 4298 clarissimus
1531 4232 1801 4299 Velleius
1819 4238 1884 4310 2,
1902 4237 2005 4311 36,
2020 4238 2085 4315 2,
2108 4232 2472 4299 Columella
2493 4239 2533 4298 1
2544 4234 2762 4316 praef.
2777 4237 2879 4311 30,
2907 4233 3283 4315 Quintilian.

705 4340 813 4413 12,
850 4340 948 4413 11,
983 4340 1090 4413 28,
1137 4335 1309 4401 Plin.
1347 4357 1411 4401 n.
1442 4335 1504 4404 Ῐι.
1541 4339 1599 4413 7,
1632 4339 1771 4414 115,
1825 4336 1972 4404 Tac.
2021 4335 2176 4401 dial.
2214 4340 2322 4402 12.
2353 4341 2454 4413 17,
2501 4356 2647 4404 ann.
2679 4341 2779 4414 11,
2809 4341 2866 4404 6.
2896 4341 2955 4414 7,
3008 4338 3286 4420 ‘insigne

702 4439 966 4503 maestis
1010 4438 1405 4523 praesidium
1450 4439 1599 4502 reis’
1648 4438 1885 4504 Horat.
1932 4460 2129 4505 carm.
2174 4442 2240 4517 2,
2274 4443 2332 4517 1,
2365 4443 2423 4505 9.
2504 4437 2717 4505 Multa
2758 4440 2821 4502 in
2870 4438 3098 4505 Asinio
3139 4438 3285 4505 Pol-

557 4577 566 4587 ·
702 4540 873 4606 lione
917 4542 1210 4606 inventio
1255 4563 1509 4607 summa
1553 4540 1889 4626 diligentia
1931 4542 2042 4627 (ef.
2077 4540 2205 4608 ibd.
2237 4547 2337 4619 10,
2383 4547 2451 4620 2,
2496 4546 2585 4609 25
2599 4562 2621 4621 ,·
2663 4547 2769 4620 12,
2807 4546 2905 4619 10,
2952 4547 3078 4629 11),
3121 4543 3286 4609 adeo
3348 4613 3353 4618 Α

707 4654 780 4709 ut
808 4642 1193 4730 quibusdam
1222 4645 1415 4710 etiam
1445 4646 1648 4709 nimia
1676 4645 1996 4729 videatur,
2030 4654 2096 4709 et
2123 4644 2376 4709 consilii
2421 4654 2485 4710 et
2515 4645 2713 4709 animi
2759 4647 2951 4730 satis3
2996 4669 3037 4710 a
3081 4648 3289 4711 nitore

707 4758 772 4813 et
802 4747 1203 4813 iucunditate
1232 4748 1565 4814 Ciceronis
1605 4750 1694 4814 ita
1734 4746 1930 4832 longe
1974 4748 2176 4830 abest,
2227 4756 2298 4812 ut
2328 4747 2536 4812 videri
2569 4749 2772 4833 possit
2806 4747 3066 4814 'saeculo
3112 4750 3290 4834 prior

700 4849 1077 4931 Quintilian.
1105 4851 1253 4919 inst.
1285 4856 1383 4929 10,
1414 4857 1474 4929 1,
1506 4855 1659 4930 113;
1704 4852 1871 4915 inter
1901 4850 2238 4915 Menenios
2269 4858 2335 4914 et
2368 4849 2618 4936 Appios
2664 4850 2988 4916 studuisse
3030 4851 3292 4917 videtur

705 4954 792 5038 (ei
843 4954 955 5035 qui
1009 4954 1078 5018 in
1137 4953 1390 5038 dialoyo
1442 4975 1576 5019 rem
1631 4953 2049 5018 recentiorum
2073 4963 2079 4970 '
2106 4952 2429 5036 defendit),
2493 4954 2853 5018 Pacuvium
2910 4963 2976 5019 et
3017 4953 3290 5019 Accium

706 5058 899 5121 etiam
944 5057 1344 5122 orationibus
1396 5058 1530 5122 suis
1590 5058 1913 5141 expressit
1964 5056 2110 5121 Tac.
2159 5055 2314 5121 dial.
2360 5061 2447 5123 21
2459 5076 2481 5135 ,·
2541 5058 2918 5143 compositio
2981 5056 3291 5123 Pollionis

551 5192 554 5193 ⁷
685 5156 1033 5226 salebrosa
1074 5170 1140 5225 et
1188 5160 1459 5226 exiliens
1505 5160 1748 5227 Seneca
1789 5159 1970 5243 epist.
2016 5163 2154 5229 100.
2208 5164 2263 5228 7.
2312 5163 2372 5226 9.
2450 5159 2697 5225 Versus
2748 5170 3084 5247 poetarum
3129 5161 3290 5225 anti-
