3859 5992
642 521 1119 579 CLAVDIANVS
1928 515 2057 579 346
2981 523 3347 579 CLAVDIVS

640 722 757 787 621
834 769 892 786 ..
919 770 934 784 .
959 729 1049 785 VS
1098 728 1576 784 CLAVDIANVS
1625 721 1846 803 posuit
1896 724 1938 787 t.
1984 718 2239 784 Xanthi
2276 720 2349 784 in
2392 721 2597 804 Lycia
2638 725 2954 804 repertum
2996 719 3348 800 Bermdort,

768 824 1004 888 Reisen
1032 824 1103 887 in
1133 822 1369 906 Isyeien
1397 821 1533 886 und
1561 822 1816 887 Karien
1848 845 1919 905 p.
1944 826 2034 887 92
2063 844 2126 887 n.
2152 828 2232 887 76
2262 822 2349 905 (1)
2395 825 2481 906 ef.
2524 823 2894 906 Nachtrdqe
2922 828 3074 906 post
3106 845 3179 905 p.
3202 827 3350 898 156,-

772 925 934 990 idem
985 926 1328 990 memorari
1367 925 1614 990 videtur
1655 926 1725 990 in
1767 926 2127 1008 fraqmento
2172 928 2214 988 t.
2262 924 2495 990 ibidem
2537 929 2774 1010 reperti
2825 947 2889 991 n.
2929 930 3008 991 74
3051 926 3144 1007 (2)
3185 945 3240 988 v.
3279 929 3351 990 5.·

793 1027 930 1095 Κλα
956 1031 1214 1095 υδιανοῦ.

771 1029 790 1114 [
899 1028 959 1197 ,1.
983 1181 1002 1196 .
1027 1156 1091 1203 ος
1135 1129 1510 1202 Κλαυδιανὸς
1552 1130 1655 1203 τὰς
1698 1130 1761 1196 ἐν
1820 1135 2027 1216 ἱππικῇ
2084 1133 2241 1204 τάξει
2301 1132 2492 1219 ἀρχὰς
2539 1134 2793 1199 διελθὼν
2843 1132 3019 1217 μέχρι
3063 1132 3351 1216 ἐπιτροπι-

769 1264 804 1302 κ
823 1284 1003 1301 .....
1051 1241 1282 1319 πρῶτος
1326 1237 1707 1319 συνκλητικὸς
1763 1233 2083 1320 γενόμενος
2133 1241 2237 1300 τοῦ
2285 1238 2475 1323 δήμου
2521 1243 2638 1301 τῶν
2686 1232 3010 1320 Ῥωμαίων
3070 1237 3167 1299 καὶ
3224 1258 3353 1318 πρε-

773 1341 1021 1426 σβευτὴς
1065 1340 1516 1424 ἀντιστράτηγος
1552 1338 1890 1422 ἐπαρχειῶν
1936 1334 2171 1422 Ἀχαίας
2201 1342 2297 1403 καὶ
2329 1336 2516 1410 Ἀσίας
2562 1387 2579 1403 .
2608 1391 2619 1403 .
2651 1389 2665 1402 .
2691 1386 2706 1402 .
2750 1342 3033 1423 λεγιῶνας
3079 1337 3353 1422 δευτέρας

769 1442 1062 1528 Τραιανῆς
1105 1442 1350 1525 ἰσχυρᾶς
1394 1443 1489 1505 καὶ
1534 1440 1873 1510 ἀνθύπατος
1904 1439 2281 1512 Μακεδονίας
2323 1448 2401 1527 τῇ
2444 1444 2672 1526 πατρίδι
2705 1493 2718 1507 .
2747 1492 2761 1507 .
2789 1492 2803 1506 .
2852 1441 2948 1506 tit.
2977 1445 3036 1504 1.
3073 1479 3150 1488 —
3183 1439 3353 1520 Quae

767 1544 962 1609 verba
1007 1547 1155 1607 ante
1197 1550 1429 1628 πρῶτος
1461 1543 1794 1625 perierint,
1841 1543 2009 1625 quod
2046 1544 2213 1608 nude
2242 1545 2522 1627 positum
2567 1543 2735 1626 ferri
2772 1543 3008 1625 nequit,
3050 1562 3180 1606 non
3215 1562 3353 1607 con·

767 1652 912 1724 stat,
970 1666 1353 1729 quamquam
1414 1647 1723 1710 sententia
1775 1648 1883 1710 vix
1942 1645 2140 1710 dubia
2196 1653 2288 1711 est
2336 1646 2776 1711 Claudianum
2820 1646 3107 1729 primum
3158 1645 3352 1727 qentis

767 1770 921 1814 suae
977 1750 1048 1813 in
1106 1748 1388 1813 ordinem
1447 1748 1904 1831 amplissimum
1959 1749 2273 1813 adlectum
2332 1769 2480 1814 esse.
2570 1749 2732 1814 Item
2776 1748 3109 1813 dubitatur
3151 1747 3227 1811 de
3273 1747 3353 1811 iis

767 1873 928 1934 quae
973 1855 1119 1916 ante
1165 1849 1508 1937 [λεγεῶν]ος
1554 1851 1831 1936 δευτέρας
1875 1850 2171 1938 Τραιανῆς
2212 1852 2472 1934 fuerint.
2567 1850 2743 1916 Nam
2785 1849 2952 1933 quod
2985 1849 3058 1917 O.
3091 1849 3349 1915 Hirsch—

767 1954 902 2036 feld
955 1952 1354 2037 suppleverat
1412 1951 1584 2037 [καί],
1643 1955 1740 2017 ita
1790 1958 1861 2018 ut
1914 1953 2323 2019 Claudianus
2380 1960 2537 2019 esset
2595 1954 2837 2037 leqatus
2883 1975 3012 2036 pro
3058 1959 3351 2036 praetore

761 2057 1242 2140 provinciarum
1283 2055 1575 2120 Achaiae
1618 2060 1678 2120 et
1718 2055 1939 2133 Asiae,
1986 2057 2129 2119 itmu
2179 2055 2443 2139 leqionis
2484 2056 2576 2121 II
2617 2056 2961 2133 Traianae,
3007 2055 3347 2120 Mommsen

770 2164 994 2224 eontra
1037 2158 1202 2223 dixit
1243 2158 1544 2240 leqionem
1586 2158 1768 2223 illam
1810 2179 2054 2242 semper
2096 2159 2167 2224 in
2208 2158 2496 2243 Aeqypto
2556 2159 2884 2224 tetendisse
2943 2161 3121 2242 eique
3164 2181 3350 2242 prae-

771 2262 968 2343 fuisse
1011 2262 1416 2344 praefectum
1474 2261 1718 2326 ordinis
1762 2263 2081 2343 equestris.
2171 2261 2400 2344 Itaque
2442 2262 2714 2327 sm'bere
2757 2261 2986 2326 maluit
3030 2263 3349 2349 [ἔπαρχος].

769 2363 863 2428 At
891 2364 1064 2429 credi
1089 2365 1197 2429 vix
1217 2368 1427 2447 potest
1455 2365 1525 2427 in
1554 2362 1669 2428 hoe
1700 2364 1902 2440 titulo,
1934 2366 2047 2446 qui
2080 2385 2347 2429 munera
2387 2365 2719 2447 equestria,
2764 2369 2979 2448 utpote
3021 2365 3348 2447 inferiora,

768 2467 1047 2533 consulto
1092 2487 1221 2532 non
1264 2471 1620 2543 enumerat,
1665 2468 1736 2532 in
1778 2466 2003 2531 mediis
2044 2466 2388 2533 honoribus
2429 2469 2770 2532 senatoriis
2811 2488 3039 2532 munus
3081 2472 3353 2549 equestre

775 2573 1076 2635 insertum
1108 2590 1254 2646 esse,
1299 2571 1397 2634 ita
1438 2575 1512 2633 ut
1553 2590 1774 2634 cursus
1816 2568 2123 2634 honorum
2153 2569 2354 2653 plane
2398 2571 2697 2652 confusus
2740 2574 2912 2635 esset.
2980 2570 3185 2635 Immo
3228 2571 3357 2634 veri

769 2672 1014 2737 videtur
1055 2673 1328 2737 similius
1370 2673 1568 2754 fuisse
1610 2672 1774 2757 [κα(],
1836 2674 1964 2737 sive
2000 2675 2305 2755 ponimus
2346 2672 2647 2755 leqionem
2690 2672 2871 2737 illam
2902 2694 3027 2756 per
3070 2672 3354 2755 aliquan-

771 2779 901 2838 tum
960 2776 1256 2858 teniporis
1314 2780 1496 2839 extra
1539 2774 1894 2859 Aeqyptum
1959 2781 2174 2840 castra
2228 2775 2524 2839 habuisse
2566 2775 2700 2839 sive
2742 2775 2995 2840 titulum
3040 2777 3356 2859 pertinere

773 2876 860 2941 ad
903 2877 1080 2942 illam
1123 2882 1410 2953 aetatm,
1464 2879 1578 2942 ubi
1621 2879 1702 2942 ab
1750 2879 2016 2960 imperio
2056 2879 2192 2960 fere
2233 2877 2303 2942 E
2311 2877 2602 2961 laqabali
2643 2878 2753 2961 (ef.
2798 2877 2992 2942 veluti
3036 2878 3139 2943 VI
3166 2883 3353 2963 3839)

771 2980 1203 3045 distinctiones
1267 3001 1595 3044 munerum
1662 2981 2037 3062 equestrium
2095 2984 2153 3045 et
2209 2980 2517 3045 honorum
2570 2980 2815 3044 ordinis
2870 2982 3183 3046 senatorii
3236 3002 3361 3046 non

770 3082 979 3147 eodem
1032 3084 1241 3166 riqore
1283 3104 1403 3165 quo
1450 3088 1640 3147 antea
1686 3083 2186 3147 observabantur
2229 3088 2289 3147 et
2335 3083 2658 3165 praefecti
2690 3084 3020 3165 praetorio
3064 3085 3193 3147 viri
3231 3084 3358 3149 cla-

768 3186 1010 3250 rissimi
1048 3206 1177 3250 non
1220 3186 1407 3251 semel
1448 3187 1868 3251 inveniuntur.

900 3290 1057 3353 Fuit
1098 3310 1252 3372 ergo
1301 3287 1700 3354 Claudianus
1752 3290 2002 3373 origine
2046 3287 2408 3371 Xanthiu8‚
2471 3287 2718 3353 ordinis
2777 3288 3128 3375 equestris3
3190 3300 3360 3375 post—

772 3414 967 3477 quam
1013 3391 1096 3455 ad
1140 3413 1415 3456 munera
1457 3393 1906 3477 procuratoria
1951 3393 2278 3477 pervenit,
2343 3395 2408 3457 in
2471 3391 2765 3456 ordinem
2810 3392 3204 3456 senatorium
3251 3392 3360 3457 ad-

635 3530 646 3533 *
775 3492 977 3558 lectus
1022 3492 1272 3577 legatus
1317 3517 1414 3580 pr.
1461 3517 1557 3580 pr.
1602 3496 2088 3580 provinciarum
2120 3494 2409 3561 Achaiae
2438 3502 2504 3557 et
2531 3494 2745 3577 Asiae,
2794 3495 2948 3558 item
2991 3492 3266 3577 legionis
3298 3495 3361 3559 Π

773 3597 1111 3678 Traianae,
1168 3596 1404 3661 deinde
1448 3596 1790 3682 proconsul
1838 3596 2264 3663 Macedoniae
2307 3596 2449 3662 fuit.

666 3737 750 3745 ——-
818 3697 1103 3764 Asellius
1147 3698 1568 3766 Claudianus,

670 3841 746 3849 —
817 3812 1229 3867 CARMINIVS
1276 3811 1776 3867 CLAVDIANVS.

666 3944 749 3951 ——
818 3904 1190 3971 Carminius
1236 3903 1657 3972 Claudianus.

672 4046 744 4054 -
819 4010 1244 4091 CL(AVD1VS)
1289 4017 1738 4073 ARCHELAVS
1786 4017 2286 4073 CLAVDIANVS.

665 4148 750 4158 —
815 4120 956 4178 TIB.
1007 4121 1374 4175 CLAVDIVS
1424 4120 1919 4175 CLAVDIANVS.

666 4252 748 4259 —
817 4216 1192 4294 FL(AVIVS)
1239 4223 1685 4278 ARGHELAVS
1733 4223 2229 4278 CLAVDIANVS.

668 4354 748 4363 —
817 4326 881 4380 T.
928 4327 1247 4381 FLAVIVS
1295 4326 1740 4381 ARGHELAVS
1789 4326 2288 4381 CLAVDIANVS.

667 4458 749 4466 —
815 4429 880 4486 T.
929 4428 1246 4484 FLAVIVS
1289 4429 1785 4484 CLAVDIANVS.

665 4560 750 4568 —
815 4532 880 4586 T.
931 4524 1304 4605 F(LAV1VS)
1351 4532 1724 4587 CLAVDIVS
1771 4531 2271 4589 CLAVDIANVS.

669 4663 702 4670 -
731 4664 750 4670 -
817 4625 905 4693 M.
953 4625 1244 4711 le(ius)
1293 4626 1662 4690 Carminius
1705 4624 2127 4690 Claudianus.
2236 4650 2237 4653 ¹

666 4767 751 4775 -—-
818 4738 1027 4792 IVNIA
1068 4738 1518 4794 CLAVDILLA.

645 4833 769 4897 622
818 4841 1189 4896 CLAVDIVS
1249 4833 1320 4896 in
1378 4831 1669 4915 aedificio
1732 4830 1945 4913 aliquo
2007 4830 2183 4913 filiae
2238 4835 2520 4895 extructo
2581 4835 2623 4893 t.
2667 4829 2951 4894 versibus
3000 4835 3365 4912 conceptum

772 4936 1099 5018 inscripsit
1154 4935 1227 4999 X
1280 4939 1448 4999 1688
1516 4934 2019 5017 Neapolitanum
2081 4933 2238 5019 ‘[qui
2309 4932 2490 4998 dedit
2555 4931 2959 5016 A]eneadum
3026 4930 3209 4996 fastis
3278 4953 3362 4995 ex

777 5039 1004 5105 ordine
1063 5038 1286 5103 consul
1350 5037 1689 5121 [nomina],
1750 5037 2091 5123 progenies
2139 5035 2454 5102 Claudius
2498 5034 2904 5121 Appiadum,
2953 5033 3132 5119 [al]ta
3176 5034 3362 5101 Sabi-

770 5142 965 5212 nillae
1018 5141 1133 5208 dat
1181 5140 1354 5210 dulei
1413 5142 1670 5211 moenia
1730 5150 1922 5208 natae
1983 5189 1998 5209 .
2024 5190 2040 5205 .
2068 5189 2083 5205 .
2112 5189 2127 5205 .
2151 5162 2312 5206 anus
2371 5141 2648 5223 genitor‘
2699 5143 2812 5204 ete.
2899 5137 3011 5203 Ad
3053 5138 3351 5222 Appium
