3859 5992
635 513 1091 570 CASCELLIVS
1922 507 2050 572 308
2933 519 3335 575 CASPERIVS

890 708 1288 775 Praenomen
1317 710 1538 793 patris
1568 711 1793 794 periit,
1838 710 2015 776 tribu
2060 711 2309 795 Sergia.
2354 748 2431 759 -
2488 711 2779 797 [HJIIvir
2823 716 3079 781 viarum
3125 738 3341 782 curan·

761 810 1011 895 darum,
1045 811 1345 878 tribunus
1376 811 1655 878 militum
1690 812 1963 897 legionis
1994 813 2179 895 VIII,
2224 813 2592 900 [qu]aestor,
2632 828 2911 903 praetor,
2961 818 3341 905 [praefectus

757 913 1086 998 fru]menti
1145 914 1376 998 dandi,
1442 914 1809 1001 [proconsul
1868 915 2267 1002 p]r0vinciae
2324 917 2605 984 Siciliae.
2666 956 2749 966 ——
2810 919 3007 985 Versu
3074 927 3341 987 extremo

767 1065 952 1083 .....
997 1035 1035 1082 1.
1083 1035 1298 1083 nsum.
1343 1035 1479 1084 nac.
1533 1036 1607 1082 m·
1665 1035 1884 1083 ropvm
1941 1019 2145 1085 honor
2201 1019 2461 1103 quidam
2516 1023 2927 1106 municipalis
2985 1025 3046 1089 ei
3103 1023 3344 1090 delatus

758 1118 1007 1184 videtur
1046 1124 1429 1185 memoratus
1473 1139 1622 1186 esse.

631 1220 759 1286 388
804 1220 1177 1304 Cascellius,
1224 1222 1515 1287 medicus
1560 1222 1862 1288 Martial.
1894 1227 1996 1300 10,
2027 1227 2127 1300 56,
2160 1228 2220 1291 3.

633 1322 762 1388 389
806 1334 875 1388 A.
925 1334 1376 1389 CASCELLIVS
1439 1329 1829 1390 memoratur
1868 1331 1942 1390 ut
1986 1326 2162 1391 testis
2202 1332 2462 1392 senatus
2504 1329 2777 1394 consulti
2819 1329 2895 1394 de
2935 1330 3197 1414 Oropiis
3238 1332 3345 1396 In-

762 1427 1135 1509 smptiones
1174 1426 1489 1492 Graeciae
1531 1427 2045 1510 sqotentrionalis
2088 1428 2139 1492 I
2169 1433 2309 1494 413.

890 1527 972 1596 A.
1005 1528 1362 1595 Cascellius
1400 1531 1521 1607 tit„
1566 1528 1977 1613 PomponiuS,
2025 1530 2359 1613 Horatius,
2409 1537 2678 1599 ceterum
2722 1534 3099 1604 Cascellius.
3168 1535 3248 1601 A.
3278 1536 3341 1613 f.‚

765 1631 944 1696 tribu
975 1630 1254 1697 Romilia
1298 1634 1396 1697 tit.
1431 1669 1510 1680 -
1541 1633 1697 1698 Fuit
1731 1635 2141 1719 quaestorius
2185 1656 2308 1699 nec
2351 1633 2524 1701 ultra
2568 1637 2882 1721 proficere
2925 1637 3154 1722 voluit,
3203 1662 3343 1703 cum

763 1732 854 1797 illi
903 1735 1095 1799 etiam
1134 1734 1475 1818 Augustus
1521 1734 1931 1800 consulatum
1978 1736 2238 1801 offerret
2270 1735 2659 1820 Pomponius
2687 1738 2935 1823 Diyest.
2965 1746 3024 1817 1,
3053 1745 3124 1818 2,
3151 1746 3218 1818 2,
3248 1747 3343 1807 45.

766 1838 1076 1918 Quaestor
1118 1842 1281 1902 certe
1324 1843 1471 1903 ante
1515 1859 1754 1904 annum
1798 1842 1919 1903 681
1964 1868 2049 1892 =
2090 1843 2171 1903 73
2215 1860 2276 1904 a.
2324 1838 2415 1916 G„
2473 1862 2594 1923 quo
2650 1862 2819 1907 anno
2878 1844 3054 1908 testis
3095 1850 3347 1909 senatus

765 1939 1039 2005 consulti
1065 1940 1212 2023 fuit.
1280 1940 1498 2006 Senex
1530 1951 1597 2006 et
1626 1940 1826 2006 orbus
1858 1941 2258 2027 temporibus
2290 1943 2703 2008 triumvirum
2746 1943 3042 2011 Valerius
3072 1947 3341 2011 Maxim.

764 2046 823 2120 6,
854 2047 921 2119 2,
953 2047 1059 2108 12.
1134 2043 1216 2108 In
1257 2043 1415 2107 vivis
1458 2064 1597 2108 eum
1640 2044 1856 2126 fuisse,
1902 2064 2043 2108 cum
2073 2042 2389 2109 Horatius
2437 2044 2514 2110 de
2556 2050 2696 2111 arte
2727 2048 2986 2129 poetica
3026 2050 3341 2127 scriberet,

764 2166 844 2210 ex
882 2165 1065 2210 versu
1091 2150 1213 2212 371
1249 2155 1393 2210 ‘nec
1437 2147 1563 2210 scit
1604 2155 1923 2231 quantum
1955 2145 2309 2212 Cascellius
2349 2146 2583 2212 Aulus'
2631 2169 3029 2232 nequaquam
3071 2156 3343 2216 statuere

761 2267 1006 2314 necesse
1048 2253 1155 2312 est.

892 2350 1227 2416 Volcatius
1272 2349 1663 2416 Cascellium
1709 2351 1808 2414 ius
1853 2349 2051 2415 civile
2093 2350 2316 2417 docuit
2358 2351 2539 2420 Plin.
2586 2373 2648 2420 n.
2679 2352 2742 2418 h.
2771 2357 2832 2431 8,
2865 2360 3021 2434 144;
3071 2353 3177 2421 Ἀ.
3225 2355 3343 2422 Ca·

767 2451 1023 2517 scellius
1054 2451 1337 2533 Quintus
1367 2453 1626 2518 Mucius
1656 2452 1967 2518 Volusius
1998 2453 2281 2518 auditor'
2315 2460 2607 2538 corrupte
2636 2455 2920 2521 traditur
2962 2457 3139 2541 apud
3164 2458 3343 2522 Pom-

759 2555 1030 2638 ponium
1075 2554 1113 2621 Ζ.
1163 2555 1203 2621 Ζ.
1251 2555 1333 2636 cf.
1381 2554 1595 2620 adnot.
1636 2555 2039 2633 Mommseni,
2085 2557 2199 2638 qui
2239 2558 2503 2622 coniecit
2536 2558 2791 2639 ‘Quinti
2821 2558 2997 2624 Muci
3031 2560 3344 2626 auditoris

767 2657 1055 2723 Volcacii
1125 2657 1444 2742 auditor‘3
1511 2658 1797 2745 denique
1863 2659 1930 2723 in
2000 2656 2174 2723 illius
2232 2659 2540 2724 honorem
2609 2671 2989 2727 testamento
3056 2663 3343 2728 Mucium

766 2770 1065 2847 nepotem
1113 2762 1250 2826 eius
1292 2759 1559 2847 reliquit
1608 2759 1916 2825 heredem
1963 2761 2092 2827 ibd.
2184 2762 2334 2827 Iure
2379 2762 2714 2829 consultus
2759 2764 3153 2830 clarissimus
3196 2765 3344 2842 ibcl„

771 2861 979 2931 Valer.
1016 2863 1316 2940 Maxim„
1363 2864 1600 2930 Horat.
1639 2862 1681 2931 Ζ.
1714 2863 1777 2940 Ζ.,
1823 2864 2149 2929 Ammian.
2185 2870 2289 2942 30,
2320 2871 2380 2943 4,
2412 2870 2518 2932 12.
2587 2865 2886 2932 Cascellii
2931 2869 3176 2954 scripta
3217 2891 3345 2933 non

767 2975 994 3029 extant
1031 2966 1177 3045 ¹nisi
1238 2987 1408 3029 unus
1466 2965 1635 3030 liber
1694 2965 1862 3031 bene
1918 2966 2241 3031 dictorum
2301 2967 2692 3052 Pomponius
2737 2969 2777 3037 l.
2823 2969 2862 3035 Ζ.
2952 2970 3152 3035 Dicta
3208 2972 3345 3033 eius

766 3067 1142 3148 Quintilian.
1176 3068 1443 3135 institut.
1477 3072 1534 3145 6,
1566 3073 1625 3145 3,
1655 3071 1745 3133 87
1783 3099 1866 3122 =
1915 3069 2212 3135 Macrob.
2259 3075 2381 3135 sat.
2414 3075 2479 3148 2,
2512 3075 2571 3149 6,
2602 3076 2641 3136 1
2686 3076 2746 3136 et
2787 3072 2915 3137 ibd.
2961 3072 3011 3156 ,ξ
3053 3079 3120 3139 2.
3210 3072 3346 3139 Sub

766 3170 1125 3234 triumviris
1159 3169 1457 3256 compelli
1487 3193 1616 3235 non
1648 3173 1879 3257 potuit,
1927 3182 2002 3237 ut
2029 3171 2111 3236 de
2141 3171 2361 3258 aliqua
2389 3194 2608 3237 earum
2642 3196 2880 3252 rerum,
2926 3197 3088 3261 quas
3128 3178 3345 3241 trium·

767 3272 891 3337 viri
935 3271 1263 3354 dederant,
1310 3272 1651 3339 formulam
1688 3285 2105 3361 componeret
2142 3275 2349 3341 Valer.
2385 3276 2574 3342 Max.
2606 3276 2648 3342 Ζ.
2682 3276 2722 3341 Ζ.
2756 3277 2867 3361 (cf.
2903 3277 3199 3343 Macrob.
3232 3278 3272 3342 Ζ.
3307 3277 3346 3344 Ζ.

770 3376 935 3440 ‘iure
978 3376 1310 3441 consultus
1356 3377 1742 3443 urbanitatis
1786 3380 1989 3443 mirae
2032 3377 2557 3465 libertatisque’).
2634 3378 2983 3463 Perperam
3026 3402 3104 3446 ecc
3142 3381 3349 3445 verbis

773 3477 1015 3544 Valerii
1044 3479 1332 3544 Maximi
1370 3480 1536 3544 iuris
1565 3481 1777 3563 periti
1802 3480 2080 3563 quidam,
2125 3480 2323 3547 veluti
2350 3482 2685 3560 Karlowa,
2726 3482 3061 3548 Romischc
3088 3483 3349 3548 Rechts-

755 3581 1105 3664 9eschichte
1145 3581 1196 3645 I
1216 3602 1283 3664 p.
1313 3585 1441 3647 487
1480 3587 1704 3648 contra
1749 3583 2169 3667 Pomponium
2226 3589 2587 3650 statuerunt
2645 3584 3020 3652 Cascellium
3078 3590 3348 3669 tempore

756 3684 1304 3767 proscriptionum
1335 3688 1663 3768 praetoris
1707 3685 1908 3751 locum
1955 3688 2315 3765 obtinuisse,
2348 3709 2488 3752 cum
2532 3687 2855 3754 Valerium
2890 3709 3019 3753 non
3047 3687 3123 3753 de
3152 3710 3347 3771 prae-

763 3791 916 3865 tore,
980 3788 1091 3870 qui
1145 3787 1461 3870 formulas
1517 3787 1735 3866 dabat,
1794 3789 1906 3854 sed
1958 3790 2035 3856 de
2090 3789 2340 3856 homine
2385 3792 2668 3874 privato,
2724 3791 2839 3874 qui
2887 3789 3347 3856 consulentibus

761 3890 1185 3973 componebat,
1249 3911 1436 3975 ayere
1477 3893 1890 3975 manifestum
1930 3893 2035 3958 sit.
2085 3931 2165 3940 —
2215 3893 2618 3959 Memoratur
2647 3893 2900 3978 pluries
2951 3894 3024 3958 in
3065 3891 3349 3978 Diyestis

762 4015 805 4059 a
848 3993 1148 4060 Iavoleno
1192 3999 1252 4060 et
1305 3993 1586 4077 leiano
1630 3994 1713 4076 cf.
1759 3995 1974 4073 Lenel,
2020 3994 2475 4080 Palinyenesia
2515 3997 2568 4063 Ι
2586 4017 2661 4080 p.
2695 4001 2832 4062 107.

653 4132 742 4142 —
801 4106 881 4164 M.
928 4106 1306 4163 ANTONIVS
1357 4108 1831 4166 CASCELLIVS.

638 4199 765 4265 390
811 4209 1182 4265 CASCONIA
1228 4208 1744 4285 MARCELLINA,
1792 4200 2154 4266 clarissima
2197 4199 2458 4285 femina,
2508 4223 2678 4288 quae
2706 4201 2877 4265 vixit
2904 4202 3092 4265 annis
3121 4200 3344 4277 LVII;

761 4301 1081 4369 Casconia
1123 4302 1505 4368 Marcellina
1552 4303 1718 4387 filia,
1784 4303 2141 4369 clarissima
2184 4302 2444 4381 femina,
2489 4307 2706 4389 posuit
2748 4303 2808 4368 ei
2852 4304 2895 4374 Ζ.
2938 4303 3347 4387 sepulcralem

761 4406 896 4472 III
925 4410 1092 4473 1986
1135 4407 1220 4490 cf.
1267 4406 1401 4472 III
1434 4405 1505 4473 S.
1548 4409 1724 4472 8572
1768 4406 2240 4473 Salonitanum.

656 4544 745 4555 --
810 4518 923 4576 CN.
971 4518 1242 4574 PEDIVS
1291 4518 1589 4574 CASGVS.

656 4648 742 4658 —
809 4611 889 4693 Q.
939 4611 1233 4697 Fab[ius]
1279 4612 1492 4699 Caspe
1516 4662 1530 4678 .
1556 4662 1573 4678 .
1599 4662 1614 4678 .
1659 4612 1757 4677 vel
1798 4611 2015 4696 Carpe
2040 4660 2054 4676 .
2081 4661 2098 4677 .

633 4715 749 4781 391
806 4715 1176 4801 Casperius,
1233 4717 1527 4781 centurio
1573 4738 1743 4781 anno
1789 4715 1865 4780 51
1918 4712 2041 4780 sub
2086 4712 2308 4780 Caelio
2355 4712 2647 4778 Pollione
2710 4713 3037 4799 praefecto
3083 4712 3343 4778 castello

764 4820 1042 4887 Gorneis
1089 4819 1153 4882 in
1200 4820 1511 4886 Armenia
1554 4827 1855 4906 praeerat
1906 4817 2055 4884 Tac.
2105 4838 2166 4882 a.
2205 4822 2312 4894 12,
2343 4821 2443 4882 45.
2475 4821 2591 4895 46,-
2634 4837 2801 4881 anno
2848 4818 2930 4881 62
2975 4839 3016 4881 a
3058 4816 3345 4881 Domitio

766 4921 1139 4989 Corbulone
1171 4921 1251 4986 ad
1285 4919 1712 5005 Vologaesem
1746 4941 1967 5005 regem
1996 4920 2275 4986 Nisibin]
2308 4918 2559 5003 legatus
2598 4920 2830 4983 missus
2864 4928 2964 4983 est
2997 4917 3126 4983 ibd.
3156 4922 3255 4995 15,
3284 4920 3343 4982 5.

633 5023 761 5090 392
808 5022 1158 5111 Casperius
1203 5023 1535 5109 Aelianus,
1595 5023 1963 5111 praefectus
2009 5024 2333 5112 praetorio
2379 5021 2502 5087 sub
2550 5022 2922 5086 Domitiano
2968 5020 3342 5085 Philostrat.

758 5130 869 5194 vit.
901 5127 1236 5212 Apollonii
1271 5129 1469 5213 Tyan.
1506 5133 1562 5205 7,
1595 5132 1833 5196 16-20.
1861 5132 1977 5195 22.
2010 5131 2121 5194 32.
2149 5131 2255 5204 40,
2301 5124 2437 5191 Dio
2465 5129 2565 5202 68,
2591 5129 2667 5204 3,·
2710 5124 2921 5189 denuo
2954 5123 3077 5189 sub
3105 5123 3339 5205 Nerva,
