3859 5992
569 489 942 557 CLAVDIVS
1856 486 1984 554 395
2909 494 3281 557 cLAvmvs

695 689 978 756 Pulcher
1018 704 1289 779 procos„
1333 694 1404 758 in
1449 713 1676 759 aversa
1721 692 1793 762 C.
1841 694 2108 761 Cassius
2154 694 2229 760 C.
2276 694 2318 759 f.
2363 696 2542 761 IIvir
2584 713 2661 764 o.
2692 746 2707 762 .
2734 746 2749 762 .
2795 715 2920 763 mr.
2965 714 3018 762 Β.
3058 714 3113 763 c.
3155 714 3211 763 e.
3247 716 3288 762 R

694 794 1264 878 Imhoof-Blwmer,
1300 796 1390 860 M
1386 798 1646 862 onnaies
1668 819 1967 881 yrecques
1982 821 2055 882 p.
2085 802 2214 865 231
2243 796 2307 864 n.
2331 803 2433 865 17.
2505 800 2685 865 Idem
2714 800 2938 866 duovir
2966 801 3288 865 invenitur

697 901 768 965 in
810 899 1082 964 nmnmis
1122 920 1185 963 n.
1226 901 1308 964 15
1350 903 1411 963 et
1452 903 1534 964 16
1577 900 1744 964 cusis
1787 921 1955 965 anno
2001 906 2135 967 727
2175 929 2260 954 =
2301 906 2396 968 27
2436 923 2496 966 a.
2539 901 2631 980 C.‚
2688 903 2761 968 in
2800 924 3067 985 quorum
3110 907 3284 967 utro-

695 1023 812 1085 que
841 1006 994 1086 post
1019 1001 1195 1067 IIvir
1225 1000 1471 1066 litterae
1503 1006 1721 1067 extant
1751 1019 1806 1068 c.
1837 1020 1878 1067 1.
1912 1020 1969 1070 c.
2000 1022 2058 1068 Ρ.
2091 1020 2145 1069 c.
2179 1003 2303 1086 (vel
2331 1004 2438 1087 e.).
2514 1004 2797 1087 Quaotus
2827 1004 3016 1070 liuius
3039 1009 3289 1088 ,ceneris

692 1124 985 1169 nuomnus
1042 1109 1134 1169 est
1189 1105 1259 1169 in
1312 1123 1526 1169 museo
1566 1102 1975 1170 Berolinensi
2025 1110 2295 1171 ceterum
2338 1106 2567 1172 similis
2606 1128 2858 1172 nummo
2906 1112 2985 1173 15
3028 1108 3110 1172 ab
3157 1108 3288 1172 Im—

693 1207 898 1292 hoofio
944 1206 1254 1289 descripto
1309 1211 1370 1271 et
1424 1207 1496 1270 in
1556 1205 1826 1272 adversa
1875 1209 2221 1292 inscriptus
2264 1209 2427 1295 Imp.
2474 1208 2661 1277 Caes.
2710 1258 2895 1275 .....
2941 1209 3285 1294 [AJugusto

693 1331 821 1377 cos.
852 1309 1004 1392 VII,
1049 1307 1163 1374 secl
1204 1310 1319 1390 qui
1359 1310 1428 1373 in
1474 1329 1700 1374 aversa
1747 1309 1996 1376 exhibet
2040 1309 2115 1376 C.
2150 1309 2413 1377 Cassius
2459 1310 2534 1378 C.
2581 1311 2624 1376 f.
2671 1312 2847 1377 Hvir
2885 1362 2901 1377 .
2929 1362 2944 1377 .
2989 1312 3287 1399 Agrippa

607 1424 614 1430 '
693 1434 822 1480 cos.
868 1413 971 1477 111
1014 1429 1135 1478 mr.
1183 1429 1237 1477 S.
1281 1428 1338 1477 c.
1382 1428 1437 1478 c.
1483 1430 1575 1495 3.,
1637 1413 1755 1477 ubi
1810 1414 1874 1478 si
1930 1415 2183 1479 omnino
2243 1414 2492 1479 litterae
2549 1414 2861 1497 quaedam
2911 1420 3057 1497 post
3111 1416 3287 1481 Hvir

686 1517 1040 1598 perierunt,
1071 1512 1143 1579 id
1166 1514 1334 1595 quod
1358 1535 1488 1580 non
1515 1517 1649 1580 iam
1671 1520 1835 1580 certe
1846 1518 2260 1600 perspicitur,
2287 1516 2559 1581 cluamom
2589 1508 2898 1581 summum
2929 1516 3287 1583 litterarum

693 1617 845 1701 (non
885 1619 1156 1700 quinque
1211 1621 1286 1681 ut
1337 1619 1408 1682 in
1460 1638 1714 1682 nummo
1757 1617 1864 1701 15)
1920 1620 2201 1700 spatium
2245 1624 2353 1683 est.
2447 1619 2757 1684 Nummos
2797 1623 2896 1688 15.
2941 1625 3022 1686 16
3068 1620 3286 1686 Mion-

695 1725 908 1785 netum
936 1719 1030 1786 II
1049 1741 1121 1803 p.
1151 1724 1281 1784 403
1320 1740 1384 1787 n.
1415 1725 1558 1797 101,
1588 1742 1663 1803 p.
1694 1726 1814 1786 404
1857 1742 1920 1788 n.
1954 1726 2076 1786 104
2118 1723 2254 1785 sine
2298 1741 2497 1786 causa
2539 1721 2627 1786 aol
2656 1721 2938 1805 Sinopen
2974 1722 3288 1788 rettulisse

690 1825 934 1889 monuit
975 1822 1250 1905 Imhoof.
1335 1821 1548 1904 Atque
1597 1825 1791 1888 etiam
1831 1822 1916 1889 A.
1962 1843 2083 1888 von
2128 1822 2335 1889 Sallet
2387 1825 2709 1906 fabricam
2751 1828 2996 1891 nwmni
3034 1824 3284 1892 Beroli·

685 1927 898 1990 nensis
941 1944 1216 2007 prorsus
1269 1923 1547 1990 alienam
1604 1944 1735 1990 esse
1795 1947 1839 1990 a
1894 1930 2149 1991 moneta
2194 1925 2538 2008 Sinopensi
2577 1947 2707 2010 pro
2751 1931 2918 1993 certo
2957 1927 3281 1993 iudicavit.

692 2027 1089 2110 Quamquam
1131 2032 1342 2091 autem
1381 2029 1518 2092 veri
1557 2027 1766 2093 simile
1809 2032 1901 2092 est
1943 2030 2014 2093 in
2057 2027 2289 2093 litteris
2331 2045 2384 2094 c.
2429 2046 2471 2094 1.
2519 2045 2570 2094 c.
2609 2047 2663 2094 Β.
2707 2045 2762 2094 c.
2803 2029 2927 2111 (vel
2951 2028 3040 2111 e.)
3085 2029 3283 2095 latere

688 2151 912 2196 nomen
962 2129 1261 2207 coloniae,
1310 2131 1488 2194 cuius
1529 2130 1753 2195 duovir
1790 2129 1865 2197 0.
1903 2129 2166 2196 Cassius
2209 2131 2354 2213 fuit,
2399 2131 2562 2197 mihi
2602 2133 2964 2213 anquirenti
3003 2152 3166 2213 quae
3209 2154 3287 2197 ex

689 2228 763 2313 c(
752 2232 1003 2316 oloniis)
1048 2232 1291 2320 I(uliis)
1336 2232 1756 2316 intellegenda
1799 2238 1974 2310 esset,
2022 2252 2151 2298 non
2195 2235 2458 2316 contigit
2498 2238 2571 2297 ut
2611 2237 2973 2299 statuerem.
3064 2234 3283 2317 Neque

683 2337 929 2400 nmnmi
965 2335 1070 2401 illi
1108 2335 1197 2400 ad
1234 2335 1438 2401 ullam
1482 2358 1558 2401 ex
1600 2337 1685 2402 iis
1722 2335 1985 2402 coloniis
2012 2336 2251 2418 referri
2278 2341 2570 2419 possunt,
2617 2338 2688 2401 in
2714 2357 2988 2418 quarum
3011 2341 3285 2403 nummis

691 2437 898 2502 adhuc
942 2437 1193 2503 duoviri
1229 2440 1471 2521 reperti
1509 2443 1658 2503 sunt
1702 2439 1784 2521 cf.
1819 2437 2028 2516 Head‚
2062 2438 2360 2504 Historia
2396 2459 2796 2503 nummorum
2824 2461 2900 2522 p.
2935 2441 3073 2506 784.
3142 2439 3283 2504 Ita-

687 2561 807 2622 que
850 2543 1030 2606 cuius
1062 2542 1436 2624 provinciae
1465 2540 1818 2624 proconsul
1859 2539 2116 2624 Appius
2158 2540 2262 2607 hic
2304 2541 2523 2622 suerit,
2567 2543 2640 2606 in
2679 2540 2884 2605 medio
2927 2541 3282 2624 relinquen-

691 2642 839 2707 dum
883 2648 992 2712 est.

564 2745 691 2811 779
733 2755 795 2812 P.
843 2755 1215 2811 CLAVDIVS
1259 2755 1625 2829 PVLGHER
1674 2747 1749 2812 P.
1780 2745 1826 2811 f.
1858 2746 1985 2833 Ap.
2018 2768 2082 2811 n.
2111 2746 2243 2832 Ap.
2274 2767 2457 2832 pron.
2496 2744 2601 2812 VI
2616 2749 2810 2823 1282,
2842 2745 3018 2829 filius
3045 2746 3285 2813 scilicet

692 2847 769 2917 P.
825 2848 1048 2915 Clodii
1089 2848 1360 2914 Pulchri
1412 2850 1663 2914 inimici
1698 2849 2023 2915 Ciceronis
2066 2853 2127 2915 et
2166 2848 2439 2913 Fuluiae
2456 2899 2472 2925 ,
2531 2869 2725 2931 nepos
2767 2847 2976 2931 Appii
3021 2846 3286 2915 Claudii

693 2950 965 3017 Pulchri
1005 2972 1127 3018 008.
1174 2975 1234 3020 a.
1276 2958 1397 3018 675
1440 2983 1526 3007 =
1572 2957 1651 3017 79
1697 2973 1759 3017 a.
1807 2950 1873 3019 C.
1920 2953 2003 3034 cf.
2048 2949 2367 3036 Boryhesi
2408 2973 2551 3035 opp.
2593 2951 2688 3016 II
2705 2973 2778 3034 p.
2811 2955 2964 3028 176,
3025 2952 3286 3018 Henzen

696 3052 847 3119 CIL
875 3056 955 3120 1⁹
980 3078 1055 3171 Ρ.
1082 3060 1185 3123 37.
1249 3054 1573 3120 Parvulus
1618 3076 1798 3140 puer,
1847 3077 1997 3119 cum
2039 3065 2223 3141 pater
2267 3053 2674 3119 occideretur
2716 3075 2886 3118 anno
2929 3053 3055 3121 702
3087 3083 3170 3107 =
3199 3055 3280 3119 52

689 3156 923 3223 Ascon.
980 3158 1052 3223 in
1098 3157 1447 3225 Milonian.
1493 3180 1567 3242 Ρ.
1609 3162 1695 3223 30
1737 3157 1830 3223 ed.
1880 3157 2239 3241 Kiessliny-
2212 3156 2460 3223 -Scholz
2518 3157 2660 3241 (ubi
2708 3177 2934 3222 nomen
2993 3155 3281 3241 tacetur).

697 3260 785 3328 P..
803 3258 1069 3325 Clodius
1115 3261 1184 3324 in
1229 3263 1475 3346 optima
1519 3281 1634 3346 spe
1678 3281 1843 3345 puer
1886 3261 2211 3345 repositus
2242 3258 2567 3324 Antonius
2596 3258 2684 3323 ad
2714 3257 3075 3324 Ciceronem
3103 3260 3281 3343 epist.

699 3360 788 3426 ad
813 3361 1079 3440 Att.14‚
1111 3367 1193 3426 13
1235 3360 1300 3426 Α
1343 3368 1392 3428 ,2
1436 3363 1631 3447 (aomo
1675 3366 1797 3426 710
1843 3391 1928 3416 --
1970 3365 2115 3448 44);
2158 3383 2322 3447 puer
2365 3360 2635 3428 Clodius
2681 3358 2900 3426 Cicero
2940 3361 3068 3429 ibd.
3115 3359 3184 3425 B
3220 3366 3280 3426 4.

693 3463 1033 3549 Quaestor,
1080 3466 1429 3551 quaesitor,
1477 3475 1754 3551 praetor,
1798 3484 2010 3548 augur
2054 3465 2149 3531 tit.
2240 3466 2707 3551 Praeterquam
2750 3462 2925 3550 quod
2971 3485 3277 3529 enervem

695 3576 763 3631 et
805 3567 1109 3652 frigidam
1157 3570 1485 3634 iuventam
1529 3569 1680 3651 egit,
1744 3566 1999 3653 perdito
2045 3569 2237 3633 etiam
2281 3590 2501 3633 amore
2543 3566 3034 3650 vulgatissimae
3076 3587 3278 3631 mere·

695 3671 874 3735 tricis
941 3671 1200 3736 infamis
1267 3671 1394 3736 fuit
1463 3672 1820 3756 mortisque
1887 3670 2328 3736 erubescendo
2388 3692 2630 3755 genere
2695 3680 3114 3755 consumptus
3182 3678 3282 3733 est

702 3771 839 3839 Val.
888 3773 1077 3840 Max.
1113 3778 1175 3852 3,
1212 3778 1274 3852 5,
1309 3778 1368 3841 3.

564 3875 690 3941 780
732 3885 795 3941 Ρ.
843 3885 1211 3941 CLAVDIVS
1256 3884 1583 3958 PVLCER,
1643 3873 1899 3958 consul,
1964 3887 2273 3961 patronus
2330 3876 2404 3942 X
2440 3880 2608 3942 1250
2650 3880 2693 3939 t.
2743 3873 3039 3940 Nolanus
3092 3874 3282 3938 semel

691 3978 1060 4063 descriptus,
1102 3980 1217 4063 qui
1257 3978 1345 4044 ad
1369 3979 1560 4062 finem
1588 3978 1687 4042 rei
1713 3977 2019 4060 publicae
2045 3978 2143 4043 vel
2171 3978 2259 4042 ad
2284 3979 2539 4042 initium
2567 3978 2799 4042 aetatis
2826 3977 3278 4059 imperatoriae

685 4083 1010 4165 pertinere
1047 4081 1313 4150 videtur.
1396 4079 1632 4146 Consul
1672 4077 1979 4158 suffectus
2018 4102 2187 4146 anno
2231 4082 2489 4146 incerto.

564 4183 682 4251 781
733 4183 1047 4251 Claudius
1092 4183 1451 4271 Pyrrhicus
1467 4233 1484 4267 ,
1545 4182 1941 4249 trierarchus
1998 4182 2508 4249 Liburnicarum
2566 4184 2635 4247 in
2688 4180 2958 4247 Corsica
3011 4184 3278 4248 navium

692 4310 862 4354 anno
909 4288 993 4354 69
1037 4289 1217 4354 iussu
1260 4286 1544 4352 Decumi
1592 4287 1847 4352 Pacarii
1892 4286 2274 4352 interfectus
2327 4286 2475 4352 Tac.
2520 4284 2581 4350 h.
2626 4290 2693 4363 2,
2740 4288 2839 4352 16.

564 4390 689 4458 782
733 4400 826 4460 TI.
864 4399 1233 4457 CLAVDIVS
1281 4397 1724 4469 QVARTINVS.
1801 4387 2033 4453 Tituli:
2074 4391 2139 4454 ei
2166 4390 2419 4473 positus
2461 4392 2552 4453 est
2583 4386 3024 4471 Luydvmensis
3068 4408 3112 4451 a
3150 4388 3279 4471 fine

689 4493 950 4559 mutilus
975 4492 1272 4559 Boissieu
1298 4492 1710 4574 inscriptions
1742 4489 1818 4556 de
1845 4491 2031 4574 Dyon
2062 4512 2135 4574 p.
2165 4495 2295 4558 254
2319 4511 2384 4556 n.
2406 4494 2489 4555 36
2518 4490 2606 4578 (1)
2636 4489 2721 4571 cf.
2752 4489 2887 4554 III
2906 4488 2977 4555 S.
2998 4510 3069 4572 p.
3094 4493 3275 4567 1979,

647 4678 650 4681 ,
690 4597 1025 4680 epistulam
1085 4595 1257 4663 dedit
1313 4594 1402 4660 ad
1452 4593 2020 4678 Pompaelonenses
2065 4594 2157 4659 II
2186 4598 2356 4660 2959
2402 4594 2519 4679 (2),
2577 4596 2966 4658 memoratur
3006 4593 3077 4657 in
3120 4591 3276 4675 dipl.

685 4700 818 4766 mil.
864 4722 925 4767 a.
971 4705 1092 4765 134
1134 4700 1268 4765 III
1300 4698 1373 4764 S.
1417 4699 1478 4762 L
1520 4696 1629 4783 (3).

825 4803 982 4870 Tria
1022 4804 1286 4869 nomina
1328 4800 1576 4867 exhibet
1618 4805 1658 4870 t.
1709 4807 1766 4877 1,
1812 4798 2127 4866 Claudius
2159 4799 2520 4881 Quartinus
2566 4804 2608 4865 t.
2637 4804 2704 4867 2.
2736 4804 2799 4867 3.
2832 4834 2910 4845 —
2943 4797 3045 4863 Ti.
3083 4795 3273 4881 filius,

643 4910 650 4917 ”
692 4904 866 4970 tribu
911 4904 1214 4971 Palatina
1256 4910 1298 4969 t.
1333 4909 1391 4968 1.
1420 4941 1508 4951 -
1541 4902 1873 4969 Tribunus
1916 4900 2197 4966 militum
2239 4900 2516 4985 legionis
2558 4901 2660 4966 m
2699 4898 3119 4986 Cyrenaicae,
3165 4897 3278 4963 ad-

691 5006 895 5073 lectus
939 5030 980 5072 a
1005 5007 1474 5073 divo'Traiano
1509 5005 1815 5072 Parthico
1861 5006 1930 5070 in
1970 5003 2565 5091 splendidissimum
2609 5002 2921 5086 ordinem,
2970 5011 3279 5087 quaestor

689 5111 997 5197 urbanus,
1060 5109 1290 5177 aedilis
1347 5107 1571 5195 plebis,
1631 5118 1908 5195 praetor,
1960 5106 2223 5191 legatus
2283 5105 2421 5192 [pro
2462 5104 2584 5192 pr.]
2637 5105 3013 5192 provinciae
3056 5102 3273 5190 Asiae,
