3859 5992
9 952 10 963 1
9 814 10 845 M„
9 566 22 715 -r-—..-

37 564 54 571 t

657 528 762 581 AN
764 527 1050 583 TISTIVS
1969 518 2053 583 89
2968 525 3361 582 ANTISTIVS

782 723 1007 788 Arval.
1027 774 1043 801 ,
1105 722 1330 788 consul
1386 746 1443 788 a.
1483 724 1567 789 23
1617 743 1673 791 v.
1717 743 1953 807 supra,
2013 722 2372 790 consularis
2429 732 2625 810 atque
2682 721 3043 788 sacerdotio
3100 728 3365 788 ornatus

785 826 1053 892 Velleius
1085 832 1153 904 2,
1182 832 1286 904 43,
1313 831 1373 893 3.

658 929 784 994 609
829 937 892 994 G.
936 938 1330 994 ANTISTIVS
1374 938 1650 1013 VETVS‚
1710 929 1936 995 consul
1994 953 2052 996 a.
2101 932 2185 996 50
2229 953 2378 995 cum
2422 930 2513 997 M.
2560 929 2789 997 Suillio
2833 927 3190 994 Nerullino.
3281 928 3368 993 In

785 1031 1145 1097 consulatu:
1189 1031 1262 1099 O.
1310 1031 1632 1097 Antistius
1674 1032 1883 1097 Vetus
1928 1035 2091 1115 fasti
2117 1034 2447 1099 Antiatini
2487 1034 2561 1098 X
2599 1038 2779 1111 6638,
2824 1032 2986 1098 ΧΙΙ
3012 1037 3185 1099 2234
3230 1031 3368 1117 (ubi

788 1133 1067 1199 traditur
1095 1156 1443 1218 perperam
1486 1135 1727 1200 Vetere
1770 1136 1840 1201 II
1896 1137 2172 1218 fortasse
2229 1136 2396 1201 male
2442 1136 2663 1202 lectum
2695 1158 2825 1219 1)νο
2866 1137 3013 1219 ΕΤ),
3067 1134 3171 1200 VI
3201 1139 3364 1199 8639

784 1245 826 1299 Ι
852 1242 931 1303 15
974 1266 1059 1291 =
1101 1237 1175 1302 X
1212 1242 1376 1303 6637
1428 1235 1533 1318 (ex
1573 1238 2012 1323 restitutione),
2075 1237 2149 1304 O.
2193 1238 2517 1304 Antistius
2587 1239 2734 1304 Tac.
2781 1261 2843 1303 a.
2888 1243 2992 1314 12,
3039 1241 3143 1314 25,
3205 1236 3367 1301 alibi

786 1340 992 1405 Vetus
1036 1341 1215 1421 fasti.
1262 1378 1340 1385 -—
1388 1339 1606 1405 Filius
1646 1340 1894 1405 videtur
1932 1339 2005 1407 0.
2042 1341 2317 1406 Antistii
2360 1340 2596 1406 Veteris
2641 1340 2913 1407 consulis
2957 1363 3017 1408 a.
3047 1346 3137 1407 23
3160 1362 3235 1423 1).
3269 1338 3362 1416 0.,

779 1448 974 1527 pater
1018 1443 1294 1508 consulis
1338 1465 1399 1511 a.
1443 1449 1543 1522 96,
1585 1446 1697 1526 qui
1737 1445 2038 1526 sequitur.

658 1546 783 1611 610
830 1555 890 1609 C.
952 1555 1344 1611 ANTISTIVS
1405 1555 1680 1630 VETVS,
1738 1545 1965 1611 consul
2025 1571 2084 1612 a.
2123 1548 2207 1612 96
2269 1569 2416 1612 cum
2478 1548 2555 1612 Τ.
2609 1546 2855 1612 Manlio
2898 1545 3192 1611 Valente.
3283 1545 3367 1610 In

786 1649 1155 1714 consulatu:
1199 1648 1273 1717 C.
1305 1650 1634 1715 Antistius
1664 1650 1874 1715 Vetus
1912 1651 2017 1716 VI
2035 1656 2259 1728 17707,
2308 1652 2404 1715 tit.
2451 1652 2519 1715 in
2565 1673 2722 1734 ayro
2750 1651 3043 1715 Romano
3084 1653 3370 1731 repertus

786 1751 1119 1817 Ro’misehe
1164 1752 1657 1836 Mittheilunyen
1695 1757 1860 1818 1886
1905 1776 1978 1837 1).
2025 1758 2188 1832 128;
2246 1753 2320 1820 C.
2368 1754 2690 1819 Antistius
2735 1753 2868 1819 Dio
2913 1758 3012 1829 67,
3061 1756 3160 1827 14,
3209 1749 3371 1814 alibi

785 1855 990 1918 Vetus
1033 1855 1211 1936 fasti.
1245 1892 1323 1900 —
1356 1854 1573 1919 Filius
1615 1855 1863 1921 videtur
1904 1855 2179 1922 consulis
2213 1857 2601 1940 coynominis
2642 1878 2702 1923 a.
2731 1859 2833 1934 50,
2878 1856 2990 1937 qui
3013 1852 3364 1938 praeeedit.

659 1958 777 2023 611
828 1967 896 2021 L.
943 1966 1337 2022 ANTISTIVS
1384 1967 1660 2041 VETVS,
1718 1958 1944 2023 consul
1999 1959 2370 2041 (suffectus)
2429 1958 2554 2024 sub
2613 1957 2897 2023 Tiberio.
3007 1955 3253 2022 Titulus
3310 1956 3370 2020 ei

783 2059 1041 2143 publice
1084 2061 1339 2143 positus
1383 2082 1426 2124 a
1474 2059 1753 2125 Gabinis
1795 2060 1986 2125 XIV
2010 2065 2191 2127 2802
2234 2065 2357 2147 (1),·
2414 2061 2778 2126 consulatus
2832 2064 3219 2125 memoratur
3266 2058 3367 2123 VI

784 2167 996 2228 10293
1027 2160 1143 2245 (2).
1178 2201 1256 2208 -
1291 2162 1506 2227 Plena
1529 2164 1794 2228 nomina
1822 2163 2115 2229 exhibent
2144 2170 2187 2231 t.
2216 2168 2275 2231 1.
2306 2171 2373 2230 2.
2434 2163 2509 2229 O.
2544 2164 2585 2231 f.
2619 2170 2663 2229 t.
2694 2170 2753 2241 1,
2793 2164 2968 2247 fillius
2998 2160 3065 2229 0.
3096 2161 3372 2225 Antistii

788 2264 1024 2330 Veteris
1053 2266 1328 2330 consulis
1372 2286 1432 2333 a.
1470 2270 1593 2331 748
1621 2296 1705 2319 ==
1736 2271 1777 2330 6
1821 2288 1881 2330 a.
1925 2265 1996 2334 Ο.
2047 2269 2129 2349 cf.
2174 2289 2237 2331 n.
2273 2271 2413 2332 607.
2461 2266 2634 2331 Xvir
2678 2264 2959 2331 stlitibus
3005 2262 3368 2329 iudicandis

788 2367 1069 2447 (turbato
1123 2368 1343 2433 ordine
1401 2370 1471 2433 in
1527 2373 1571 2433 t.
1616 2374 1656 2432 1
1703 2370 1976 2452 ponitur
2007 2374 2159 2452 post
2198 2374 2582 2452 praeturam
2625 2374 2685 2434 et
2728 2374 2875 2434 ante
2916 2368 3366 2450 quaesturam),

787 2479 1090 2555 quaestor
1132 2469 1382 2534 Tiberii
1429 2469 1727 2535 Caesaris
1771 2469 2091 2555 Augusti,
2153 2480 2415 2556 praetor
2473 2477 2515 2535 t.
2563 2476 2621 2539 1.
2713 2469 2960 2536 Consul
3008 2469 3367 2553 (suffectus)

786 2573 854 2637 X
899 2572 961 2635 k.
1007 2574 1146 2638 Ian.
1194 2595 1254 2639 a.
1286 2577 1377 2638 28
1417 2577 1490 2637 ut
1531 2572 1779 2638 videtur
1823 2574 1907 2655 ef.
1939 2573 2256 2658 Boryhesi
2298 2595 2440 2657 ο1)1).
2474 2574 2525 2639 I
2531 2574 2670 2657 Vp.
2702 2577 2825 2639 450
2864 2595 3012 2638 cum
3056 2572 3138 2653 Q.
3180 2571 3368 2637 Iunio

788 2676 1021 2741 Blaeso
1068 2682 1111 2743 t.
1157 2682 1240 2754 2;
1301 2675 1662 2741 consulatus
1720 2698 1937 2742 eorum
1992 2679 2339 2742 memorari
2390 2677 2639 2743 videtur
2686 2677 2862 2760 apud
2904 2674 3176 2743 Suidam
3218 2695 3268 2739 s.
3314 2695 3369 2736 v.

791 2778 1048 2851 Ἀπίκιος
1103 2779 1350 2867 Μάρκος
1407 2811 1490 2833 =
1536 2780 1793 2847 Aelian.
1839 2783 1924 2863 fr.
1973 2786 2095 2847 110
2151 2781 2437 2847 Hereher
2495 2764 2700 2847 ὑπάτα)
2765 2783 2831 2845 δὲ
2890 2782 3074 2867 ἤστην
3136 2776 3371 2848 Ἰούνιος

785 2880 1045 2954 Βλαῖσος
1114 2885 1213 2949 καὶ
1277 2884 1540 2955 Λεύκιος.
1654 2882 2030 2949 Consularis
2097 2894 2293 2969 atque
2364 2883 2724 2949 sacerdotio
2799 2892 3065 2947 ornatus
3138 2880 3372 2945 dieitur

785 2986 1144 3051 nominibus
1188 2987 1435 3051 omissis
1473 3008 1533 3053 a.
1564 2990 1647 3051 30
1693 3008 1736 3050 a
1787 2985 2021 3052 Velleio
2061 2993 2127 3064 2,
2174 2992 2272 3064 43,
2317 2992 2395 3064 3;
2439 2986 2734 3073 pontifex
2778 2991 2821 3050 t.
2867 2991 2925 3052 1.

662 3089 788 3153 612
830 3098 897 3152 L.
945 3097 1341 3154 ANTISTIVS
1386 3098 1661 3173 VETVS,
1711 3088 1938 3153 consul
1984 3112 2040 3153 a.
2085 3091 2167 3154 55
2220 3111 2368 3153 cum
2411 3089 2671 3155 Nerone
2714 3088 3035 3171 Augusto.
3126 3086 3367 3151 Memo-

784 3196 973 3255 ratur
1023 3192 1092 3256 in
1149 3190 1333 3256 titulo
1392 3191 1907 3275 Mogontiaoensi
1949 3192 2641 3274 Korrespondenzblatt
2698 3191 2810 3256 der
2867 3187 3371 3257 Westdeutschen

789 3293 1158 3377 Zeitsehrift
1215 3295 1348 3359 III
1393 3293 1607 3378 (1884)
1661 3317 1735 3377 1).
1781 3300 1873 3361 32
1930 3294 2019 3359 ad
2071 3294 2530 3361 Westdeutsohe
2588 3293 2960 3375 Zeitsohrift
3014 3292 3105 3357 II
3152 3289 3368 3375 (1883)

786 3420 856 3479 1).
900 3401 1039 3461 431.
1127 3397 1214 3462 In
1268 3395 1629 3462 consulatu:
1685 3398 1763 3465 L.
1818 3396 2143 3462 Antistius
2182 3397 2392 3462 Vetus
2450 3397 2636 3464 VIII
2666 3401 2850 3474 8837,
2911 3397 2989 3461 L.
3051 3394 3371 3460 Antistius
3474 3423 3480 3426 ⁴

792 3499 1014 3564 tabula
1057 3503 1274 3564 cerata
1318 3498 1717 3582 Pompeiana
1757 3504 1817 3564 8.
1860 3505 1917 3565 9.
1960 3505 2060 3567 10.
2101 3506 2206 3577 12,
2263 3500 2410 3565 Tae.
2443 3522 2502 3567 a.
2534 3505 2632 3578 13,
2665 3506 2761 3577 11,
2808 3499 3132 3565 Antistius
3161 3497 3369 3562 Vetus

793 3601 1013 3667 tabula
1042 3606 1141 3679 11,
1173 3602 1308 3667 III
1328 3600 1398 3668 S.
1434 3605 1613 3678 7380,
1647 3602 1812 3667 alibi
1830 3602 2039 3668 Vetus
2068 3604 2246 3685 fasti.
2269 3641 2356 3650 —
2387 3602 2485 3686 [L.
2519 3603 2867 3686 An]tistius
2888 3602 3098 3668 Vetus
3129 3599 3367 3675 titulus,

792 3703 868 3769 L.
914 3703 1120 3769 Vetus
1166 3705 1313 3772 Tae.
1347 3727 1410 3769 a.
1441 3709 1540 3781 13,
1570 3710 1653 3771 53
1663 3726 1685 3784 ,·
1727 3710 1826 3782 16,
1857 3710 1960 3783 10,
2005 3706 2083 3772 L.
2131 3704 2451 3770 Antistius
2496 3705 2625 3769 ibd.
2672 3711 2769 3782 14,
2800 3708 2901 3771 58.

915 3804 1018 3871 De
1049 3810 1244 3889 patre
1281 3827 1410 3871 non
1453 3811 1733 3885 constat,·
1774 3808 1904 3889 fuit
1942 3807 2039 3871 vel
2081 3807 2256 3890 filius
2295 3805 2366 3872 0.
2416 3805 2654 3871 Veteris
2712 3805 2986 3871 consulis
3042 3826 3101 3871 a.
3147 3809 3237 3870 23
3277 3803 3373 3869 vel

788 3910 865 3975 L.
910 3907 1147 3990 Veteris
1187 3930 1250 3973 n.
1295 3913 1438 3976 611.
1488 3948 1565 3957 —-
1611 3907 1858 3975 Consul
1901 3932 1958 3974 a.
2008 3911 2088 3975 55
2133 3931 2188 3973 v.
2231 3930 2463 3993 supra,·
2513 3931 2659 3973 cum
2704 3907 2862 3991 (kal.
2908 3908 3256 3990 Ianuariis)
3305 3908 3371 3970 in

789 4020 933 4075 acta
975 4012 1342 4097 principum
1387 4012 1680 4077 iurarent
1720 4012 2156 4095 magistratuS,
2204 4012 2379 4077 Nero
2425 4014 2489 4076 in
2535 4022 2681 4077 acta
2724 4034 2841 4076 sua
2886 4010 3199 4094 collegam
3238 4009 3369 4074 An-

792 4115 1036 4178 tistium
1075 4116 1293 4178 iurare
1322 4116 1531 4179 vetuit
1564 4115 1711 4182 Tae.
1746 4138 1807 4183 a.
1838 4121 1938 4193 13,
1970 4121 2068 4181 11.
2138 4116 2296 4180 Post
2341 4114 2749 4180 consulatum
2792 4138 2850 4180 a.
2885 4114 3074 4179 55s58
3118 4112 3370 4196 legatus

793 4216 962 4300 Aug.
1008 4239 1104 4303 pr.
1152 4239 1248 4303 pr.
1296 4216 1688 4282 Germaniae
1747 4219 2098 4304 superioris
2151 4219 2300 4284 Tae.
2346 4240 2406 4282 a.
2463 4223 2553 4295 13,
2596 4223 2712 4295 53,
2775 4239 2943 4281 anno
2989 4217 3073 4282 56
3132 4216 3369 4282 titulus,

791 4319 869 4385 A.
918 4320 999 4384 62
1057 4319 1185 4384 fuit
1227 4321 1504 4404 Romae,
1568 4320 1742 4385 unde
1802 4321 2107 4386 mandata
2165 4320 2249 4384 ad
2292 4318 2667 4385 Rubellium
2711 4319 3018 4384 Plautum
3057 4339 3372 4402 generum

791 4424 966 4487 misit
1001 4422 1149 4487 Tac.
1182 4445 1242 4490 a.
1285 4428 1383 4501 14,
1415 4427 1515 4489 58.
1586 4422 1943 4489 Proconsul
1986 4423 2185 4488 Asiae
2228 4423 2359 4487 ibd.
2405 4428 2503 4501 16,
2551 4428 2632 4489 10
2677 4445 2738 4487 a.
2770 4422 2952 4488 63s64
2993 4427 3065 4486 ut
3107 4421 3369 4497 videtur,

788 4546 925 4589 eum
967 4525 1174 4608 paulo
1213 4530 1365 4608 post
1407 4526 1935 4608 proconsulatum
1979 4526 2318 4593 damnatus
2360 4528 2465 4591 sit.
2553 4524 2632 4592 A.
2681 4526 2763 4589 65
2824 4527 2963 4610 ipse
3021 4545 3372 4609 socrusque

793 4628 927 4691 eius
973 4626 1200 4693 Sextia
1238 4636 1304 4691 et
1345 4627 1634 4693 Antistia
1679 4628 1943 4696 Pollitta
1987 4628 2137 4710 filia,
2187 4629 2381 4692 invisi
2427 4628 2669 4692 Neroni
2716 4637 3044 4713 tamquam
3088 4626 3369 4692 vivendo

793 4729 1259 4815 exprobrarent
1302 4730 1709 4796 interfectum
1742 4754 1882 4796 esse
1911 4730 2286 4797 Rubellium
2316 4731 2617 4796 Plautum
2648 4750 2958 4813 generum
2986 4730 3065 4794 L.
3093 4730 3368 4812 VeteriS,

794 4854 833 4896 a
861 4832 1216 4898 Fortunato
1262 4832 1495 4898 liberto
1542 4832 1789 4899 adscito
1822 4833 2096 4900 Claudio
2128 4835 2449 4899 Demiano
2494 4834 2779 4898 accusati
2824 4846 2976 4897 sunt
3020 4843 3084 4897 et
3111 4832 3370 4896 damna-

793 4935 1028 4999 tionem
1061 4935 1432 5001 anteierunt
1462 4957 1663 5001 venas
1695 4937 1887 5002 simul
1916 4937 2246 5003 solventes
2276 4936 2402 5002 ibd.
2429 4941 2528 5014 16,
2553 4940 2787 5002 10-11.
2814 4973 2893 4981 —
2919 4935 3100 5000 Idem
3125 4934 3373 5000 videtur

795 5035 869 5103 L.
914 5037 1120 5102 Vetus
1165 5047 1392 5103 auctor
1437 5037 1633 5104 Plinii
1672 5038 1853 5108 Plin.
1897 5062 1962 5106 n.
2005 5040 2066 5105 h.
2112 5039 2243 5105 ind.
2286 5039 2325 5104 l.
2356 5043 2508 5105 3-6.
2543 5075 2622 5084 -
2671 5037 3064 5105 Nominatur
3115 5038 3259 5106 Tac.
3308 5059 3368 5102 a.

791 5143 887 5218 16,
932 5144 1038 5207 12.
1080 5144 1195 5207 22.
