3859 5992
567 490 946 548 AVRELIVS
1863 481 1889 544 l
1902 480 1988 545 99
2896 489 3272 546 AVRELIVS

694 687 902 754 Probi
943 692 1050 767 23,
1101 693 1163 756 5.
1264 686 1623 753 Proconsul
1668 683 1937 752 Ciliciae
1981 686 2252 752 absurde
2309 686 2379 752 in
2422 685 2695 771 epistula
2735 686 2893 771 fieta
2933 686 3069 752 vita
3109 691 3169 764 4,
3216 690 3274 753 6.

699 790 1072 857 Praefectus
1117 793 1439 877 praetorio
1486 789 1607 855 sub
1652 788 1868 855 Probo
1908 791 2046 854 vita
2071 793 2131 867 5,
2162 796 2222 868 4,
2277 789 2492 856 Victor
2530 789 2706 859 Caes.
2734 795 2836 868 38,
2869 795 2927 854 1.
3007 787 3070 855 Α
3114 789 3275 855 mili·

698 895 871 960 tibus
916 894 1152 981 quibus
1208 904 1510 980 praeerat
1565 900 1825 957 coactus
1876 902 2104 957 contra
2149 893 2437 958 Probum
2486 891 2744 958 rebellis
2798 893 3044 975 extitit3
3105 903 3277 978 post-

698 1020 892 1084 quam
938 999 1207 1079 numeri,
1255 1019 1416 1083 quos
1463 995 1716 1060 Probus
1760 1005 1987 1060 contra
2030 1017 2177 1060 eum
2221 998 2515 1079 miserat,
2561 995 2644 1060 ad
2690 1017 2835 1060 eum
2882 995 3273 1079 defecerunt,

699 1100 929 1189 Πρόβος
959 1103 1072 1166 ὑπὸ
1102 1107 1221 1167 τῶν
1260 1101 1492 1165 οἰκείων
1526 1095 1785 1185 ἀνῄρητο
1819 1099 2190 1186 δορυφόρων,
2232 1099 2547 1185 μαθόντων
2591 1101 2698 1184 τὴν
2741 1104 2861 1165 τῶν
2907 1104 3277 1185 στρατιωτῶν

698 1207 843 1290 πρὸς
891 1205 1095 1290 Κάρον
1157 1207 1577 1288 προσχώρησιν
1634 1202 1872 1269 Zonar.
1919 1207 2024 1277 12,
2071 1206 2159 1267 29
2203 1206 2390 1278 extr„
2453 1201 2664 1266 eodem
2706 1202 2990 1284 pertinet
3045 1202 3276 1285 fraym.

708 1305 1187 1372 Continuatoris
1230 1305 1467 1370 Dionis
1526 1304 1588 1370 V
1610 1327 1683 1388 p.
1714 1309 1843 1370 230
1896 1303 1989 1368 ed.
2036 1303 2339 1385 Dindorfi
2428 1303 2665 1370 Consul
2713 1305 2780 1369 Π
2827 1326 2882 1368 a.
2930 1305 3057 1370 283
3100 1305 3278 1386 fasti,

698 1409 938 1494 (consul
986 1409 1040 1475 I
1084 1407 1385 1487 suffectus
1444 1429 1612 1473 anno
1670 1410 1956 1493 incerto).
2059 1406 2493 1492 Expeditione
2559 1409 2625 1471 in
2684 1408 2925 1481 Persas,
2980 1418 3280 1492 suscepta

697 1513 889 1598 periit
932 1513 997 1576 in
1047 1511 1315 1576 Perside
1358 1510 1626 1576 fulmine
1669 1510 1776 1574 vel
1822 1510 2045 1576 morbo
2090 1512 2227 1575 vita
2266 1514 2422 1587 8-9,
2469 1509 2681 1575 Victor
2720 1511 2899 1575 Caes.
2929 1514 3029 1576 38.
3118 1510 3279 1593 Epi-

697 1621 856 1681 tome
891 1618 993 1691 38,
1040 1615 1310 1697 Eutrop.
1355 1618 1414 1691 9,
1460 1618 1560 1690 18,
1606 1613 1766 1696 Rus.
1813 1612 1989 1678 Fest.
2033 1616 2139 1691 24,
2185 1613 2447 1679 Orosius
2495 1618 2549 1690 7,
2594 1616 2699 1689 24,
2750 1613 2987 1678 Zonar.
3033 1619 3137 1690 12,
3176 1617 3276 1682 30.

695 1718 1023 1801 Regnavit
1079 1739 1330 1782 menses
1390 1717 1644 1799 decem,
1706 1716 1844 1781 dies
1905 1717 2194 1802 quinque
2239 1713 2811 1799 Chronoqraphus,
2871 1736 3011 1781 eum
3051 1715 3284 1798 reliqui

694 1822 1034 1904 sersptores
1063 1822 1171 1905 (ef.
1201 1842 1264 1889 n.
1288 1820 1490 1903 1221)
1522 1821 1792 1904 imperia
1815 1821 2039 1903 patris
2066 1824 2125 1884 et
2153 1819 2435 1902 filiorum
2464 1819 2773 1901 complexi
2797 1820 2943 1884 sint.
3018 1819 3288 1907 Nummi

695 1923 1131 1989 Alemandrini
1190 1923 1351 1989 Cari
1399 1924 1688 2006 primum
1754 1927 2002 1987 tantum
2066 1942 2306 1986 annum
2369 1920 2659 1986 indicant
2727 1923 2807 2004 ef.
2869 1943 2992 1986 von
3055 1920 3279 2000 Salia,

696 2026 913 2092 Daten
971 2026 1082 2091 der
1123 2025 1744 2091 Alexandrinischen
1788 2025 2296 2089 Kaisermanzen
2323 2046 2396 2107 p.
2425 2027 2528 2091 89.
2629 2023 2838 2089 Canus
2879 2025 3097 2107 iyitur,
3144 2044 3283 2089 cum

696 2129 948 2196 Probus
992 2134 1294 2195 autumno
1339 2129 1475 2210 fere
1517 2151 1578 2193 a.
1622 2132 1760 2194 282
1803 2129 2042 2193 occisus
2086 2132 2272 2204 esset,
2333 2127 2671 2210 imperavit
2720 2128 2789 2192 in
2829 2127 3106 2193 mediam
3147 2129 3282 2211 fere

696 2237 998 2300 aestatem
1042 2253 1102 2297 a.
1147 2235 1299 2299 283.

822 2333 1010 2400 Filii:
1064 2339 1148 2400 M.
1195 2332 1505 2398 Aurelius
1550 2332 1861 2415 Carinus,
1921 2330 2013 2396 M.
2059 2329 2369 2396 Aurelius
2412 2330 2762 2398 Numerius
2805 2333 3282 2415 Numerianust,

696 2459 897 2524 nepos
942 2437 1138 2502 divus
1181 2436 1628 2521 Nigrinianus.

572 2541 736 2605 1224
780 2540 868 2607 M.
902 2538 1265 2623 Aurel(ius)
1297 2538 1667 2605 Cassianus.
1745 2538 1993 2604 Titulus
2029 2537 2612 2603 Thessalonicensis
2655 2539 2716 2603 ei
2759 2560 2803 2603 a
2843 2538 3003 2623 filiis
3030 2539 3285 2622 positus

695 2641 1195 2726 Archaoloyiseh
1217 2677 1243 2689 -
1265 2640 1776 2725 Epigraphisehe
1852 2638 2346 2723 Mittheilunyen
2424 2662 2542 2706 aus
2604 2640 2995 2708 Oesterreieh
3061 2640 3282 2707 XVII

695 2746 907 2829 (1894)
940 2750 1174 2828 p.117
1214 2774 1298 2798 =
1341 2743 1475 2810 ΙΙΙ
1509 2743 1580 2809 S.
1626 2747 1850 2809 13704.

823 2848 947 2914 Vir
991 2848 1310 2931 egregius,
1368 2868 1628 2933 praeses
1676 2847 2050 2933 provinciae
2094 2847 2343 2912 Daciae
2385 2846 2758 2931 Maluensis,
2805 2856 2990 2933 pater
3033 2847 3283 2912 Marco-

695 2973 839 3016 rum
876 2949 1297 3016 Aureliorum
1345 2949 1627 3036 Philippi
1675 2960 1742 3013 et
1784 2947 2081 3016 Cassiani
2129 2951 2222 3015 tit.

577 3055 735 3120 1225
780 3054 870 3119 M.
900 3052 1209 3119 Aurelius
1242 3051 1612 3135 Cassianus,
1645 3051 1817 3117 filius
1846 3051 1938 3116 M.
1969 3049 2221 3116 Aurelii
2255 3050 2572 3135 Cassiani,
2603 3052 2904 3117 tribunus
2935 3050 3218 3116 cohortis
3250 3052 3282 3115 I

694 3155 1021 3239 F(laviae)
1066 3156 1436 3239 m(iliariae)
1482 3155 1881 3240 Bryttonum
1924 3153 2281 3220 Maluensis
2332 3176 2480 3219 cum
2523 3155 2613 3222 M.
2664 3153 2932 3220 Aurelio
2981 3153 3280 3240 Philippo

697 3259 903 3324 frutre
950 3269 993 3328 t.
1039 3261 1255 3345 posuit
1299 3260 1469 3344 patri
1515 3259 1597 3340 cf.
1642 3263 1837 3324 1224.

576 3363 737 3428 1226
781 3360 1090 3428 Aurelius
1136 3361 1382 3443 Celsus,
1431 3361 1721 3426 centurio
1768 3383 1826 3427 a.
1871 3361 1997 3426 218
2042 3360 2176 3426 Dio
2222 3364 2322 3438 78,
2365 3365 2468 3427 39.

574 3465 736 3530 1227
780 3474 936 3531 IMP.
996 3473 1290 3529 CAESAR
1332 3474 1410 3529 M.
1457 3472 1834 3529 AVRELIVS
1897 3473 2267 3528 CLAVDIVS
2314 3471 2719 3528 AVGVSTVS.
2801 3461 2905 3527 De
2960 3464 3096 3526 vita
3152 3462 3285 3526 eius

692 3568 1042 3634 mendaciis
1086 3567 1426 3651 biographi
1449 3587 1721 3650 prorsus
1750 3567 1991 3648 infecta
2021 3571 2081 3631 et
2108 3566 2184 3631 de
2215 3567 2365 3631 aliis
2393 3566 2657 3648 fabulis,
2702 3587 2863 3648 quae
2895 3565 2982 3629 ad
3021 3568 3283 3629 mortem

693 3675 999 3754 spectant,
1048 3671 1132 3754 cf.
1176 3692 1335 3754 quae
1380 3670 1701 3753 disputavi
1741 3668 2140 3735 Historische
2169 3669 2544 3750 Zeitschrift
2591 3668 2677 3734 N.
2708 3668 2792 3736 F.
2831 3667 2971 3734 XX
2985 3667 3047 3733 V
3066 3665 3280 3748 (1889)

675 3796 748 3858 p.
788 3778 931 3841 227
953 3794 1082 3856 sqq.

825 3875 1094 3942 Flavius
1126 3875 1443 3942 Claudius
1472 3876 1607 3941 vita
1636 3879 1696 3954 7,
1729 3880 1772 3942 8
1801 3876 1884 3957 of.
1915 3880 1977 3952 3,
2010 3880 2049 3939 6
2095 3874 2266 3956 (inde
2310 3875 2611 3958 Vopiscus
2646 3876 2756 3942 vit.
2785 3874 3009 3940 Aurel.
3041 3878 3143 3952 17,
3173 3878 3245 3961 2)
3263 3893 3284 3952 ;

696 3981 768 4044 in
797 3979 1368 4044 adclamationibus
1395 3980 1530 4044 vita
1558 3983 1658 4055 18,
1689 3984 1731 4042 3
1773 3979 1887 4043 ubi
1930 3978 2212 4043 traditur
2254 3977 2538 4042 ualeriae
2566 3977 2633 4043 P
2656 3977 2942 4043 ualariae
2970 3978 3053 4055 B,
3099 3976 3281 4061 vulyo

697 4082 864 4148 male
909 4082 1138 4165 leyitur
1181 4080 1425 4159 Aureli,
1469 4080 1924 4147 restituendum
1968 4086 2059 4146 est
2101 4080 2360 4165 Valeri3
2404 4086 2738 4163 utrumque
2777 4101 3003 4146 nomen
3044 4083 3284 4163 spectat

699 4184 786 4248 ad
811 4183 1121 4249 Flavium
1167 4184 1488 4249 Valerium
1527 4184 1986 4252 Constantium.
2059 4184 2347 4250 Ceterum
2378 4184 2692 4250 Claudius
2724 4183 2898 4267 apud
2924 4184 3281 4267 scriffiores,

688 4287 889 4371 plena
931 4288 1192 4353 nomina
1237 4287 1525 4353 exhibent
1569 4287 1742 4353 tituli
1779 4288 2155 4370 nummique.
2201 4324 2285 4333 —
2328 4288 2415 4354 In
2473 4287 2655 4353 titulo
2705 4286 3025 4368 Africano
3081 4306 3285 4367 nuper

697 4395 945 4473 reperto
982 4389 1272 4455 Bulletin
1317 4389 1791 4473 areheoloyique
1836 4390 1922 4456 du
1967 4392 2192 4456 comite
2231 4390 2338 4456 des
2384 4396 2656 4455 travaux
2696 4389 3074 4472 historiques
3115 4393 3284 4454 1893

693 4516 764 4576 p.
797 4497 925 4559 216
953 4514 1019 4558 n.
1049 4497 1138 4560 28
1177 4493 1432 4576 Caynat
1461 4493 1660 4558 edidit
1691 4512 1818 4559 mr.
1851 4510 2021 4560 GAES.
2051 4512 2118 4559 M.
2151 4512 2291 4559 ΔΥΕ.
2321 4514 2366 4558 v
2404 4491 2414 4578 Ι
2453 4509 2714 4559 οωνυιο
2742 4510 2843 4557 Plo
2875 4510 2931 4557 r.
2963 4510 3082 4557 Ave
3122 4491 3130 4578 Ι
3171 4498 3281 4558 etc.

697 4593 961 4678 leyitque
1018 4595 1346 4678 Aur-(elio)
1391 4594 1732 4678 V(alerio).
1835 4595 1932 4660 At
1989 4597 2340 4661 auctoritas
2396 4597 2564 4660 vitae
2608 4599 2709 4672 18,
2752 4598 2811 4672 3,
2875 4596 3056 4659 euius
3113 4597 3283 4660 testi-

695 4698 906 4762 monio
973 4697 1081 4763 ille
1149 4699 1410 4777 nititur,
1494 4703 1584 4763 est
1651 4698 1838 4763 inulla
1900 4720 2096 4781 neque
2146 4703 2414 4782 praeter
2476 4717 2837 4764 eonsensum
2898 4698 3285 4780 reliquorum

701 4801 979 4865 omnium
1045 4800 1370 4866 titulorum
1441 4821 1957 4883 nummorumque
2017 4801 2357 4884 probabile
2425 4801 2676 4866 videtur
2746 4798 2991 4865 Valerii
3059 4821 3283 4866 nomen

694 4923 971 4985 unquam
1004 4924 1129 4987 per
1172 4912 1221 4966 V
1267 4902 1545 4968 litteram
1591 4922 1952 4985 eoepressum
1995 4922 2141 4970 esse.

823 5004 1240 5090 Illyricianae
1284 5007 1497 5089 gentis
1540 5008 1646 5071 vir
1684 5006 1819 5069 vita
1859 5010 1960 5083 14,
1997 5010 2047 5071 2
2088 5007 2158 5070 in
2204 5005 2511 5089 epistula,
2575 5015 2683 5070 ‘ex
2724 5004 3054 5071 Dalmatia
3097 5007 3281 5090 origi·

698 5130 845 5172 nem
890 5107 1239 5173 videbatur
1285 5106 1644 5188 ostendere,
1690 5109 1992 5193 quamvis
2037 5107 2146 5172 alii
2175 5107 2555 5173 Dardanum
2603 5130 2752 5174 eum
2795 5107 3109 5174 dicerent’
3149 5109 3283 5173 vita
