3859 5992
590 525 884 581 APICIVS
1892 519 1916 582 l
1932 519 2006 583 ll
2761 527 3303 584 APOLLODORVS

617 763 696 772 —
768 722 1028 789 Caelius
1071 722 1344 808 Apicius
1361 722 1474 807 (‘?).

625 861 702 872 —
766 824 856 891 M.
905 824 1159 891 Gavius
1203 827 1496 913 Apicius,

596 929 722 994 734
764 927 1037 1014 Apicius
1080 928 1373 994 lulianus
1417 935 1803 995 memoratu-r
1847 932 1916 994 in
1949 935 1991 994 t.
2026 951 2256 1013 yraeco
2289 930 2583 997 Soadeno
2614 932 2858 996 Lebas-
2877 931 3308 1013 Waddinyton

720 1039 894 1100 2306
912 1116 920 1121 .
919 1034 1139 1117 posito
1172 1035 1242 1098 in
1271 1034 1568 1098 honorem
1596 1034 1916 1098 Antonini
1943 1033 2058 1097 Pii
2087 1039 2143 1097 et
2178 1035 2277 1098 M.
2310 1034 2570 1097 Aurelii
2599 1033 2928 1099 Caesaris:
2960 1033 3112 1119 [ἐπὶ]
3145 1033 3303 1100 Ἀπι-

722 1139 848 1201 κίου
875 1135 1194 1203 Ἰουλιανοῢ
1227 1138 1528 1221 [ὑπατικοῦ
1542 1137 1599 1221 Ῥ]
1646 1137 1765 1221 [διὰ
1799 1136 2193 1224 γραμμά]των
2232 1137 2411 1203 αὐτοῦ
2451 1139 2666 1223 βουλῆς
2697 1138 3146 1225 [συναχθείσης.
3166 1186 3181 1202 .
3201 1134 3303 1222 ..].

726 1239 1154 1323 Waddinyton
1199 1239 1468 1322 leyatum
1503 1240 1737 1323 Syriae
1779 1241 1978 1323 fuisse
2022 1245 2079 1305 et
2124 1240 2370 1323 quidem
2414 1262 2473 1305 a.
2507 1245 2626 1305 149
2673 1242 2935 1305 coniecit
2977 1242 3305 1305 coniuncto

725 1343 1081 1424 fraymento
1116 1346 1305 1418 2307,
1350 1343 1465 1407 ubi
1507 1342 1789 1408 consules
1834 1365 1894 1407 a.
1927 1347 2048 1408 149
2091 1344 2524 1407 nominantur.
2581 1341 2714 1407 Res
2754 1343 2915 1406 satis
2958 1344 3219 1407 incerta.

598 1446 722 1511 735
768 1454 1067 1509 APIDIVS
1111 1454 1462 1528 MERVLA,
1525 1445 1701 1531 quod
1761 1447 1828 1510 in
1873 1456 2020 1511 acta
2063 1446 2200 1511 divi
2240 1446 2520 1529 Augusti
2564 1468 2694 1510 non
2738 1448 3094 1529 iuraverat,
3157 1444 3303 1509 albo

727 1549 1051 1612 senatorio
1096 1569 1136 1611 a
1174 1547 1437 1612 Tiberio
1482 1570 1654 1613 anno
1699 1550 1781 1615 25
1829 1572 2050 1614 erasus
2095 1560 2195 1614 est
2246 1550 2393 1614 Tac.
2426 1571 2486 1613 a.
2518 1553 2577 1626 4,
2607 1553 2713 1614 42.

598 1650 723 1716 736
767 1659 1065 1714 APINIVS
1110 1658 1306 1734 TIRO,
1356 1653 1723 1736 praetorius
1768 1674 1937 1716 anuo
1984 1653 2068 1717 69
2120 1653 2267 1718 Tac.
2298 1652 2359 1716 Ιι.
2390 1656 2451 1729 3,
2483 1655 2581 1717 57.
2615 1656 2712 1715 76.

599 1752 722 1818 737
767 1751 1001 1838 Apion,
1050 1753 1534 1836 grammaticus,
1583 1755 1917 1819 Plistonici
1964 1754 2136 1819 filius
2168 1755 2411 1820 Suidas
2451 1775 2503 1819 8.
2542 1775 2594 1822 v.
2631 1752 2872 1832 Ἀπίων,
2918 1754 3030 1839 qui
3075 1752 3305 1818 Plisto-

724 1856 901 1919 nices
932 1857 1419 1940 cognominatus
1450 1867 1546 1922 est
1576 1856 1756 1922 Plin.
1785 1879 1851 1922 n.
1882 1857 1945 1925 h.
1975 1863 2077 1934 37,
2106 1862 2200 1934 75,
2245 1856 2409 1922 Gell.
2438 1861 2497 1934 5,
2533 1863 2630 1934 14,
2664 1862 2734 1934 1,-
2761 1861 2819 1934 6,
2842 1860 2904 1932 8,
2937 1855 3306 1940 Aegyptius

725 1960 791 2022 in
836 1957 992 2024 Oasi
1037 1968 1229 2024 natus
1272 1959 1519 2042 Ioseph.
1568 1965 1791 2025 contra
1834 1960 2147 2043 Apionem
2193 1966 2258 2038 2,
2304 1965 2364 2037 3,
2409 1959 2493 2025 ab
2536 1958 2999 2024 Alexandrinis
3045 1959 3308 2022 civitate

727 2060 1003 2126 donatus
1045 2061 1175 2127 iba.
1221 2062 1341 2128 sub
1387 2062 1649 2128 Tiberio
1694 2063 1940 2128 Romae
1984 2063 2206 2128 docuit
2248 2063 2489 2129 Suidas
2533 2062 2575 2127 l.
2622 2062 2697 2139 l.·‚
2758 2063 2871 2149 qui
2929 2083 3078 2125 eum
3131 2082 3303 2146 cym-

727 2163 949 2230 balum
995 2164 1220 2229 mundi
1266 2167 1528 2230 vocavit
1556 2165 1729 2231 Plin.
1762 2188 1824 2231 n.
1856 2166 1917 2230 h.
1938 2167 2157 2250 praef.
2187 2170 2310 2244 25‚·
2349 2164 2469 2230 sub
2501 2165 2573 2234 C.
2604 2164 2883 2230 Caesare
2921 2174 3056 2230 tota
3098 2166 3304 2229 circu-

725 2265 894 2331 latus
936 2276 1035 2331 est
1078 2269 1356 2334 Graecia
1398 2279 1463 2333 et
1506 2270 1572 2332 in
1617 2290 1852 2335 nomen
1896 2269 2164 2333 Homeri
2218 2268 2300 2333 ab
2351 2267 2650 2332 omuibus
2694 2268 3068 2333 civitatibus
3110 2266 3306 2351 adop-

728 2379 898 2434 tatus
931 2369 1175 2435 Seneca
1204 2393 1297 2453 ep.
1329 2374 1432 2448 88,
1456 2377 1561 2436 40.
1607 2371 1896 2456 Legatus
1929 2371 2525 2437 Alexandrinorum
2554 2371 2830 2435 Iudaeos
2861 2370 3036 2455 apud
3065 2370 3306 2435 Gaium

725 2474 1057 2539 accusavit
1098 2473 1345 2556 Ioseph.
1393 2479 1524 2538 ant.
1568 2479 1681 2550 18,
1728 2479 1803 2551 8,
1850 2480 1926 2553 1,·
1987 2476 2219 2539 iterum
2280 2476 2520 2539 Romae
2576 2474 2796 2539 docuit
2849 2473 2972 2538 sub
3032 2471 3305 2537 Claudio

724 2575 966 2641 Suidas
997 2575 1037 2642 l.
1071 2575 1133 2652 l.,
1180 2575 1291 2640 ubi
1338 2574 1591 2640 Plinius
1635 2575 2016 2641 adulescens
2062 2599 2209 2641 eum
2252 2575 2419 2640 vidit
2449 2575 2626 2641 Plin.
2655 2597 2720 2639 n.
2749 2574 2811 2644 k.
2841 2580 2943 2651 30,
2975 2578 3075 2640 18.
3152 2569 3308 2638 Cum

728 2677 801 2742 de
855 2679 1108 2761 inqenio
1172 2678 1580 2761 doctrinaque
1645 2680 1779 2744 eius
1844 2685 1979 2744 tum
2044 2679 2119 2745 de
2182 2678 2416 2744 studiis
2477 2678 2837 2744 Homericis
2900 2678 3025 2761 eqit
3084 2675 3305 2753 LehrS,

720 2781 1127 2863 Quaestiones
1170 2783 1383 2873 epicae
1404 2804 1479 2864 p.
1504 2787 1544 2846 1
1572 2801 1739 2865 sqq.;
1779 2782 1854 2847 cle
1893 2783 2152 2865 serintis
2198 2781 2445 2847 Muller
2485 2780 2710 2849 FHG.
2764 2781 2899 2846 ΙΙΙ
2922 2803 2991 2864 p.
3019 2783 3143 2845 506
3171 2798 3300 2861 sqq.

616 2922 705 2930 —
769 2884 846 2948 L.
891 2882 1118 2948 Aelius
1157 2883 1467 2949 Aurelius
1512 2883 1910 2971 Apolaustus
1954 2886 2341 2972 Memphius.

614 3024 705 3033 —
767 2985 842 3052 C.
886 2984 1194 3051 Bellicius
1240 2985 1634 3074 Calpurnius
1678 2988 2096 3074 Apolaustus.

597 3089 727 3156 738
769 3087 1166 3175 Apollinaris
1223 3092 1596 3156 nominatur
1653 3092 1822 3156 inter
1866 3102 2117 3156 veteres
2162 3090 2523 3156 medicinae
2565 3093 2724 3155 artis
2769 3100 3062 3155 auctores
3108 3089 3305 3153 latino

725 3214 1022 3259 sermone
1064 3197 1462 3280 perscriptos
1509 3194 1866 3260 Marcellus
1907 3196 2278 3279 Empiricus
2308 3195 2528 3278 praef.
2565 3199 2631 3259 2.

615 3334 708 3345 -
771 3295 1082 3362 Aurelius
1127 3295 1548 3381 Apollinaris.

612 3436 704 3447 —-
770 3397 1085 3465 Cerellius
1129 3397 1550 3484 ApollinariS.

611 3541 702 3550 —
767 3500 1081 3568 Claudius
1123 3501 1543 3588 Apollinaris.

610 3643 702 3655 -—
741 3617 827 3689 ,P.
875 3613 1192 3669 COELIVS
1245 3614 1771 3674 APOLLINARIS.

609 3746 703 3757 —
766 3719 833 3773 L.
878 3715 1243 3772 DOMITIVS
1287 3717 1814 3774 APOLLINARIS.

611 3849 704 3859 —
764 3811 1135 3876 Nasennius
1179 3808 1597 3897 Apollinaris.

609 3949 703 3962 —-
768 3915 1069 3979 Pinarius
1113 3912 1528 3998 Apollinaris.

610 4054 705 4063 —
771 4017 870 4101 [T.
889 4015 946 4100 Ρ]
993 4018 1357 4084 Prifernius
1403 4017 1642 4082 Paetus
1687 4017 2034 4092 Memmius
2077 4018 2493 4104 Apollinaris.

611 4156 704 4166 —
770 4119 844 4185 C.
894 4119 1226 4207 Sulpicius
1270 4118 1690 4206 Apollinaris,

593 4223 726 4289 739
768 4221 1235 4309 Apollodorus,
1285 4223 1760 4306 Pergamenus,
1809 4222 2033 4288 rhetor
2076 4225 2401 4301 Graecus,
2457 4222 2530 4289 C.
2579 4222 2877 4289 Caesaris
2924 4221 3058 4305 (qui
3081 4224 3311 4303 postea

724 4326 1077 4410 Auyustus)
1122 4327 1380 4391 iuvenis
1423 4327 1733 4409 magister
1769 4325 2028 4390 dicendi
2061 4325 2318 4392 Sueton.
2343 4327 2616 4409 Auyust.
2648 4330 2750 4403 89,
2785 4325 3024 4391 Strabo
3054 4328 3150 4400 13,
3179 4328 3240 4400 4,
3269 4326 3312 4387 3

710 4450 786 4512 p.
816 4432 961 4507 625,
1003 4428 1383 4510 Quintilian.
1414 4432 1472 4505 3,
1505 4434 1564 4505 1,
1595 4434 1695 4505 17,
1740 4429 2110 4512 Hieronym.
2144 4430 2232 4495 ad
2260 4451 2320 4494 a.
2353 4429 2515 4495 Abr.
2548 4430 2743 4507 1953,·
2785 4429 3113 4511 octoginta
3148 4426 3310 4491 duos

725 4554 930 4598 annos
974 4541 1165 4598 natus
1208 4530 1372 4596 obiit
1412 4532 1683 4598 Isucian.
1729 4532 2026 4598 Macrob.
2070 4536 2177 4598 23.
2264 4530 2586 4619 Discipuli
2639 4541 2897 4619 praeter
2939 4530 3309 4615 Augustum

727 4636 1143 4700 nominantur
1173 4633 1467 4700 Calidius
1498 4634 1870 4718 Hieronym.
1918 4635 1961 4700 l.
2008 4635 2069 4713 l„
2116 4635 2498 4701 Bruttedius
2528 4637 2732 4720 Niger
2763 4635 3007 4703 Seneca
3036 4639 3308 4700 controv.

724 4744 789 4815 2,
819 4743 878 4815 1,
908 4742 1009 4815 36,
1057 4737 1411 4823 Vipsanius
1455 4736 1713 4802 Atticus
1759 4737 1887 4805 ibd.
1935 4743 2000 4814 2,
2045 4741 2104 4814 5,
2150 4744 2248 4816 11,
2294 4737 2601 4803 Moschus
2646 4739 2774 4803 ibd.
2813 4744 2878 4815 2,
2909 4742 2968 4815 5,
3000 4741 3098 4814 13,
3146 4738 3310 4802 Tur-

724 4844 907 4907 rinus
951 4850 1140 4927 pater
1179 4841 1308 4907 ibd.
1353 4845 1432 4905 10
1465 4861 1575 4922 pr.
1608 4845 1705 4917 14,
1752 4840 2114 4925 Dionysius
2158 4840 2414 4905 Atticus
2455 4842 2694 4907 Strabo
2740 4842 2781 4906 l.
2816 4842 2876 4918 l„
2932 4838 3308 4922 Quintilian.

723 4948 785 5021 3,
815 4949 875 5020 1,
907 4948 1008 5021 18,
1055 4941 1130 5009 C.
1163 4941 1456 5026 Valgius,
1505 4941 1792 5025 Mattius,
1826 4942 2151 5007 Domitius
2192 4944 2569 5024 Quintilian.
2619 4944 2657 5009 l.
2692 4944 2732 5009 l.
2765 4943 3201 5029 Apollodorus
3249 4950 3312 5006 et

725 5045 1104 5113 Theodorus
1136 5045 1475 5114 Gadareus
1518 5045 1809 5109 diversas
1848 5046 2181 5132 opiniones
2219 5045 2645 5130 tradiderunt,
2693 5045 3128 5132 appellatique
3159 5044 3311 5110 inde

725 5147 1145 5238 Apollodorei
1205 5158 1271 5213 et
1326 5146 1693 5213 Theodorei
1767 5148 1851 5212 ad
1916 5170 2161 5215 morem
2224 5159 2436 5215 certas
2501 5150 2570 5214 in
2639 5148 3047 5235 philosophia
3105 5157 3311 5212 sectas
