3859 5992
568 527 939 584 ARSENIVS
1865 520 1990 587 148
2831 530 3283 587 ARTABANVS

568 710 696 790 9'50
740 722 1102 809 [Ar]senius
1133 723 1502 807 Marcellus,
1549 724 1867 809 cur(ator)
1903 725 2055 809 r(ei)
2090 724 2448 811 pubOicae)
2481 725 3040 811 (Puteolanorum)
3069 751 3128 793 a.
3165 729 3277 794 181

691 828 765 894 X
805 832 970 892 1791
1020 832 1063 892 t.
1110 826 1505 893 Puteolanus
1549 857 1632 881 ==
1679 827 1783 893 VI
1812 832 1937 893 861
1968 829 2105 912 (ubi
2132 828 2303 910 falso
2348 850 2464 893 cur
2505 826 2728 915 [ope]r.
2758 832 3118 896 restitutum
3149 828 3283 914 est).

570 931 741 996 950a
781 928 856 995 C.
900 930 1045 996 Art.
1094 931 1605 1014 Germanianus,
1667 932 1774 994 vir
1829 929 2223 995 clarissimus
2281 932 2353 995 in
2408 931 2631 1016 fistula
2672 931 2979 1015 plumbea
3029 935 3284 1000 urbana

696 1034 1023 1099 Lamiani
1047 1032 1281 1117 sylloye
1312 1035 1590 1116 aquaria
1624 1054 1688 1099 n.
1721 1037 1865 1112 63a,
1906 1033 2387 1100 Germanianus
2430 1055 2494 1099 n.
2527 1034 2668 1102 6312.
2735 1034 2898 1100 Fuit
2922 1036 3285 1121 Art(orius)

694 1136 791 1202 vel
833 1134 1311 1219 Art(iculeius).

569 1240 690 1306 951
744 1239 1135 1322 Artabanus,
1185 1258 1304 1304 rex
1336 1239 1748 1305 Parthorum.
1825 1233 2288 1305 Arsacidarum
2334 1263 2369 1305 e
2410 1261 2651 1324 genere
2679 1262 2796 1327 per
2823 1251 3094 1307 matrem
3134 1241 3281 1310 Tac.

698 1364 760 1411 a.
791 1348 849 1420 6,
878 1348 986 1420 42,
1034 1342 1208 1429 apud
1244 1342 1469 1407 Dahas
1512 1342 1778 1409 adultus
1823 1366 1863 1407 a
1893 1332 2153 1409 Parthis
2197 1352 2424 1408 contra
2452 1344 2793 1409 Vononem
2839 1367 2958 1409 rex
3001 1345 3284 1426 accitur3

695 1446 905 1532 primo
965 1466 1317 1529 congressu
1373 1446 1588 1511 victus
1647 1447 1753 1530 (cf.
1807 1467 2127 1511 nummum
2190 1446 2465 1511 Vononi-s·
2527 1446 2705 1530 apud
2755 1445 3087 1524 Gardner‚
3152 1446 3285 1513 The

694 1547 1022 1614 Parthian
1080 1548 1341 1631 coinaye
1372 1571 1445 1632 p.
1476 1554 1563 1614 47
1599 1570 1662 1614 n.
1693 1555 1736 1615 4
1796 1551 2071 1637 βασιλεὺς
2129 1548 2392 1638 Ὀνώνης
2449 1553 2723 1638 νεικήσας
2784 1547 3157 1638 Ἀρτάβανον)
3216 1552 3285 1615 in

696 1651 982 1717 Mediam
1028 1673 1098 1716 se
1141 1652 1405 1738 recepit,
1452 1649 1601 1717 dein
1647 1675 1874 1719 rursus
1904 1654 2235 1739 profectus
2264 1654 2539 1718 Vonone
2568 1655 2740 1718 victo
2773 1664 2838 1718 et
2865 1652 3052 1739 pulso
3083 1674 3283 1737 regno

697 1757 946 1841 potitur
982 1754 1129 1821 Tac.
1164 1776 1224 1819 a.
1255 1759 1321 1832 2,
1353 1759 1412 1832 3,
1461 1755 1708 1839 Ioseph.
1741 1760 1871 1821 ant.
1911 1760 2013 1833 18,
2045 1762 2111 1833 2,
2144 1761 2202 1823 4.
2277 1755 2533 1821 Bellum
2576 1756 2648 1821 id
2680 1761 2923 1841 yestum
2968 1776 3096 1821 esse
3139 1755 3284 1820 inde

697 1858 778 1923 ab
827 1879 886 1923 α.
913 1857 1105 1924 10111
1135 1881 1209 1942 p.
1252 1856 1321 1926 Ο.
1369 1857 1588 1923 docent
1626 1860 1904 1938 nummi;
1962 1880 2115 1924 nam
2174 1880 2341 1924 anno
2391 1865 2528 1926 322
2571 1881 2760 1925 aerae
2804 1859 3283 1926 Seleucidarum

691 1990 778 2016 =
823 1982 883 2026 a.
916 1966 1102 2039 10f11
1146 1965 1207 2025 et
1246 1959 1459 2025 ultimi
1501 1960 1778 2027 Vononis
1818 1963 2063 2028 nummi
2104 1968 2164 2028 et
2214 1962 2549 2028 Artabani
2577 1963 2787 2045 primi
2828 1963 2966 2027 cusi
3006 1966 3154 2027 sunt
3196 1962 3278 2043 of.

698 2062 1008 2130 Gardner
1036 2086 1111 2147 p.
1141 2067 1246 2131 62.

826 2166 993 2259 Cum
1035 2167 1344 2231 Vonones
1388 2166 1704 2252 profugus
1748 2166 1831 2232 ab
1874 2166 2205 2233 Armeniis
2251 2189 2369 2232 rex
2414 2169 2803 2232 constitutus
2847 2176 3033 2250 esset,
3095 2166 3283 2232 Arta-

696 2270 908 2336 banus
951 2268 1191 2333 bellum
1232 2269 1590 2334 minitando
1636 2270 1865 2353 effecit,
1914 2280 1989 2335 ut
2018 2269 2130 2334 ille
2161 2293 2201 2335 a
2231 2270 2490 2337 Cretico
2523 2269 2743 2336 Silano
2775 2279 3023 2334 rectore
3054 2268 3284 2355 Syriae

698 2374 950 2437 excitus
995 2371 1292 2437 custodia
1336 2372 1850 2438 circumdaretur
1887 2373 2034 2439 Tac.
2069 2396 2131 2438 a.
2160 2378 2227 2451 2,
2259 2379 2320 2451 4,
2367 2373 2616 2457 Ioseph.
2651 2373 2690 2437 l.
2725 2372 2766 2439 l.
2839 2372 3034 2438 Anno
3074 2372 3153 2438 18
3197 2372 3283 2437 ad

696 2476 1157 2544 Germanicum
1213 2475 1281 2540 in
1332 2476 1578 2541 oriente
1634 2486 1931 2559 agentem
1994 2476 2240 2561 legatos
2298 2478 2475 2541 misit
2530 2477 2874 2541 amicitiam
2937 2496 3014 2540 ac
3056 2475 3284 2541 foedus

693 2587 1160 2643 memoraturos
1193 2588 1258 2642 et
1286 2600 1523 2664 cupere
1553 2581 1852 2643 renovari
1876 2578 2143 2645 dextras
2174 2583 2610 2665 daturumque
2639 2578 2866 2643 honori
2890 2577 3279 2661 Germanici,

695 2691 770 2746 ut
811 2683 1020 2768 ripam
1065 2680 1420 2767 Euphratis
1465 2681 1841 2764 accederet3
1900 2693 2122 2768 petere
2168 2684 2446 2765 interim,
2495 2704 2578 2746 ne
2621 2682 2931 2746 Vonones
2976 2683 3045 2746 in
3091 2680 3284 2767 Syria

697 2782 1063 2849 haberetur.
1154 2783 1260 2849 Ad
1307 2806 1385 2848 ea
1430 2784 1858 2851 Germanicus
1909 2785 1993 2850 de
2037 2786 2342 2850 societate
2385 2786 2827 2850 Romanorum
2873 2783 3283 2849 Parthorum·

695 2908 823 2973 que
866 2886 1224 2970 magnifice,
1272 2886 1355 2951 de
1397 2886 1686 2952 adventu
1731 2889 1902 2971 regis
1950 2899 2015 2953 et
2054 2887 2234 2953 cultu
2279 2889 2377 2953 sui
2419 2910 2567 2953 cum
2596 2887 2831 2952 decore
2860 2909 2934 2951 ac
2966 2886 3284 2952 modestia

695 2976 1062 3076 respondit:
1106 2990 1414 3055 Vonones
1461 2989 1971 3077 Pompeiopolim
2003 2990 2270 3057 Ciliciae
2315 2990 2543 3056 urbem
2590 3000 2841 3055 amotus
2885 2999 2986 3054 est
3023 2990 3169 3056 Tac.
3218 3010 3278 3057 a.

694 3096 760 3169 2,
789 3096 891 3160 58.
968 3091 1219 3157 Eodem
1276 3092 1411 3156 fere
1474 3102 1762 3178 tempore
1815 3115 1964 3157 oum
2007 3093 2292 3159 Asinaeo
2338 3103 2403 3158 et
2447 3091 2724 3158 Anilaeo
2769 3091 3104 3174 fratribus,
3169 3093 3280 3177 qui

696 3193 872 3259 circa
899 3193 1161 3260 Nearda
1203 3218 1280 3259 ac
1310 3193 1585 3260 Nisibim
1632 3195 2046 3281 praedatoria
2088 3219 2285 3261 manu
2316 3195 2821 3261 dominationem
2870 3193 3282 3274 exercebant,

696 3296 925 3362 foedus
981 3307 1045 3362 et
1103 3298 1450 3362 amicitiam
1512 3299 1658 3362 iniit
1700 3299 1950 3382 Ioseph.
1984 3303 2114 3364 ant.
2146 3302 2247 3376 18,
2280 3303 2338 3376 9,
2368 3303 2411 3363 3
2439 3319 2567 3381 sqq.
2641 3296 2920 3363 Artaxia
2961 3318 3115 3380 rege
3159 3295 3280 3362 Ar-

698 3400 950 3465 meniae
995 3422 1164 3464 anno
1197 3400 1332 3465 fere
1363 3402 1447 3466 34
1489 3412 1742 3466 mortuo
1772 3400 2147 3467 Artabanus
2177 3401 2472 3468 Arsacen
2502 3400 2711 3466 filium
2741 3410 2899 3465 natu
2927 3401 3282 3465 maximum

695 3501 1025 3568 Armeniis
1071 3523 1290 3586 regem
1336 3504 1658 3589 imposuit,
1708 3514 1946 3590 postea,
1996 3526 2141 3569 cum
2187 3505 2242 3569 is
2287 3504 2370 3569 ab
2413 3504 2803 3569 adversariis
2844 3525 3095 3568 veneno
3137 3503 3283 3568 sub-

693 3602 863 3669 latus
896 3614 1083 3688 esset,
1114 3603 1398 3671 Orodem
1428 3604 1703 3670 alterum
1734 3605 1941 3672 filium
1974 3607 2123 3673 Tae.
2148 3628 2209 3672 α.
2234 3611 2292 3685 6,
2315 3612 2415 3672 31.
2439 3610 2539 3685 33,
2571 3605 2818 3688 Ioseph.
2852 3610 2982 3670 ant.
3008 3609 3107 3683 18,
3129 3611 3195 3682 2,
3220 3611 3278 3684 4,

695 3706 921 3774 addita
963 3707 1357 3773 contumelia
1403 3717 1466 3773 et
1509 3709 1748 3792 missis,
1813 3711 1926 3796 qui
1972 3731 2199 3794 gazam
2244 3733 2283 3774 a
2328 3711 2600 3776 Vonone
2643 3707 2932 3773 relictam
2976 3709 3043 3774 in
3088 3708 3284 3794 Syria

690 3809 1047 3897 Ciliciaque
1076 3820 1504 3897 reposcerent,
1538 3810 1728 3877 simul
1757 3823 2010 3878 veteres
2036 3815 2380 3879 Persarum
2415 3835 2491 3877 ac
2513 3811 2945 3877 Macedonum
2976 3812 3281 3877 terminos

691 3935 891 3999 seque
935 3914 1314 3979 invasurum
1360 3936 1656 4000 possessa
1687 3914 1862 4001 Cyro
1910 3926 1975 3980 et
2016 3926 2165 4003 post
2191 3914 2569 3982 Alexandro
2608 3938 2726 4002 per
2767 3917 2974 3980 minas
3008 3914 3284 3979 iaciebat

703 4017 850 4082 Tac.
885 4038 945 4080 a.
981 4021 1039 4094 6,
1069 4020 1184 4094 31,
1247 4018 1443 4081 etiam
1502 4017 1985 4104 Cappadociam
2044 4020 2390 4084 attentavit
2445 4018 2580 4083 Dio
2607 4022 2708 4096 58,
2739 4022 2829 4084 26
2886 4028 2953 4083 et
3015 4016 3278 4082 Tiberio

690 4118 926 4184 litteris
971 4118 1325 4205 parricidia
1369 4129 1434 4185 et
1478 4119 1710 4186 caedes
1756 4130 1822 4185 et
1864 4122 2194 4205 ignaviam
2255 4131 2319 4187 et
2363 4120 2690 4187 luxuriam
2737 4120 2976 4186 obiecit
3018 4119 3278 4186 Sueton.

697 4222 906 4289 mer.
947 4226 1046 4287 66.
1137 4220 1475 4306 Tiberius,
1529 4244 1679 4288 cum
1723 4225 2039 4310 primores
2085 4223 2354 4310 quidam
2401 4223 2795 4289 Parthorum
2839 4232 3088 4288 secreto
3134 4245 3279 4287 eum

689 4324 1004 4390 adiissent
1060 4326 1418 4412 principem
1467 4348 1551 4390 ex
1607 4347 1849 4410 genere
1893 4326 2376 4410 Arsacidarum,
2439 4328 2551 4413 qui
2596 4335 2826 4391 contra
2868 4324 3280 4391 Artabanum

689 4428 1211 4511 constitueretur,
1268 4427 1772 4513 expostulantes,
1835 4430 2115 4515 primum
2161 4429 2510 4495 Phraatem
2556 4439 2637 4512 et,
2686 4450 2835 4493 cum
2876 4429 2931 4492 is
2976 4429 3041 4492 in
3089 4428 3283 4514 Syria

689 4540 986 4595 mortuus
1032 4541 1217 4615 esset,
1250 4531 1610 4597 Tiridatem
1655 4534 1989 4615 sanguinis
2023 4532 2309 4597 eiusdem
2341 4531 2667 4597 aemulum
2696 4529 3033 4597 Artabano
3067 4528 3276 4615 elegit,
3381 4623 3386 4627 .

691 4633 1197 4699 Pharasmanem
1244 4656 1463 4719 regem
1508 4634 1848 4700 Iberorum
1892 4646 1958 4700 et
1998 4635 2446 4700 Mithridatem
2490 4634 2778 4717 fratrem,
2827 4644 2898 4700 ut
2941 4634 3011 4698 in
3054 4633 3280 4700 Arme·

689 4737 864 4800 niam
908 4738 1267 4802 exercitum
1307 4737 1636 4820 ducerent,
1686 4737 1943 4824 impulit
1988 4749 2053 4804 et
2081 4739 2158 4804 L.
2191 4737 2532 4804 Vitellium
2577 4739 2842 4820 cunctis,
2891 4759 3060 4823 quae
3105 4735 3277 4822 apud

695 4842 1010 4905 orientem
1041 4840 1459 4927 parabantur,
1494 4840 1808 4927 praefecit
1838 4841 1987 4908 Tac.
2023 4864 2083 4906 a.
2116 4848 2172 4920 6,
2204 4846 2305 4906 31.
2335 4847 2444 4919 32,
2492 4841 2753 4908 Sueton.
2801 4840 3005 4906 Vitell.
3035 4846 3102 4918 2,
3146 4838 3278 4904 Dio

683 4946 786 5020 58,
820 4947 927 5009 26.
1002 4944 1357 5035 Postquam
1401 4942 1653 5010 Orodes
1691 4943 1797 5037 ‘ab
1849 4944 2057 5011 Iberis
2102 4966 2324 5031 pugna
2367 4947 2580 5010 victus
2622 4955 2687 5009 et
2726 4945 3017 5027 graviter
3055 4942 3277 5007 vulne·

693 5055 873 5110 ratus
920 5055 1033 5130 est,
1080 5046 1458 5112 Artabanus
1505 5069 1587 5111 ne
1631 5046 1880 5112 cladem
1926 5048 2130 5113 ultum
2176 5050 2318 5132 iret,
2365 5049 2712 5113 contractis
2757 5046 3123 5131 legionibus
3166 5046 3278 5111 Vi-

689 5148 846 5215 tellii
909 5160 974 5215 et
1033 5149 1292 5216 subdito
1348 5172 1640 5234 rumore,
1703 5161 2038 5238 tamquam
2094 5151 2630 5237 Mesopotamiam
2686 5152 3035 5216 invasurus
3092 5158 3274 5234 esset,
