3859 5992
530 580 944 639 CLEODEMV
949 580 985 635 S
1817 573 1947 639 413
2791 582 3235 642 CLEOPATRA

525 777 653 843 893
698 775 1103 859 Cleodemus‚
1163 776 1581 843 Atheniensis
1634 778 1904 845 Claudio
1967 779 2299 864 (Gothico)
2359 789 2670 863 regnante
2727 779 3061 863 barbaros,
3123 783 3237 868 qui

656 880 1000 947 Graeciam
1046 881 1435 963 invaserant,
1484 882 1643 946 vicit
1686 882 1984 947 Zonaras
2025 888 2130 960 12,
2175 887 2262 949 26
2292 903 2364 965 Ρ.
2396 886 2512 948 151
2554 882 2647 948 ed.
2693 882 3001 965 Dindorf.

525 982 653 1047 894
698 981 1097 1066 Cleomenen,
1143 984 1511 1063 statuarius,
1548 984 1732 1049 cuius
1762 983 2164 1071 Thespiades
2197 986 2263 1049 in
2293 986 2726 1050 monumentis
2755 986 2968 1051 Asinii
3002 985 3237 1052 Pollio-

654 1087 755 1150 nis
799 1097 985 1150 erant
1021 1085 1198 1151 Plin.
1230 1106 1293 1151 n.
1331 1085 1393 1150 h.
1433 1090 1532 1159 36,
1577 1091 1693 1165 33,·
1734 1087 1806 1151 in
1847 1089 2257 1171 inscriptione
2296 1091 2548 1153 statuae
2588 1089 2717 1152 viri
2756 1087 3040 1153 Romani
3076 1087 3237 1154 (1Ιο

654 1193 817 1254 6158
860 1219 942 1242 =
984 1189 1036 1253 Ι
1037 1186 1151 1253 GI
1182 1192 1355 1254 1247
1394 1186 1746 1276 Κλεομένης
1790 1188 2172 1277 Κλεομένους
2215 1187 2520 1278 Ἀθηναῖος
2576 1192 2876 1278 ἐποίησεν,
2936 1212 3098 1274 quae
3154 1190 3242 1255 ad

655 1292 910 1356 initium
938 1292 1169 1357 aetatis
1197 1292 1648 1374 imperatoriae
1675 1298 1963 1375 spectare
1989 1293 2253 1370 videtur,
2287 1293 2555 1358 alterum
2596 1298 2812 1358 utrum
2846 1292 3240 1359 Cleomenem

653 1393 912 1460 eundem
956 1414 1086 1459 esse
1129 1398 1378 1476 atquem
1421 1396 1731 1478 artificem
1769 1417 1813 1459 a
1840 1395 2065 1460 Plinio
2108 1400 2520 1461 memoratum
2562 1396 2824 1462 coniecit
2867 1397 3079 1479 Lowy,
3127 1395 3237 1460 In-

651 1496 961 1580 schriften
998 1495 1419 1580 yrieclzischer
1459 1496 1820 1563 Bildhauer
1850 1520 1923 1582 p.
1948 1503 2094 1565 244.

522 1602 649 1667 895
696 1600 919 1678 Cleon,
976 1598 1231 1684 Mysius
1275 1598 1412 1663 dux
1457 1599 1784 1685 quondam
1841 1599 2187 1686 latronum,
2253 1623 2399 1666 cum
2447 1600 2614 1666 bello
2659 1600 2929 1666 Actiaco
2974 1599 3058 1666 ab
3105 1599 3236 1664 An-

653 1704 829 1768 tonio
860 1701 943 1767 ad
976 1700 1319 1767 Caesarem
1350 1702 1707 1786 defecisset,
1742 1702 1824 1767 ab
1857 1725 1931 1767 eo
1964 1703 2321 1770 honoratus
2344 1715 2593 1789 partem
2625 1705 2910 1788 regionis
2941 1703 3238 1767 Morenes

652 1806 836 1891 quasi
877 1806 1180 1891 princeps
1223 1806 1397 1869 rexit
1440 1804 1680 1871 Strabo
1724 1811 1829 1884 12,
1861 1810 1922 1884 8,
1953 1810 2015 1874 8.
2046 1812 2086 1872 9
2117 1830 2189 1890 Ρ.
2220 1812 2343 1873 574
2377 1828 2466 1889 sq.

526 1909 654 1974 896
698 1907 1061 1991 Cleonicus,
1109 1906 1380 1972 libertus
1425 1908 1679 1973 Annaei
1726 1908 2014 1975 Senecae
2058 1908 2477 1996 (philosophi)
2517 1909 2663 1974 Tac.
2697 1930 2758 1973 a.
2789 1913 2887 1985 15,
2918 1912 3016 1973 45.

525 2011 650 2076 897
699 2019 1144 2075 CLEOPATRA
1193 2019 1511 2075 SELENE.
1603 2011 1873 2077 Nummi
1928 2013 2215 2095 arqentei
2270 2018 2329 2079 et
2386 2013 2559 2078 aerei
2602 2011 2983 2076 Mauretani
3024 2013 3241 2075 extant

653 2114 774 2179 alii
817 2111 1198 2197 Cleopatrae
1252 2115 1443 2178 unius
1497 2116 1749 2180 nomine
1805 2115 2105 2198 inscripti
2161 2114 2520 2202 Κλεοπάτρα
2580 2118 2888 2204 βασίλισσα
2946 2117 3007 2178 et
3049 2117 3241 2195 caput

656 2216 1084 2282 diadematum
1137 2215 1526 2300 exhibentes,
1572 2217 1866 2301 plerique
1908 2219 2207 2302 inscripti
2245 2220 2315 2284 in
2359 2218 2627 2283 adversa
2673 2219 2813 2282 Rex
2857 2216 3024 2281 Iuba
3067 2215 3238 2297 regis

653 2318 841 2385 Iubai
887 2319 930 2384 f.
974 2318 1071 2384 vel
1113 2318 1260 2383 Rex
1302 2318 1484 2403 Iuba,
1530 2321 1603 2385 in
1646 2341 1872 2386 aversa
1915 2319 2277 2408 Κλεοπάτρα
2324 2324 2633 2410 βασίλισσα
2669 2319 2929 2396 Μᾱῐῑεν,
2979 2316 3239 2383 Numis-

651 2422 930 2503 matique
960 2420 1034 2486 de
1066 2420 1414 2487 l’ancienne
1441 2422 1718 2505 Afrique
1747 2423 1881 2488 III
1900 2445 1974 2506 p.
2006 2428 2132 2488 108
2159 2444 2289 2506 sqq.
2333 2425 2417 2506 cf.
2452 2423 2674 2506 Suppl.
2709 2444 2782 2506 p.
2816 2425 2929 2498 74;
2972 2418 3240 2502 imiynis

650 2529 743 2590 est
781 2544 1072 2589 nummus
1113 2546 1177 2589 n.
1210 2528 1398 2591 102α
1429 2547 1499 2607 Ρ.
1537 2530 1614 2590 74
1657 2526 2001 2608 inscriptus
2045 2524 2205 2615 Ἰόβα
2252 2525 2512 2616 βασιλέω
2559 2523 2698 2609 (sic)
2748 2526 2808 2588 R·
2853 2522 3159 2610 Σελέν(η).

782 2627 890 2691 Ex
935 2625 1280 2713 Cleopatra
1322 2628 1411 2695 M.
1460 2628 1782 2693 Antonius
1840 2628 2080 2693 liberos
2139 2628 2445 2713 gemellos
2494 2628 2641 2693 tulit
2681 2625 3131 2693 Alexandrum
3179 2634 3243 2688 et

653 2729 1101 2816 Cleopatram,
1162 2740 1505 2816 postquam
1550 2754 1609 2796 a.
1656 2732 1849 2797 37l36
1899 2732 2194 2816 reginam
2250 2734 2318 2796 in
2364 2731 2621 2817 Syriam
2666 2728 3046 2794 advocatam
3097 2726 3238 2791 loco

653 2835 862 2898 iustae
904 2833 1125 2897 uxoris
1167 2831 1405 2898 habere
1435 2835 1647 2920 coepit
1675 2833 2012 2902 Plutarch.
2044 2834 2280 2900 Anton.
2313 2839 2396 2899 36
2410 2854 2431 2913 ,·
2472 2833 2604 2898 Dio
2632 2838 2733 2909 49,
2761 2837 2850 2898 32
2877 2834 2992 2897 sub
3025 2853 3087 2898 a.
3120 2835 3241 2896 718

652 2964 738 2989 ---
763 2940 848 3001 36
889 2941 1302 3023 προληπτικῶς
1339 2937 1410 3000 in
1451 2937 1811 3001 universum
1854 2936 1930 3002 de
1976 2937 2194 3002 liberis
2221 2936 2496 3002 Antonii
2539 2939 2599 3000 et
2642 2934 3019 3017 Cleopatrae
3062 2936 3123 2999 et
3165 2933 3239 2998 de

653 3039 865 3121 reynis
921 3038 1006 3102 iis
1064 3039 1392 3103 attributis
1450 3040 1604 3121 ayit.
1693 3039 1784 3103 Vt
1825 3038 2154 3104 Antonius
2198 3038 2575 3106 Alexandro
2620 3060 2854 3102 nomen
2902 3036 3101 3119 Solis,
3149 3038 3240 3100 ita

656 3140 1038 3226 Cleopatrae
1084 3140 1348 3206 Selenes
1392 3140 1626 3206 indidit
1659 3140 1998 3209 Plutarch.
2046 3143 2086 3208 l.
2134 3141 2197 3219 l.,
2243 3141 2376 3207 Dio
2418 3146 2516 3223 51,
2564 3145 2650 3208 21
2664 3161 2685 3219 ,·
2731 3139 2963 3206 Selene
3008 3139 3241 3204 dicitur

650 3245 721 3308 in
774 3264 1026 3309 nwnmo
1078 3247 1260 3310 102α
1317 3243 1396 3327 (υ.
1442 3241 1685 3326 supra),
1745 3243 2000 3311 Sueton.
2047 3244 2252 3327 Caliy.
2296 3250 2401 3321 26,
2461 3244 2696 3310 Euseb.
2746 3264 2982 3311 armen.
3037 3241 3125 3307 ad
3179 3262 3238 3305 a.

652 3346 816 3413 Abr.
862 3350 1024 3411 1990
1078 3347 1158 3429 cf.
1202 3345 1469 3429 Syncell.
1517 3369 1589 3429 Ρ.
1630 3350 1773 3424 588,
1835 3347 2203 3431 ffi‘eronym.
2250 3351 2417 3413 1988
2461 3347 2725 3430 (Luna),
2786 3343 3026 3411 Suidas
3084 3361 3136 3409 3.
3181 3364 3236 3407 v.

653 3448 845 3537 Ἰόβας
882 3449 934 3513 Ι
965 3454 1014 3514 2
1042 3471 1115 3532 Ρ.
1145 3453 1264 3514 999
1308 3449 1403 3513 ed.
1448 3448 1852 3533 Bernhardy.

781 3551 953 3616 Nata
997 3561 1096 3615 est
1137 3552 1338 3635 igitur
1376 3574 1434 3619 a.
1479 3552 1693 3618 36l35.
1779 3551 1971 3617 Anno
2017 3552 2103 3616 34
2146 3560 2331 3638 pater
2375 3553 2435 3615 ei
2490 3572 2763 3635 regnum
2807 3549 3238 3635 Cyrenaicum

655 3653 1006 3719 destinavit
1033 3653 1166 3718 Dio
1196 3659 1296 3732 49,
1328 3659 1426 3721 41.
1513 3654 1619 3720 Ab
1664 3654 1964 3738 Augusto
2009 3677 2068 3719 a.
2114 3655 2197 3719 29
2241 3656 2306 3718 in
2354 3653 2681 3740 triumpho
2727 3652 2923 3719 ducta
2967 3663 3067 3717 est
3108 3650 3241 3716 Dio

653 3762 753 3835 51,
798 3763 918 3833 21,
965 3756 1734 3841 Εαεεόἱαε-Εῗενοηψηαε
1780 3758 1819 3822 l.
1868 3757 1909 3823 l.
1995 3757 2332 3841 Augustus
2396 3779 2535 3822 eam
2579 3757 2781 3823 Iubae
2825 3758 2960 3839 regi
2978 3805 2994 3838 ,
3048 3777 3237 3841 quem

656 3882 857 3944 regno
880 3857 1123 3925 Bocchi
1147 3857 1521 3943 donaverat,
1548 3860 1616 3924 in
1649 3861 2131 3925 matrimonium
2154 3859 2499 3925 collocavit
2521 3859 2854 3927 Plutarch.
2872 3858 3093 3924 Anton
3136 3861 3239 3933 87,

656 3962 791 4028 Dio
830 3966 945 4039 51,
992 3964 1074 4026 15
1119 3961 1202 4043 cf.
1250 3960 1506 4029 Sueton.
1550 3960 1688 4027 Cal.
1738 3968 1846 4040 26,
1896 3962 2136 4027 Strabo
2181 3967 2281 4039 17,
2323 3966 2385 4039 3,
2434 3967 2478 4026 7
2504 3984 2577 4045 Ρ.
2616 3966 2776 4041 828,
2835 3960 3070 4028 Suidas
3110 3959 3149 4024 l.
3198 3958 3239 4024 l.

658 4065 799 4147 (ubi
824 4084 1169 4147 perperam
1213 4062 1446 4128 dicitwr
1491 4062 1874 4150 Cleopatrae
1920 4075 1986 4129 et
2030 4064 2105 4132 C.
2152 4063 2449 4130 Caesaris
2493 4064 2691 4149 filia).·‚
2743 4065 2811 4128 in
2869 4062 3242 4145 coniugium

657 4168 915 4252 scripsit
944 4165 1334 4249 Crinagoras
1364 4166 1562 4250 epiyr.
1584 4167 1783 4234 Anth.
1804 4188 2017 4250 yraec.
2044 4171 2101 4245 9,
2126 4171 2270 4233 235.
2319 4168 2617 4251 Regnum
2639 4166 2882 4232 Bocchi
2906 4165 3241 4248 Augustus

655 4269 858 4336 Iubae
902 4292 957 4337 a.
1008 4270 1132 4335 729
1177 4299 1257 4323 =
1298 4271 1379 4334 25
1421 4268 1602 4334 dedit
1643 4269 1778 4335 Dio
1820 4273 1920 4347 53,
1967 4275 2072 4354 26,
2139 4269 2288 4334 inde
2333 4293 2373 4334 a
2417 4292 2545 4355 quo
2600 4291 2771 4334 anno
2831 4268 2996 4334 Iuba
3039 4289 3240 4331 annos

656 4373 840 4455 regni
907 4372 1303 4455 numeravit,
1363 4375 1436 4436 ut
1493 4372 1715 4437 docent
1768 4374 2013 4437 nummi
2069 4374 2150 4455 cf.
2201 4373 2445 4437 Miiller
2487 4372 2581 4438 II
2613 4395 2687 4456 Ρ.
2733 4376 2855 4438 115
2868 4391 2890 4449 ,·
2952 4390 3243 4435 nummus

657 4476 861 4541 Iubae
906 4479 965 4539 ct
1010 4473 1391 4557 Cleopatrae
1424 4496 1487 4539 n.
1519 4480 1608 4539 87
1647 4476 1716 4541 in
1748 4496 1975 4540 aversa
2020 4481 2211 4559 caput
2240 4473 2628 4558 Cleopatrae
2670 4480 2730 4539 ct
2770 4474 3243 4557 inscriptionem

652 4577 928 4644 nominis
985 4576 1247 4654 exhibet,
1308 4578 1379 4641 in
1436 4577 1704 4643 adversa
1760 4580 2105 4661 inscriptus
2158 4583 2249 4644 est
2306 4580 2449 4644 Rex
2503 4576 2678 4659 ‚Iuba
2734 4580 2905 4661 regis
2965 4575 3150 4641 Iubai
3197 4575 3238 4641 f.

657 4680 898 4765 r(egni)
945 4681 1172 4765 a(nno)
1212 4681 1326 4763 VI,
1387 4679 1554 4745 unde
1611 4681 1747 4745 veri
1801 4681 2009 4746 simile
2063 4682 2141 4765 fit
2182 4681 2416 4746 Iubam
2467 4703 2607 4746 eam
2651 4682 2827 4746 circa
2868 4679 2940 4744 id
2985 4685 3239 4762 tempus,

655 4783 729 4848 id
769 4786 861 4847 est
904 4804 964 4847 a.
1010 4784 1146 4865 fere
1186 4787 1275 4849 20
1315 4804 1577 4849 uxorem
1622 4783 1887 4849 duxisse.
1959 4784 2228 4849 Mortua
2258 4788 2349 4848 est
2378 4788 2526 4849 ante
2557 4804 2794 4848 annum
2822 4786 2863 4847 5
2893 4804 2954 4846 a.
2990 4780 3076 4858 0.,
3122 4802 3243 4863 quo

657 4886 794 4968 fere
846 4885 1017 4950 Iuba
1070 4884 1468 4970 Glaphyram
1525 4885 1782 4951 viduam
1839 4885 2205 4951 Alexandri
2251 4886 2532 4952 Herodis
2587 4886 2716 4970 filii
2771 4885 2963 4951 occisi
3005 4905 3064 4949 a.
3111 4884 3244 4964 fere

658 4993 703 5052 7
742 5009 801 5052 a.
851 4985 919 5053 C.
961 4987 1040 5071 (v.
1079 5008 1279 5072 supra
1320 4988 1386 5053 A
1420 4988 1565 5072 361)
1608 4989 1681 5053 in
1721 4990 2197 5053 matrimonium
2239 4988 2421 5054 duxit
2463 4988 2708 5072 Ioseph.
2757 4992 2888 5052 ant.
2920 4991 3020 5063 17,
3053 4991 3149 5062 13,
3182 4991 3239 5063 1,

660 5089 801 5156 bell.
847 5096 912 5167 2,
964 5095 1018 5167 7,
1063 5096 1123 5155 4.
1198 5091 1426 5173 Itaque
1468 5112 1758 5156 nummus
1799 5092 2005 5157 Iubae
2052 5112 2116 5157 n.
2161 5094 2264 5169 88,
2325 5092 2436 5174 qui
2488 5092 2558 5156 in
2617 5110 2842 5156 aversa
2900 5088 3244 5171 inscriptus

656 5193 893 5280 R(egni
938 5193 1137 5279 anno)
1182 5193 1422 5261 XXXI
1465 5199 1658 5283 caput
1696 5194 2002 5265 muliebre
2046 5192 2474 5261 diadematum
2516 5193 2794 5270 exhibet,
2852 5190 3022 5281 quod
3061 5188 3241 5259 Cleo-
