3859 5992
558 492 927 565 Anumrvs
1863 496 1989 561 136
2907 502 3280 560 ARM1N1vs

689 705 1087 791 totidemque
1116 703 1233 768 alis
1266 713 1332 768 et
1371 726 1489 767 sex
1521 702 1895 768 cohortibus
1926 704 2441 766 circumventum
2478 700 2973 766 trucidaverunt
3015 699 3285 767 Velleius

684 813 752 885 2,
806 813 1117 883 117-119‚
1171 805 1306 872 Dio
1356 810 1454 882 56,
1498 810 1758 882 18-22,
1812 805 2061 869 Florus
2096 811 2162 880 2,
2199 808 2283 869 30
2328 806 2411 887 cf.
2461 804 2682 872 strab.
2731 809 2788 881 7,
2834 809 2891 881 1,
2936 809 2978 868 4
3009 827 3081 887 p.
3126 807 3277 882 291,

697 912 845 976 Tac.
901 933 960 975 a.
1014 915 1087 986 1,
1139 914 1239 975 55.
1290 914 1393 975 59.
1444 914 1566 987 62‚·
1614 912 1694 986 2,
1740 912 1843 971 88.
1950 905 2289 972 Boiocalus
2349 905 2915 991 Ampsivariorum
2980 909 3282 993 princeps

691 1012 1045 1079 rebellione
1092 1011 1429 1078 Cherusca
1473 1013 1654 1076 iussu
1700 1008 1982 1074 Arminii
2027 1010 2284 1073 vinctus
2337 1011 2483 1076 Tac.
2534 1032 2592 1078 a.
2639 1015 2738 1087 13,
2770 1014 2869 1077 55.
2959 1013 3153 1074 Anno
3202 1012 3281 1075 14

690 1126 920 1181 contra
971 1116 1432 1183 Germanicum
1478 1125 1543 1179 et
1584 1114 1667 1179 A.
1717 1112 2067 1179 Caecinam
2110 1114 2427 1198 pugnavit
2480 1113 2626 1177 Tac.
2676 1135 2735 1180 a.
2781 1118 2839 1190 1,
2884 1117 3135 1191 55-68;
3179 1137 3280 1177 res

688 1221 773 1285 ab
836 1242 909 1283 eo
969 1241 1138 1284 anno
1189 1219 1269 1283 lo
1329 1227 1556 1283 contra
1610 1218 1938 1283 Romanos
1998 1224 2218 1298 gestae
2277 1216 2405 1280 ibd.
2464 1221 2545 1292 2,
2598 1220 2657 1280 9.
2720 1221 2817 1293 10,
2873 1222 3112 1282 12-17.
3171 1221 3279 1282 21.

689 1321 883 1388 Anno
934 1323 1010 1388 17
1058 1343 1202 1386 cum
1246 1320 1594 1387 Cheruscis
1656 1328 1882 1384 contra
1924 1317 2404 1383 Maroboduum
2450 1339 2669 1401 regem
2717 1319 3281 1385 Marcomanorum

689 1447 873 1491 arma
930 1425 1233 1510 sumpsit,
1297 1447 1332 1488 e
1378 1425 1560 1488 cuius
1607 1444 1808 1506 regno
1856 1422 2114 1487 Suebae
2156 1430 2415 1504 genteS,
2479 1422 2832 1486 Semnones
2893 1445 2968 1486 ac
3026 1423 3279 1505 Longo-

691 1527 878 1593 bardi
938 1527 1024 1591 ad
1082 1549 1228 1591 eum
1294 1525 1622 1608 defecer03
1691 1547 1926 1608 magno
1982 1522 2228 1611 proelio
2288 1523 2593 1607 ambiguo
2654 1534 2894 1589 eventu
2955 1525 3281 1611 utrimque

688 1639 1007 1694 certatum
1053 1639 1152 1694 est
1196 1629 1324 1696 ibd.
1355 1633 1419 1706 2,
1451 1634 1683 1694 44-46.
1759 1628 2096 1693 Arminius
2141 1626 2642 1693 abscedentibus
2686 1627 2995 1692 Romanis
3042 1626 3201 1706 (scil.
3250 1652 3282 1694 c

686 1733 1039 1798 Ger-mania
1077 1731 1598 1816 Transrhenana)
1645 1741 1710 1796 et
1753 1730 1938 1816 pulso
1969 1729 2374 1795 Maroboduo
2417 1751 2692 1814 regnum
2735 1731 3047 1795 affectans
3093 1730 3283 1795 liber·

692 1845 887 1900 tatem
937 1833 1344 1921 popularium
1388 1834 1730 1899 adversam
1777 1833 2029 1916 habuit,
2079 1835 2454 1919 petitusque
2496 1835 2692 1898 armis
2733 1856 2880 1898 cum
2924 1835 3110 1898 varia
3154 1834 3281 1898 for·

690 1948 850 2003 tuna
894 1947 1192 2020 certaret,
1240 1936 1388 2001 dolo
1435 1937 1946 2023 propinquorum
1993 1934 2261 2017 cecidit,
2309 1934 2617 2001 liberator
2661 1934 2835 1999 haud
2881 1935 3082 2001 dubie
3121 1938 3280 2003 Ger·

689 2042 946 2105 maniae
994 2049 1058 2105 et
1086 2041 1197 2125 qui
1237 2063 1365 2104 non
1396 2040 1751 2126 prImordia
1783 2037 2002 2125 populi
2036 2040 2330 2121 Romani,
2378 2040 2546 2102 sieut
2573 2037 2683 2103 alii
2716 2061 2901 2122 reges
2933 2038 3278 2124 ducesque,

689 2144 801 2208 sed
845 2143 1366 2208 florentissimum
1415 2144 1752 2228 imperium
1797 2142 2171 2223 lacessierit,
2219 2140 2481 2226 proeliis
2527 2140 2890 2225 ambiguus,
2938 2141 3105 2207 bello
3153 2165 3279 2207 non

691 2248 939 2329 victus3
991 2256 1233 2332 septem
1296 2255 1361 2311 et
1406 2246 1674 2328 triginta
1716 2267 1918 2308 annos
1964 2246 2169 2327 vitae,
2233 2244 2575 2309 duodecim
2619 2247 2946 2329 potentiae
2992 2246 3283 2332 explevit

691 2351 1079 2436 caniturque
1124 2349 1336 2414 adhuc
1381 2349 1695 2414 barbaras
1742 2347 1916 2433 apud
1960 2359 2190 2431 gentes
2243 2349 2389 2413 Tac.
2438 2370 2498 2413 a.
2543 2353 2608 2425 2,
2639 2352 2742 2414 88.

833 2454 1090 2519 Occisus
1130 2474 1275 2534 cryc
1320 2452 1567 2516 videtur
1611 2453 1785 2516 circa
1817 2473 2055 2515 annum
2082 2456 2183 2527 19,
2230 2452 2345 2516 sub
2377 2473 2496 2533 quo
2528 2474 2695 2517 anno
2735 2453 2993 2518 Tacitus
3022 2460 3281 2519 veerte-m

693 2560 1027 2638 memorat,
1087 2577 1468 2637 quamquam
1528 2559 1826 2619 accurate
1885 2555 1955 2617 in
2002 2553 2180 2617 illum
2223 2555 2426 2636 ipsum
2475 2576 2712 2619 annum
2757 2557 2979 2621 cadere
3022 2563 3282 2622 mortem

693 2659 832 2724 idco
862 2680 989 2740 pro
1033 2663 1198 2722 certo
1233 2659 1398 2740 poni
1438 2659 1671 2739 nequit,
1727 2657 1892 2739 quod
1943 2656 2218 2733 Tacitus,
2278 2662 2611 2739 postquam
2654 2661 2958 2740 reperisse
2998 2682 3064 2724 sc
3110 2661 3285 2744 apud

693 2763 1034 2843 scriptores
1081 2765 1424 2843 teneporum
1478 2760 1722 2824 Tiberii
1763 2759 2307 2842 Astyandcstrium
2339 2761 2700 2843 principem
2754 2762 3134 2827 Chattorum
3179 2765 3281 2828 lit-

696 2865 845 2929 teris
891 2863 979 2927 ad
1029 2864 1348 2927 Tiberium
1395 2862 1564 2927 datis
1608 2884 1864 2945 operam
1906 2883 2089 2926 suam
2135 2862 2223 2926 ad
2263 2862 2629 2927 Arminium
2671 2886 2900 2930 vimmo
2947 2866 3283 2932 tollendum

692 2968 943 3049 frustra
988 2965 1282 3030 olitulissc
1317 2965 1578 3037 rettulit,
1619 2966 1888 3048 cloyium
1919 2965 2082 3029 illud
2110 2965 2401 3030 Arminii
2440 2968 2627 3047 quasi
2671 2968 3076 3049 appendicem
3120 2971 3281 3036 libro

691 3068 959 3133 secundo
1021 3068 1352 3132 annalium
1413 3068 1611 3133 addit.
1699 3068 1881 3149 Quod
1944 3072 2153 3132 autem
2208 3069 2337 3131 riri
2393 3069 2563 3133 docti
2602 3070 2864 3151 quida-m
2912 3071 3281 3137 ‘duodecim

691 3172 1017 3257 potentiae
1055 3181 1281 3235 annos‘
1310 3170 1600 3234 Arminii
1638 3191 1882 3235 necesse
1926 3192 2056 3235 cssc
2101 3173 2459 3253 computari
2499 3172 2645 3236 indc
2693 3195 2735 3237 a
2778 3174 2956 3239 clade
2994 3176 3283 3241 Variana

694 3274 1023 3351 diaeo-unt,
1087 3296 1129 3337 a
1185 3296 1332 3339 vero
1389 3274 1767 3352 abhorreri&
1825 3295 1979 3337 nam
2039 3275 2503 3355 conferentibus
2558 3276 2741 3340 uobis
2799 3298 2960 3358 quac
3027 3280 3282 3344 Tacitus

694 3400 754 3444 a.
787 3382 885 3453 11,
919 3382 1000 3442 16
1041 3379 1239 3459 refert
1301 3376 1552 3441 ‘eodem
1612 3400 1782 3442 anno
1828 3375 1939 3456 (z
1974 3381 2062 3441 47
2089 3399 2162 3458 p.
2194 3375 2288 3461 G.)
2336 3376 2812 3443 Cheruscorum
2855 3401 3016 3464 gens
3061 3404 3279 3464 regem

694 3481 937 3545 Romae
967 3482 1204 3566 petivit
1233 3480 1488 3544 amissis
1519 3503 1636 3565 per
1666 3482 1920 3544 interna
1955 3478 2120 3543 bella
2150 3478 2475 3544 nobilibus
2513 3491 2578 3545 et
2610 3504 2736 3546 uno
2770 3482 3017 3568 reliquo
3063 3486 3282 3570 stirpis

694 3585 929 3667 regiae,
978 3585 1092 3669 qui
1146 3583 1321 3669 apud
1377 3583 1600 3648 urbem
1649 3582 2028 3664 habebatur,
2078 3584 2336 3646 nomine
2382 3581 2681 3666 Italicus3
2745 3595 3086 3669 paternum
3132 3586 3282 3652 huic

691 3708 897 3769 genus
958 3709 994 3749 e
1059 3685 1259 3751 Flavo
1320 3685 1521 3751 fratre
1575 3684 1879 3751 Arminii'
1915 3723 2000 3730 —
2032 3723 2117 3730 —-
2161 3691 2397 3750 certum
2440 3686 2687 3750 ridetur
2739 3687 3027 3752 Tacitum
3060 3691 3284 3772 priore

696 3789 826 3853 loco
872 3789 945 3853 dc
977 3791 1356 3872 principatu
1399 3789 1671 3871 quodam
1713 3788 2100 3853 hereditario
2157 3789 2380 3870 stirpis
2436 3790 2649 3869 rcyiac
2707 3792 3011 3873 coqitassc
3027 3842 3043 3869 ,
3103 3814 3284 3875 quem

693 3889 1031 3955 Arminius
1061 3896 1256 3973 patre
1299 3895 1545 3955 mortuo
1592 3890 1767 3971 apud
1818 3889 2174 3953 Chcmscos
2218 3891 2540 3955 obtineret.

823 3992 1032 4057 Mater
1061 3994 1340 4057 Arminii
1387 3997 1458 4056 ut
1493 3994 1638 4055 viva
1666 4014 1726 4059 a.
1763 3996 1841 4057 16
1869 3997 2255 4057 memoratur
2293 3993 2440 4057 Tac.
2474 4015 2534 4060 α.
2566 4000 2631 4071 2,
2668 4000 2785 4074 1(),·
2830 3996 3029 4061 frater
3052 4019 3284 4081 cogno-

698 4105 912 4160 mento
975 4095 1219 4159 Flavus
1265 4095 1393 4159 ilict.
1436 4102 1501 4172 2,
1535 4102 1594 4159 9.
1628 4101 1744 4173 10,·
1788 4100 1886 4173 11,
1920 4101 2020 4160 16.
2051 4101 2137 4159 17
2146 4116 2166 4173 ‚·
2223 4096 2676 4179 Inguiomerus
2730 4109 2998 4183 patruus
3046 4102 3173 4167 ibcl.
3220 4108 3277 4179 1,

695 4206 812 4277 60;
854 4206 920 4274 2,
952 4202 1067 4275 45,·
1114 4220 1282 4261 uxor
1312 4197 1689 4263 Thusnelda
1720 4199 2007 4281 Segestis
2030 4198 2507 4264 Cheruscorum
2539 4202 2850 4287 principis
2881 4202 3015 4268 filia
3046 4204 3282 4269 Strabo

697 4308 754 4378 7,
785 4307 858 4378 1,
890 4306 931 4366 4
976 4324 1048 4383 p.
1085 4305 1255 4377 292,
1319 4324 1512 4385 quam
1571 4300 1679 4365 alii
1743 4311 1999 4387 pactam
2062 4301 2397 4366 Arminius
2456 4314 2761 4388 rapuerat
2813 4304 2959 4370 Tac,
3008 4329 3069 4371 a.
3114 4313 3173 4385 1,
3203 4314 3283 4372 55

691 4406 942 4471 nornine
971 4405 1216 4469 omisso,
1274 4408 1670 4486 Quamquam
1709 4405 1967 4469 Tacitus
1999 4427 2056 4472 a.
2084 4413 2149 4481 2,
2173 4410 2256 4470 58
2288 4406 2601 4489 ιδ’(ῃεείωη
2635 4408 2810 4489 apud
2833 4408 3284 4474 Germanicum

696 4508 998 4572 (licentem
1043 4508 1206 4590 facit
1251 4518 1430 4589 ‘ergo
1477 4517 1802 4593 raptorem
1847 4508 2019 4572 filiae
2078 4530 2259 4571 meae
2306 4507 2684 4573 violatorem
2743 4509 3022 4575 foederis
3084 4514 3281 4577 vestri

693 4610 1058 4676 Arminium
1089 4609 1265 4696 apud
1295 4610 1562 4691 Varum,
1598 4612 1707 4697 qui
1742 4621 1880 4675 tum
1913 4610 2230 4674 exercitui
2263 4611 2695 4697 praesidebat,
2740 4634 2924 4677 reum
2970 4614 3141 4697 feci',
3190 4617 3284 4679 ita
3344 4608 3349 4613 ⁴

693 4718 764 4778 ut
785 4713 1121 4777 Arminius
1153 4713 1588 4777 Thusneldam
1612 4719 1757 4777 ante
1782 4713 2023 4778 cladem
2056 4713 2407 4777 Varianam
2432 4716 2723 4797 rapuisse
2748 4716 3051 4793 videatur,
3076 4722 3286 4781 tamen

693 4838 771 4881 nc
813 4816 1003 4879 nimis
1050 4818 1335 4881 oratioue
1380 4839 1456 4881 ca
1497 4817 1800 4893 nitamur,
1847 4821 2097 4881 monent
2142 4838 2300 4898 quac
2330 4817 2725 4898 praecedunt
2750 4820 2817 4881 in
2852 4820 2992 4902 ipsa
3022 4841 3286 4884 cnarra-

697 4919 864 4982 tionc
918 4918 1127 4982 Taciti
1154 4941 1204 4983 c.
1234 4924 1349 4984 55.-
1399 4920 1641 4983 ‘Varus
1687 4919 1818 4983 fato
1865 4930 1928 4984 et
1972 4919 2038 4983 vi
2071 4919 2350 4984 Arminii
2385 4920 2653 5002 cecidit3
2701 4921 3018 5004 Segestes,
3065 4944 3285 5007 quam-

695 5044 890 5108 quam
954 5044 1272 5086 consensu
1330 5025 1544 5105 gentis
1606 5024 1671 5085 in
1731 5021 1971 5087 bellum
2018 5032 2262 5087 tractus
2307 5023 2568 5106 (scilioet
2620 5018 2787 5105 quod
2841 5026 2970 5107 suit
3014 5025 3156 5089 inde
3202 5026 3282 5089 ab

696 5146 862 5191 anno
907 5122 972 5208 9)
1021 5123 1270 5189 discors
1317 5125 1623 5191 manebat
1667 5126 1873 5191 auctis
1920 5127 2225 5211 privatim
2272 5126 2455 5209 odiis,
2500 5125 2675 5212 quod
2706 5126 3038 5191 Arminius
3082 5126 3283 5196 filiam
