3859 5992
577 535 949 623 CLAVDIVs
1869 530 1995 595 347
2919 540 3293 595 CLAVDIVS

705 731 1046 799 Claudium
1089 735 1420 800 Iulianum
1464 735 1776 801 consulem
1828 758 1890 801 a.
1935 739 2078 802 222
2121 741 2164 801 t.
2210 736 2543 801 rettulerat
2586 735 2904 818 Boryhesi
2944 742 3003 802 et
3045 738 3295 821 suffle-

705 842 884 902 verat
927 836 1283 921 [Iuli]anuS,
1340 839 1507 921 Quod
1562 839 1726 920 ferri
1770 860 1963 922 posse
2002 844 2276 923 propter
2332 845 2599 905 metrum
2646 840 2901 922 neyavit
2960 839 3293 919 Bucheler,

703 961 899 1021 neque
953 945 1136 1006 certe,
1175 963 1252 1005 ex
1311 943 1517 1007 verbis
1580 943 1922 1027 progenies
1984 941 2358 1027 Appiadum
2424 941 2744 1025 eolliqitur
2807 941 2953 1007 huic
3015 942 3295 1010 Claudio

703 1043 903 1123 fuisse
951 1064 1346 1125 praenomen
1402 1045 1705 1128 Appium.
1791 1045 1993 1109 Immo
2051 1044 2146 1110 vel
2205 1045 2406 1127 quivis
2458 1043 2775 1109 Claudius
2816 1044 3007 1129 ‘homo
3063 1047 3299 1111 nobilis

705 1147 937 1209 aetatis
989 1147 1441 1230 imperatoriae
1491 1147 1742 1212 eredere
1783 1148 1876 1213 vel
1919 1149 2157 1231 finyere
2202 1148 2418 1231 potuit
2462 1166 2529 1211 se
2583 1168 2658 1211 ex
2701 1148 2938 1229 Appiis
2993 1147 3297 1213 Claudiis

707 1246 836 1311 illis
866 1250 1145 1331 antiquis
1177 1252 1481 1333 mqimm
1512 1250 1749 1318 ducere.
1811 1251 2041 1333 Itaque
2076 1251 2383 1316 incertum
2420 1255 2528 1326 est,
2561 1252 2701 1332 quis
2729 1250 2927 1331 fuerit
2951 1250 3053 1315 hic
3081 1251 3298 1315 consul

708 1350 1095 1417 ordinm-ius.

579 1451 705 1515 623
752 1451 1084 1536 Claudiae,
1133 1456 1494 1520 avunculus
1526 1455 1820 1521 Helvidii
1853 1457 2059 1520 Prisci
2093 1457 2315 1539 generi
2347 1455 2679 1521 Thraseae
2710 1456 2893 1521 Paeti
2926 1468 2998 1522 ut
3040 1456 3297 1521 videtur

706 1554 896 1624 schol.
944 1555 1167 1623 Vallae
1211 1558 1300 1623 ad
1340 1558 1622 1624 Juvenal.
1655 1565 1714 1637 5,
1744 1563 1826 1623 36
1870 1559 2005 1625 loco
2047 1580 2177 1624 non
2220 1559 2381 1623 satis
2412 1560 2773 1642 perspicua

584 1656 711 1720 624
758 1655 1085 1741 Claudius,
1133 1662 1241 1725 cui
1273 1660 1462 1726 divus
1495 1661 1652 1725 Pius
1697 1663 2031 1747 rescripsit
2057 1660 2140 1726 de
2184 1683 2394 1748 poena
2421 1683 2662 1742 eorum,
2698 1662 2809 1746 qui
2842 1661 3014 1747 apud
3049 1661 3296 1726 iudices

710 1760 1138 1828 instrumenta
1168 1763 1596 1850 protulerunt,
1630 1786 1797 1850 quae
1830 1764 2094 1850 probari
2142 1786 2273 1828 non
2318 1766 2568 1850 possint
2605 1763 3020 1830 Callistratus
3048 1762 3292 1848 Diyest.

704 1867 805 1938 48,
838 1868 940 1942 10,
968 1870 1071 1930 31.
1149 1865 1586 1949 Mayistratus
1625 1867 1721 1932 vel
1751 1886 2020 1949 praeses
2060 1866 2325 1934 videtur.

584 1965 711 2031 625
758 1964 1091 2046 Claudius,
1137 1968 1301 2033 latro
1342 1981 1553 2033 aetate
1586 1970 1883 2056 Septimii
1916 1970 2163 2052 Severi,
2203 1971 2315 2055 qui
2348 1969 2656 2035 Iudaeam
2702 1979 2767 2034 et
2812 1969 3069 2055 Syriam
3113 1992 3295 2055 prae-

711 2066 1007 2153 dabatur,
1041 2093 1437 2158 quamquam
1470 2072 1758 2138 studiose
1790 2074 2174 2158 exquisitae,
2210 2093 2542 2157 nunquam
2573 2082 2799 2157 captus
2830 2082 2928 2137 est
2948 2071 3082 2137 Dio
3109 2075 3205 2147 75,
3230 2077 3299 2150 2,

582 2169 708 2235 626
755 2171 1087 2237 Claudius.
1169 2174 1563 2258 Elagabalus
1608 2174 1764 2240 fecit
1808 2175 2204 2260 praefectum
2249 2196 2545 2239 annonae
2582 2172 2928 2240 Claudium
2974 2184 3298 2238 tonsorem

707 2274 816 2341 vit.
850 2274 1126 2359 Elayab.
1161 2282 1268 2353 12,
1301 2283 1339 2341 1
1385 2278 1747 2359 (censorem
1793 2276 2124 2359 traditur).

580 2374 705 2438 627
751 2386 867 2440 AP.
918 2387 1320 2462 CLAVDIVS,
1379 2379 1636 2445 adulter
1679 2379 1890 2446 Iuliae
1934 2380 2020 2445 ab
2066 2380 2361 2462 Augusto
2412 2380 2678 2465 punitus
2732 2378 2999 2444 Velleius
3040 2384 3107 2455 2,
3155 2384 3296 2446 100.

712 2476 1022 2545 Fortasse
1059 2481 1218 2545 idem
1253 2488 1642 2548 memoratur
1669 2485 1738 2548 in
1768 2489 1809 2550 t.
1843 2482 2157 2547 Claudiae
2188 2482 2359 2568 Appi
2390 2481 2664 2547 libertae
2693 2483 2953 2547 Primae
2992 2481 3093 2546 VI
3111 2486 3298 2546 4378.

583 2580 706 2644 628
753 2589 896 2647 ΤΙΒ.
966 2583 1358 2667 CL[AVD1VS
1375 2585 1453 2670 ?]‚
1520 2585 1668 2670 [leg.
1729 2585 1877 2670 leg.]
1937 2586 2109 2651 xm
2168 2586 2542 2667 G(eminae)
2605 2585 2720 2650 sub
2787 2584 3160 2661 Hadriano,
3227 2587 3300 2648 ut

706 2684 952 2749 videtur
994 2687 1130 2752 III
1156 2693 1278 2753 953
1322 2694 1363 2754 t.
1411 2689 1697 2754 Dacicus
1739 2688 2018 2753 mutilus.

605 2823 690 2831 —
754 2797 906 2854 ΙΜΡ.
955 2799 1251 2855 CAESAR
1291 2803 1371 2857 M.
1417 2801 1791 2856 AVRELIVS
1838 2800 2209 2855 CLAVDIVS
2256 2799 2662 2855 AVGVSTVS.

607 2926 689 2933 -—
755 2890 845 2957 M.
891 2892 1256 2975 Aur(elius)
1304 2894 1684 2978 [Cl]audius,

586 2993 712 3056 629
758 2996 1162 3075 CL(AVDIVS
1177 2998 1235 3077 ⁴2)
1279 3010 1329 3059 A
1357 3048 1370 3061 .
1402 3048 1415 3061 .
1441 3048 1457 3063 .
1486 3047 1500 3063 .
1547 2997 2076 3081 N[AT]ALIANVS
2106 3001 2492 3062 memoratur
2520 2998 2590 3061 in
2620 3000 2663 3060 t.
2697 2995 3051 3078 Bulyarieo
3074 3016 3299 3077 yraece

712 3098 950 3180 scripto
973 3098 2009 3183 Archaoloyisch-Epiyraphische
2035 3097 2528 3180 Mittheilunyen
2557 3118 2676 3163 aus
2709 3097 3096 3164 Oesterreich
3127 3101 3301 3162 1892

709 3221 781 3281 p.
812 3205 940 3266 211
984 3222 1045 3268 n.
1078 3208 1178 3280 86,
1224 3224 1404 3284 quem
1436 3205 1657 3286 posuit
1689 3205 1911 3268 civitas
1946 3201 2280 3284 M'copolis
2311 3201 2398 3265 ad
2426 3202 2665 3266 Istrum
2709 3202 3082 3283 imperatori
3124 3201 3302 3263 euius

714 3324 939 3368 nomen
981 3325 1233 3369 erasum
1275 3311 1382 3382 est,
1431 3308 1825 3376 ὑπατεύοντος
1867 3312 2100 3372 ΚΛΙΑν,
2148 3311 2535 3368 ΝΙΙΑΛΙΑΝυΥ
2578 3306 2784 3390 πρεσβ.
2825 3304 3004 3390 Σεββ.
3050 3306 3301 3386 ἀντιστρ.

712 3404 816 3469 De
857 3408 1108 3471 nomme
1147 3408 1469 3490 ,qentilicio
1498 3408 1595 3473 vel
1621 3409 1983 3473 nominibus
2012 3428 2139 3471 non
2170 3412 2412 3471 constat
2439 3428 2636 3488 neque
2666 3412 2902 3472 certum
2933 3411 3041 3481 est,
3086 3410 3301 3469 utrum

708 3513 943 3590 quarta
1001 3509 1219 3574 littera
1276 3512 1357 3575 ab
1417 3512 1601 3576 initio
1661 3512 1859 3593 fuerit
1903 3517 1945 3573 N
1990 3531 2075 3574 an
2112 3518 2167 3572 Υ.
2214 3547 2292 3555 -
2348 3509 2635 3592 Legatus
2679 3508 3122 3590 Augustorum
3180 3529 3297 3592 pro

715 3622 1010 3696 praetore
1055 3613 1430 3698 provinciae
1475 3613 1791 3677 Thraciae
1839 3613 1934 3679 tit.

586 3715 711 3776 630
757 3716 1186 3793 CL(AVDIVS)
1231 3725 1527 3780 ACILIVS
1570 3725 2027 3800 CLEOBOLES,
2070 3715 2241 3780 filius
2286 3714 2435 3779 Tib.
2476 3712 2730 3779 Claudii
2778 3710 3101 3777 Cleobolis
3148 3733 3296 3794 coa,

715 3818 983 3881 maritus
1040 3817 1291 3883 Aciliae
1349 3817 1715 3899 Manliolae‚
1773 3839 1975 3901 gener
2029 3818 2144 3883 M.’
2195 3817 2387 3882 Acilii
2446 3817 2738 3881 Faustini
2801 3838 2928 3880 cos.
2991 3820 3078 3899 (a.
3122 3814 3296 3895 210),

713 3931 901 4004 pater
959 3920 1208 3985 Aciliae
1263 3921 1587 3988 Gaviniae
1653 3922 2008 3986 Frestanae
2073 3925 2458 3985 memoratur
2524 3921 2594 3984 in
2652 3924 2694 3986 t.
2753 3918 3057 4002 Allifano
3121 3918 3300 4002 filiae

714 4021 835 4086 IX
872 4027 1044 4088 2334
1088 4024 1171 4105 cf.
1216 4028 1403 4089 2333.

585 4126 705 4189 «531
758 4123 1074 4190 Claudius
1119 4125 1449 4207 AelianuS,
1501 4127 1777 4198 Αἰλιανὸς
1820 4128 1940 4191 ἀπὸ
1988 4125 2347 4211 Πραινεστοῦ
2391 4131 2497 4208 τῆς
2536 4122 2801 4199 Ἰταλίας,
2850 4123 3163 4207 ἀρχιερεὺς
3201 4126 3299 4187 καὶ

713 4232 1028 4313 σοφιστής.
1089 4232 1120 4294 ὃ
1179 4232 1553 4315 χρηματίσας
1613 4228 1908 4300 Κλαύδιος
1967 4227 2209 4295 Suidas
2265 4228 2316 4292 I
2356 4230 2404 4292 ‚2
2450 4249 2522 4309 12.
2572 4230 2653 4290 31
2721 4226 2812 4293 ed.
2878 4224 3302 4308 Bernhardy‚·

719 4327 993 4402 Αἰλιανὸς
1037 4329 1343 4418 Ῥωμαῖος
1387 4331 1768 4397 Philostrat.
1813 4334 1920 4399 vit.
1965 4331 2222 4414 sophi-st.
2263 4338 2329 4406 2,
2372 4335 2471 4406 31,
2520 4335 2592 4406 1;
2638 4331 2776 4415 ipse
2822 4330 3185 4392 Romanum
3231 4350 3299 4391 se

713 4432 872 4497 dicit
913 4455 1050 4499 var.
1096 4434 1239 4499 hist.
1285 4439 1350 4511 2,
1390 4440 1512 4514 38;
1556 4441 1661 4513 12,
1701 4440 1823 4513 25;
1865 4441 1964 4511 14,
2004 4441 2120 4511 45,·
2148 4434 2448 4516 pontifex
2488 4438 2559 4497 ut
2601 4430 2851 4496 videtur
2892 4430 3301 4512 municipalis

716 4536 1296 4602 Praenestinorum.
1371 4538 1557 4601 Vixit
1588 4539 1829 4602 Romae
1862 4539 2047 4601 tertio
2080 4536 2334 4601 saeculo
2368 4536 2647 4616 ineunte,
2697 4556 2846 4598 cum
2890 4535 2955 4597 in
2989 4531 3300 4618 Gynnida

717 4650 824 4721 (z
841 4640 910 4704 E
915 4639 1308 4725 layabalum)
1332 4651 1656 4705 mortuum
1681 4640 1766 4719 (a.
1784 4644 1925 4706 222
1934 4663 2005 4723 p.
2032 4640 2128 4721 0,)
2152 4638 2472 4725 quaedam
2504 4637 2970 4722 composuisset
2990 4634 3298 4701 Philostr.

718 4742 758 4806 Ζ.
793 4742 832 4809 Ζ.
864 4743 912 4823 §
940 4748 1000 4806 3.
1080 4742 1455 4827 Discipulus
1505 4744 1862 4806 Pausaniae
1906 4744 2158 4825 graecis
2203 4741 2433 4806 litteris
2481 4742 2772 4825 impense
2817 4760 3073 4823 operam
3120 4736 3301 4801 dedit

720 4856 800 4926 et,
864 4866 1011 4909 cum
1072 4844 1491 4909 declamando
1552 4848 1762 4930 impar
1820 4857 2020 4925 esset,
2081 4844 2160 4908 ad
2225 4843 2640 4909 scribendum
2700 4864 3051 4908 conversus
3117 4840 3302 4905 libris

713 4947 986 5030 gloriam
1017 4947 1290 5032 adeptus
1322 4959 1450 5029 est3
1498 4949 1662 5012 vixit
1693 4947 1863 5013 ultra
1894 4948 2235 5031 sexaginta
2265 4969 2467 5011 annos
2499 4969 2711 5033 neque
2740 4947 2982 5011 liberos
3016 4944 3294 5030 reliquit,

717 5049 1026 5118 Philostr.
1058 5051 1098 5115 l.
1137 5050 1179 5119 l.
1225 5049 1327 5115 De
1362 5051 1618 5132 scriptis
1647 5054 1727 5132 cf.
1755 5049 1995 5127 Christ,
2032 5049 2399 5116 Geschiehte
2429 5050 2540 5114 der
2564 5049 2991 5133 yriechisehen
3023 5050 3298 5114 Littera-

717 5157 822 5217 tur
848 5175 921 5235 p.
954 5158 1076 5218 608
1092 5153 1139 5218 ².
