3859 5992
588 510 884 590 Asnuvs
1892 512 2013 594 161
3010 521 3304 600 Asinivs

597 731 758 796 1015
802 739 1101 796 ASINIVS
1162 739 1488 817 GALLVS,
1549 732 1634 797 ad
1693 754 1841 798 eum
1893 735 2154 821 scripsit
2209 734 2462 802 Plinius
2523 738 2702 821 epist.
2746 742 2806 816 4,
2850 743 2938 804 17
2973 739 3312 805 secundum

718 833 1040 899 lectionem
1077 833 1419 919 vulyatam,
1469 839 1539 900 at
1579 835 1719 901 vide
1763 834 2096 902 Clusinius
2143 837 2390 906 Gallus.

596 938 761 1003 1016
804 946 1102 1012 ASINIVS
1149 946 1439 1003 GALLVS
1483 939 1692 1003 nescio
1721 939 1865 1022 quis
1892 941 2262 1006 nominatur
2288 942 2359 1007 in
2396 947 2439 1012 t.
2469 963 2685 1009 servae
2730 944 2833 1011 VI
2849 948 3046 1022 2209,
3095 942 3313 1009 liberti

596 1143 757 1208 1017
806 1151 868 1207 C.
929 1152 1225 1208 ASINIVS
1282 1152 1611 1228 GALLVS,
1675 1144 1901 1210 consul
1959 1169 2014 1213 a.
2061 1146 2188 1212 746
2230 1177 2312 1201 Ξ
2356 1149 2396 1213 8
2454 1171 2511 1213 a.
2575 1148 2651 1215 O.
2709 1171 2859 1214 cum
2918 1149 2992 1218 O.
3056 1149 3305 1216 Marcio

720 1243 1094 1314 Censorino.
1194 1246 1429 1311 Tituli:
1485 1247 1620 1330 ipse
1663 1249 1889 1331 posuit
1946 1248 2162 1315 consul
2226 1270 2367 1315 oum
2435 1249 2677 1335 colleqa
2742 1252 2958 1335 cippos
3026 1253 3308 1318 urbanos

722 1347 825 1413 VI
861 1353 1032 1415 1235
1091 1349 1174 1431 of.
1226 1347 1546 1414 Addenda
1582 1372 1657 1433 p.
1693 1354 1864 1417 3112
1912 1351 2023 1436 (1),
2085 1352 2157 1417 in
2214 1373 2480 1434 quorum
2532 1353 2859 1437 plerisque
2918 1356 3177 1420 nomina
3238 1356 3308 1419 in

721 1451 920 1516 litura
948 1453 1246 1517 restituta
1272 1457 1453 1531 sunt,·
1495 1457 1884 1517 memoratur
1918 1454 1992 1518 in
2020 1452 2205 1518 titulo
2243 1454 2505 1519 Teatino
2536 1453 2657 1520 IX
2681 1459 2848 1522 3018
2877 1455 2993 1541 (2),
3038 1459 3106 1522 in
3150 1458 3310 1522 actis

636 1582 642 1589 ·
720 1553 1160 1621 saecularibus
1224 1554 1334 1639 (3),
1395 1556 1466 1620 in
1528 1560 1571 1620 t.
1631 1576 1864 1639 yraeeo
1927 1556 2000 1620 in
2062 1556 2462 1639 Astypalaea
2526 1554 2741 1622 &esula
2804 1564 3053 1641 reperto
3119 1559 3306 1637 Ross,

715 1658 1172 1741 Inscriptiones
1229 1677 1501 1740 yraecae
1563 1657 1841 1723 ineditae
1898 1658 2034 1722 III
2076 1679 2141 1723 n.
2187 1663 2317 1725 312
2381 1679 2542 1727 corr.
2605 1659 3052 1744 Waddinyton,
3112 1663 3310 1744 fastes

714 1783 786 1844 p.
820 1763 901 1826 95
937 1759 1062 1845 (4),·
1099 1761 1170 1824 in
1214 1763 1256 1826 t.
1286 1765 1427 1826 2-4
1465 1761 1728 1825 nomina
1768 1761 2023 1844 inteyra
2066 1765 2318 1840 eatan&
2358 1762 2723 1827 nominatus
2750 1764 2880 1845 fuit
2914 1764 2985 1829 in
3012 1770 3311 1847 quattuor

720 1862 994 1929 eiusdem
1035 1862 1210 1927 tituli
1249 1862 1566 1946 &ohe-sini
1607 1863 1906 1947 exemplis
1951 1863 2194 1931 duobus
2237 1864 2476 1942 latinis,
2524 1865 2767 1931 duobus
2794 1867 3045 1950 yraeeis
3089 1866 3305 1942 Woosl,

719 1965 1090 2031 discover-ies
1133 1970 1204 2029 at
1244 1965 1557 2048 Ephesus,
1605 1965 2016 2049 inscriptions
2055 1968 2225 2050 from
2271 1967 2370 2032 the
2402 1968 2732 2051 peribolus
2773 1969 2927 2033 wall
2965 1989 3030 2034 n.
3062 1974 3122 2034 1.
3150 1973 3216 2035 2.
3246 1974 3306 2046 3,

718 2070 787 2135 in
837 2090 1102 2152 quorum
1158 2068 1363 2134 tribus
1417 2070 1682 2134 nomina
1727 2068 1930 2152 plane
1990 2068 2195 2135 deleta
2246 2074 2414 2147 sunt,
2477 2071 2549 2135 in
2590 2076 2817 2153 quarto
2859 2071 2993 2136 III
3016 2076 3179 2136 6070
3225 2102 3308 2126 Ξ

721 2171 943 2239 IIIS.
977 2175 1141 2237 7118
1168 2170 1256 2255 (5)
1286 2175 1624 2254 supersunt
1652 2169 1726 2238 C.
1758 2171 1987 2237 Asinio
2021 2222 2205 2239 .....
2285 2172 2571 2238 Nomina
2614 2175 2747 2238 eius
2790 2194 2978 2239 erasa
3018 2173 3311 2239 m'dentur

721 2276 792 2340 in
845 2278 889 2342 t.
934 2274 1337 2359 Aymppinae
1392 2274 1615 2339 uxoris
1657 2274 1884 2340 Laude
1925 2274 2238 2358 Pompeia
2295 2281 2546 2358 reperto
2605 2276 2669 2341 V
2695 2281 2891 2355 6359;
2946 2278 3310 2343 nominatus

685 2378 848 2459 ‘fuit
889 2379 961 2442 in
1005 2382 1045 2445 t.
1089 2378 1341 2442 urbano
1384 2376 1491 2442 VI
1522 2381 1681 2443 1353
1739 2377 2078 2443 admodum
2134 2378 2388 2455 mutilo,
2452 2380 2564 2461 qui
2615 2379 2922 2461 quomodo
2981 2386 3310 2464 conceptus

721 2481 916 2562 fuer-it
951 2500 1076 2545 non
1122 2478 1312 2562 liquet
1325 2499 1348 2558 ,·
1387 2480 1696 2545 incertum
1738 2484 1830 2545 est
1874 2479 1964 2545 ad
1996 2480 2162 2546 hunc
2202 2502 2289 2545 an
2320 2480 2409 2545 ad
2447 2480 2653 2564 filium
2697 2483 3125 2566 coynominem
3160 2504 3309 2565 per-

721 2582 923 2649 tineat
966 2587 1008 2651 t.
1037 2582 1294 2647 Atticus
1332 2580 1491 2648 OIA
1520 2583 1657 2648 III
1678 2586 1822 2648 583.
1896 2582 2187 2665 Denique
2229 2580 2453 2648 nomen
2496 2588 2672 2648 eaetat
2713 2585 2782 2649 in
2827 2588 2867 2651 t.
2912 2584 3131 2650 liberti
3167 2606 3309 2650 con-

721 2685 1002 2750 lactanei
1040 2685 1304 2769 (Asinii)
1350 2684 1599 2751 Celeris
1645 2684 1822 2753 Galli
1865 2685 1909 2751 f.
1957 2685 2061 2751 VI
2092 2690 2258 2752 9901
2275 2708 2335 2750 a.

851 2788 1149 2853 Nummi:
1177 2788 1229 2852 I
1211 2786 1249 2869 )
1281 2790 1347 2873 a)
1378 2788 1449 2852 in
1464 2792 1661 2871 parte
1690 2789 1961 2854 adversa
1988 2790 2284 2872 inscripti
2311 2788 2650 2872 Augustus
2675 2788 2946 2872 (Caesar
2968 2790 3308 2875 Augustus

719 2912 781 2956 n.
813 2892 963 2971 369)
1006 2890 1309 2956 tribunis.
1356 2900 1621 2975 potest„
1683 2892 1754 2955 in
1811 2910 2038 2957 aversa
2081 2890 2154 2957 O.
2201 2890 2469 2956 Asinius
2517 2891 2744 2959 Gallus
2790 2892 2998 2957 IIIvir
3040 2917 3095 2961 a.
3144 2918 3201 2959 a.
3248 2918 3306 2959 a.

720 2994 765 3060 f.
813 2994 856 3060 f.
898 2990 1220 3059 Cohen'P
1265 2993 1594 3076 Auyustus
1641 3014 1706 3058 n.
1738 2998 1884 3059 368.
1930 2998 2086 3073 369,·
2131 2996 2194 3081 b)
2238 2996 2309 3060 in
2353 2993 2623 3061 adversa
2667 2993 2747 3059 ob
2792 2996 2952 3059 civis
3001 3007 3309 3080 servatos,

719 3099 791 3162 in
850 3116 1075 3162 aversa
1118 3094 1194 3162 C.
1239 3094 1506 3160 Asinius
1553 3094 1627 3164 O.
1669 3095 1712 3166 f.
1777 3095 2008 3162 Gallus
2068 3097 2289 3162 IIIvir
2346 3120 2404 3163 a.
2465 3119 2522 3161 a.
2582 3119 2639 3161 a.
2698 3097 2741 3160 f.
2804 3096 2849 3162 f.
2906 3098 3043 3164 iba,
3077 3120 3140 3164 n.
3187 3104 3315 3165 367

719 3198 941 3266 melius
967 3197 1262 3264 Babelon
1288 3199 1341 3263 I
1360 3220 1434 3281 p.
1465 3204 1625 3265 222.
1699 3199 1815 3285 ΙΙ)
1854 3200 2075 3264 Temni
2095 3199 2362 3265 Aeoliae
2391 3201 2462 3265 in
2489 3199 2758 3265 adversa
2789 3198 3143 3267 exhibentes
3170 3223 3309 3267 cum

721 3304 926 3387 capite
967 3302 1153 3368 Galli
1195 3298 1431 3373 Ἀσίνιος
1473 3302 1708 3374 Γάλλος
1752 3301 1946 3391 ἁγνός,
1992 3303 2061 3368 in
2114 3323 2340 3366 aversa
2385 3301 2672 3374 Ἀπολλᾶς
2717 3305 2965 3369 Φαινίου
3012 3303 3306 3390 Ταμνιτᾶν

716 3406 1003 3489 primum
1046 3409 1343 3470 accurate
1386 3404 1686 3488 descripti
1729 3427 1771 3469 a
1816 3404 2309 3488 Waddinqtonio
2353 3406 2553 3487 fastes
2583 3428 2657 3489 p.
2699 3409 2796 3483 95,
2857 3405 3096 3471 similes
3144 3407 3309 3471 male

722 3508 1022 3592 descripti
1064 3506 1360 3572 Mionnet
1402 3508 1537 3572 III
1554 3529 1630 3590 p.
1661 3512 1771 3586 28,
1801 3512 1941 3585 166,
1992 3506 2218 3591 Suppl.
2268 3506 2373 3573 VI
2389 3530 2462 3591 p.
2491 3513 2589 3585 41,
2635 3513 2969 3576 260-262.

847 3612 930 3677 In
976 3609 1341 3675 consulatu:
1386 3607 1459 3682 C.
1505 3607 1774 3674 Asinius
1820 3607 2048 3675 Gallus
2092 3608 2226 3674 Dio
2268 3609 2398 3674 ind.
2447 3609 2486 3674 l.
2522 3614 2621 3688 55,
2684 3610 2748 3676 V
2777 3616 2967 3689 4201,
3030 3608 3137 3677 VI
3162 3615 3303 3677 458.

719 3717 903 3792 1235,
949 3714 1076 3778 ΧΙ
1104 3716 1246 3790 844,
1304 3711 1688 3778 Censorinus
1732 3712 1807 3777 de
1851 3712 1953 3778 die
1994 3734 2058 3778 n.
2090 3718 2202 3789 22,
2236 3716 2333 3790 16,
2384 3712 2641 3780 Sueton.
2672 3712 2816 3778 Rel.
2848 3712 3310 3794 Reifferscheid

719 3840 789 3901 Ρ.
820 3820 904 3883 48
915 3837 936 3896 ,·
982 3815 1056 3882 Ο.
1091 3814 1360 3880 Asinius
1392 3815 1785 3883 Monument.
1817 3814 2144 3899 Ancyran.
2181 3814 2288 3879 lat.
2322 3820 2389 3893 2,
2422 3820 2462 3880 6
2487 3845 2572 3869 Ξ
2604 3836 2816 3899 yraec.
2847 3820 2906 3894 4,
2952 3822 3046 3893 17,
3092 3817 3145 3881 Ι
3164 3821 3302 3894 746,

711 3919 1097 3998 Cassiodom
1148 3917 1414 3983 Asinius
1465 3917 1696 3983 Gallus
1739 3917 1873 3983 Dio
1916 3922 2016 3996 55,
2061 3922 2119 3996 5,
2167 3923 2438 3983 ceterum
2483 3918 2713 3987 Gallus
2756 3920 2936 4002 fasti.
3022 3920 3108 3984 In
3161 3940 3302 3985 con-

712 4022 927 4088 sulatu
967 4021 1230 4087 nomina
1273 4041 1463 4086 erasa
1503 4026 1652 4086 sunt
1694 4020 1857 4086 XII
1888 4025 2082 4086 2623.
2132 4058 2181 4066 -
2234 4019 2307 4086 G.
2342 4021 2608 4085 Asinius
2639 4019 2868 4087 Gallus
2915 4026 2955 4086 t.
2988 4026 3047 4087 1.
3079 4027 3145 4088 2.
3177 4021 3303 4106 [5.]

712 4148 945 4191 numm.
976 4125 1050 4203 Ι,·
1093 4123 1359 4189 Asinius
1401 4121 1632 4188 Gallus
1673 4129 1716 4188 t.
1745 4129 1788 4188 3
1829 4144 1884 4191 v.
1916 4129 2059 4201 107,
2108 4127 2149 4188 t.
2184 4129 2244 4201 4,
2288 4145 2522 4188 numm.
2574 4124 2690 4201 ΙΙ;
2735 4122 2810 4189 C.
2856 4123 3124 4189 Asinius
3171 4130 3215 4190 t.
3258 4130 3301 4190 3

603 4228 610 4234 ’
711 4250 768 4293 υ.
793 4232 930 4294 151.
964 4264 1041 4272 -—
1076 4227 1150 4293 C.
1183 4225 1448 4291 Asinius
1481 4224 1712 4291 Gallus
1741 4225 2171 4310 Hieronymus
2204 4226 2293 4291 ad
2321 4246 2382 4291 a.
2409 4226 2573 4292 Abr.
2603 4226 2792 4304 2030,
2827 4231 3098 4292 ceterum
3128 4228 3305 4310 apud

712 4331 1053 4413 scriptores
1095 4328 1363 4394 Asinius
1415 4327 1646 4396 Gallus
1687 4328 1785 4394 vel
1828 4327 2080 4395 Gallus.

838 4432 914 4498 G.
959 4432 1006 4497 f.
1053 4436 1096 4498 t.
1139 4436 1213 4510 1,
1269 4453 1502 4498 numm.
1548 4433 1660 4513 Ib,
1719 4431 1853 4498 Dio
1908 4432 2042 4500 »etna
2105 4431 2145 4498 l.
2189 4436 2291 4510 55,
2349 4432 2521 4498 filius
2584 4432 2658 4499 O.
2715 4432 2929 4498 Asinii
2990 4433 3301 4500 Pollionis

633 4538 643 4545 “
714 4537 862 4603 Tae.
903 4557 964 4599 a.
1002 4539 1061 4612 1,
1101 4540 1206 4613 12,
1239 4534 1498 4601 Seneca
1531 4540 1804 4601 controv.
1833 4540 1875 4600 4
1903 4536 2121 4619 praef.
2152 4541 2211 4615 4,
2260 4535 2688 4619 Hieronymus
2732 4535 2774 4600 l.
2822 4534 2902 4616 l.‚·
2942 4536 3114 4602 filius
3144 4549 3300 4603 natu

710 4639 1037 4704 maximus
1097 4638 1164 4702 in
1231 4637 1575 4704 consulatu
1633 4640 1837 4724 patris
1889 4636 1980 4720 (a.
2029 4644 2150 4704 714
2193 4669 2276 4692 Ξ
2318 4643 2424 4725 40)
2470 4648 2662 4703 natus
2710 4638 2885 4706 Serv.
2935 4638 3145 4723 Veryil
3188 4640 3298 4705 ecl.

707 4747 767 4821 4,
814 4747 872 4809 1.
962 4742 1169 4807 HIvir
1210 4763 1361 4807 aere
1406 4751 1673 4826 argento
1719 4763 1882 4807 auro
1924 4740 2142 4806 flando
2188 4740 2486 4807 feriundo
2532 4762 2765 4806 numm.
2812 4742 2863 4805 I
2882 4746 3036 4824 post
3079 4764 3140 4807 a.
3180 4747 3299 4808 739

710 4848 796 4899 Ξ’
824 4848 904 4910 15
949 4845 1033 4926 ef.
1066 4844 1439 4923 Mommsen,
1486 4843 1854 4911 Romisches
1886 4845 2292 4910 Munewesen
2320 4866 2396 4927 Ρ.
2429 4849 2580 4922 744,
2572 4864 2585 4879 ·
2629 4843 2854 4908 consul
2896 4866 2953 4911 a.
2989 4843 3113 4910 746
3144 4875 3228 4899 Ξ
3258 4846 3297 4910 8

707 4967 764 5011 v.
808 4968 1049 5031 supra,·
1084 4947 1433 5035 proconsul
1475 4946 1672 5013 Asiae
1718 4952 1761 5012 t.
1800 4953 1859 5015 4.
1901 4952 1965 5025 5,
2009 4968 2243 5012 numm.
2275 4948 2375 5023 II,
2423 4970 2479 5012 a.
2514 4946 2719 5014 748t.
2762 4950 2823 5023 5,
2867 4969 2924 5012 a.
2972 4946 3097 5013 749
3149 4953 3191 5014 t.
3236 4953 3296 5025 4,

711 5070 879 5116 auno
925 5071 1071 5134 erqo
1101 5050 1563 5134 proconsulari
1603 5050 1746 5116 748!
1751 5055 1869 5116 749
1914 5079 2000 5104 Ξ
2044 5049 2147 5116 6l5
2189 5072 2248 5115 a.
2295 5050 2366 5116 C.
2394 5088 2479 5096 —
2526 5050 2763 5115 XVvir
2807 5051 3008 5114 sacris
3053 5049 3296 5115 faciun-

567 5175 602 5193 -·
709 5153 1530 5220 disa.737=17t.3.

685 5262 782 5306 Pro
784 5262 1114 5318 soaipogrpha
1140 5262 1427 5318 Impssom.
1483 5262 1523 5305 1.
2825 5253 2885 5306 11
