3859 5992
567 556 990 612 CORNELIVS
1858 554 1977 616 451
2845 564 3269 620 CORNELIVS

568 755 725 819 1121
781 763 896 818 CN.
960 764 1382 819 CORNELIVS
1443 766 1869 835 LENTVLVS,
1931 757 2159 821 consul
2219 780 2387 822 anno
2436 758 2655 824 736--
2626 760 2822 824 -218
2882 783 2941 824 a.
2990 759 3064 826 C.
3128 784 3275 825 cum

691 857 762 921 P.
820 856 1120 922 Cornelio
1174 857 1453 923 Lentulo
1498 859 1896 926 Marcelline.
1986 860 2073 924 In
2132 860 2495 925 consulatu:
2553 861 2673 929 Cn.
2723 861 3064 927 Cornelius
3110 864 3275 928 Len-

698 959 869 1025 tulus
914 959 1056 1024 Dio*
1091 960 1294 1025 index*
1326 961 1365 1025 l.
1408 966 1521 1039 54,
1587 962 1705 1028 Cn.
1753 962 2138 1046 C[ornelius]
2183 963 2345 1043 fasti
2388 967 2536 1030 min.
2587 964 2730 1029 VII
2762 963 2911 1030 CIL
2954 966 3035 1029 12
3069 988 3142 1048 p.
3174 972 3273 1042 64,

696 1064 815 1156 Cn.
849 1062 1213 1147 Le[ntulus]
1259 1066 1422 1146 fasti
1462 1066 1613 1130 min.
1663 1065 1844 1130 VIII
1852 1089 1926 1148 p.
1955 1072 2066 1143 65;
2105 1065 2225 1131 Cn.
2260 1066 2577 1131 Lentulus
2612 1067 3003 1132 Monument.
3035 1068 3274 1151 Aneyr.

698 1165 809 1230 lat.
832 1172 891 1241 1,
913 1170 995 1230 37
1017 1196 1098 1219 =
1117 1188 1329 1250 yraec.
1349 1173 1409 1244 3,
1434 1173 1538 1243 12,
1575 1168 1685 1233 lat.
1709 1174 1768 1245 3,
1793 1174 1878 1233 40
1901 1199 1983 1222 =
2003 1189 2214 1252 yraee.
2240 1174 2298 1245 9,
2325 1174 2430 1245 21,
2463 1168 2596 1234 Dio
2625 1176 2725 1247 54,
2750 1175 2857 1246 12,
2892 1169 3274 1247 cassiodor„

697 1273 966 1333 ceterum
987 1268 1304 1335 Lentulus
1326 1272 1504 1352 fasti.
1521 1307 1606 1316 ——
1629 1271 1747 1337 Cn.
1768 1271 2086 1336 Lentulus
2117 1271 2292 1353 apud
2314 1272 2619 1348 Tacitum,
2646 1277 2915 1337 ceterum
2938 1272 3274 1337 Lentulus.

821 1371 898 1438 L.
932 1371 1102 1436 filius
1131 1370 1264 1436 Dio
1293 1372 1423 1437 ind.
1459 1372 1498 1437 l.
1528 1379 1628 1438 54.
1704 1373 1950 1439 Consul
1988 1375 2136 1439 Tae.
2171 1396 2229 1438 a.
2261 1380 2322 1450 4,
2354 1380 2452 1451 44,
2500 1397 2670 1440 anno
2719 1376 2843 1440 736
2876 1405 2958 1428 ιε
3001 1377 3078 1440 18
3108 1398 3166 1439 a.
3201 1376 3274 1440 C.

695 1474 873 1553 fasti.
964 1474 1251 1558 Legatus
1306 1476 1587 1558 Augusti
1647 1490 1871 1541 contra
1916 1477 2134 1540 Dacos
2178 1477 2559 1541 Danuvium
2609 1488 3048 1561 transgressus
3095 1500 3276 1541 exer-

694 1577 890 1640 citum
957 1575 1149 1641 duxit
1214 1588 1277 1641 et
1341 1577 1669 1643 Sarmatas
1736 1602 1776 1643 a
1839 1579 2144 1643 Danuvio
2206 1577 2538 1664 prohibuit
2591 1578 2838 1644 Florus
2893 1585 2958 1656 2,
3004 1584 3112 1645 28.
3153 1584 3278 1657 29;

559 1669 569 1683 ’
700 1677 1114 1764 triumphalia
1171 1679 1253 1744 de
1300 1680 1483 1746 Getis
1543 1681 1830 1766 (degetes
1890 1682 1999 1745 lib.
2062 1681 2415 1763 Medieeus)
2478 1684 2713 1747 meruit
2774 1683 2920 1747 Tac.
2971 1704 3031 1746 a.
3082 1688 3140 1758 4,
3195 1687 3276 1748 44

698 1782 780 1861 ef.
826 1781 1213 1859 Mommsen,
1275 1782 1407 1847 Res
1455 1788 1670 1866 qestae
1713 1782 1844 1847 divi
1886 1782 2058 1866 Auq.
2092 1805 2163 1865 p.
2195 1788 2313 1847 131
2332 1785 2379 1850 ².
2466 1782 2660 1848 Anno
2715 1786 2790 1849 14
2836 1807 2898 1870 p.
2945 1785 3017 1850 C.
3063 1796 3276 1850 aetate

700 1897 762 1947 ct
789 1882 1000 1967 gloria
1030 1883 1179 1949 belli
1213 1887 1484 1970 insignis
1515 1886 1804 1950 Drusum
1836 1887 1902 1949 in
1935 1885 2271 1970 Illyricum
2304 1887 2645 1951 comitatus
2677 1897 2775 1951 est
2806 1887 2865 1951 T
2858 1908 2953 1952 ae.
2985 1909 3045 1951 a.
3076 1893 3135 1963 1,
3167 1892 3275 1954 27.

699 1987 907 2051 Annis
941 1989 1022 2054 16
1060 1999 1124 2052 et
1158 1990 1239 2054 22
1284 1990 1352 2053 in
1397 1999 1625 2053 senatu
1667 1992 2021 2054 sententias
2065 1988 2236 2053 dixit
2279 1988 2406 2053 ibd.
2440 1994 2507 2066 2,
2537 1994 2659 2065 32,·
2698 1994 2758 2065 3,
2791 1993 2891 2055 68.
2968 1990 3160 2055 Anno
3194 1992 3277 2053 24

700 2103 1026 2155 extremae
1083 2094 1433 2156 senectutis
1494 2094 1759 2157 intimus
1817 2091 2065 2156 Tiberii
2126 2094 2371 2156 amicus
2431 2104 2807 2170 accusatuS,
2888 2091 3000 2156 sed
3060 2093 3274 2156 statim

701 2204 1038 2278 exemptus
1072 2205 1169 2258 est
1197 2194 1324 2259 ibd.
1349 2201 1407 2271 4,
1433 2200 1538 2269 29,
1571 2193 1704 2259 Dio
1732 2200 1832 2271 57,
1857 2201 1963 2259 24.
2012 2194 2203 2272 Anno
2237 2196 2318 2259 25
2352 2193 2545 2276 obiit3
2584 2206 2842 2280 praeter
2871 2192 3274 2259 consulatum

699 2309 761 2358 et
807 2307 1187 2360 ornamenta
1231 2296 1647 2382 triumphalia
1686 2296 1896 2380 gloria
1936 2297 2150 2361 fuerat
2193 2310 2543 2382 paupertas
2588 2296 2754 2360 bene
2800 2296 3089 2380 tolerata,
3125 2296 3276 2360 dein

698 2420 968 2481 magnae
999 2420 1153 2484 opes
1199 2400 1576 2463 innocenter
1618 2410 1841 2485 partae
1873 2410 1938 2463 et
1969 2399 2254 2464 modeste
2286 2398 2546 2464 habitae
2585 2398 2732 2466 Tae.
2768 2421 2827 2465 a.
2858 2404 2919 2477 4,
2950 2405 3049 2465 44.
3109 2400 3278 2464 Eius

669 2501 873 2584 -filius
913 2501 1160 2566 videtur
1199 2501 1428 2567 Cossus
1467 2502 1796 2567 Cornelius
1841 2501 2152 2566 Lentulus
2194 2521 2316 2566 008.
2362 2523 2423 2565 a.
2460 2505 2596 2566 753.

575 2606 736 2668 1122
798 2613 914 2669 CN.
961 2608 1438 2686 (CORNELIVS)
1498 2614 1892 2669 LENTVLVS
1953 2610 2342 2669 memoratur
2398 2605 2468 2669 in
2512 2609 2553 2671 t.
2618 2604 2921 2669 Vrbinate
2964 2605 3085 2670 XI
3116 2610 3280 2671 6058

699 2707 938 2771 duobus
996 2707 1291 2791 exemplis
1345 2712 1627 2772 servato:
1684 2707 1760 2771 T.
1819 2707 2027 2771 Mario
2088 2706 2310 2772 Siculo
2375 2744 2451 2752 -
2515 2744 2597 2753 —
2652 2718 2728 2771 tr.
2774 2706 2907 2772 mil.
2953 2706 3078 2790 leg.
3122 2709 3275 2785 XII,

697 2807 897 2893 praef.
958 2808 1288 2892 dum-(um)
1345 2810 1768 2895 prin(cipum)
1821 2807 2017 2893 [haee
2072 2831 2269 2874 unum
2327 2808 2675 2890 exemplum
2733 2809 3011 2885 exhibet,
3069 2812 3281 2875 omisit

699 2910 1018 2998 alterumJ,
1081 2912 1464 2997 praefect(o)
1526 2914 1591 2977 in
1651 2911 1883 2994 cl(asse
1899 2912 1963 2991 ⁴2)
2012 2911 2132 2977 Cn.
2181 2911 2443 2976 Lentuli
2504 2912 2875 2996 praet(oris)
2922 2914 2989 2975 in
3036 2912 3277 2980 Sicilia.

705 3012 984 3077 Titulum
1019 3013 1108 3078 ad
1132 3013 1413 3096 Auyusti
1456 3018 1725 3078 aetatem
1765 3014 2009 3078 rettulit
2045 3012 2379 3078 Bormann
2421 3014 2617 3078 verba
2658 3012 2862 3099 praef.
2894 3014 3076 3078 duor.
3113 3017 3277 3100 prin.

702 3119 1149 3198 interpretatus
1178 3116 1456 3199 Augusti
1490 3127 1554 3180 et
1581 3115 1936 3202 Agrippae.
2014 3117 2190 3197 Quae
2222 3118 2662 3199 interpretatio
2692 3137 3073 3199 quamquam
3116 3118 3284 3199 ferri

698 3218 872 3283 nullo
918 3219 1101 3284 modo
1142 3239 1334 3301 posse
1395 3219 1555 3283 mihi
1611 3219 1857 3284 videtur
1916 3224 2102 3301 atque
2147 3218 2221 3283 de
2268 3219 2528 3284 lectione
2574 3219 2821 3284 tradita
2865 3219 3283 3285 dubitandum

700 3342 847 3397 esse,
898 3325 1108 3386 tamen
1162 3322 1414 3386 titulum
1445 3327 1715 3405 propter
1754 3343 1961 3387 vocem
2008 3324 2368 3404 ‘praetoris'
2420 3321 2507 3386 ad
2551 3327 2821 3386 aetatem
2859 3322 3140 3407 Augusti
3182 3326 3280 3388 in-

700 3429 942 3489 euntem
973 3424 1297 3506 pertinere
1341 3429 1401 3488 et
1442 3426 1578 3506 ipse
1607 3425 1919 3507 putarim.

573 3529 740 3594 1123
787 3537 902 3591 CN.
966 3535 1387 3591 CORNELIVS
1449 3535 1842 3590 LENTVLVS
1902 3528 2113 3591 neseio
2170 3528 2310 3607 quis
2367 3526 2714 3591 honoratus
2773 3532 2815 3591 t.
2860 3527 3077 3592 Attico
3126 3526 3280 3593 GIA

698 3630 837 3695 III
867 3634 992 3695 585
1037 3631 1269 3694 aetatis
1309 3630 1760 3712 imperatoriae
1803 3630 2098 3694 ineuntis.

574 3735 742 3799 1124
788 3741 1053 3797 COSSVS
1102 3740 1523 3797 CORNELIVS
1569 3740 1980 3815 LENTVLVS,
2028 3730 2254 3796 consul
2310 3754 2480 3796 anno
2529 3732 2652 3797 753
2696 3762 2779 3785 =
2828 3735 2859 3797 1
2909 3756 2967 3799 a.
3017 3732 3090 3798 C.
3137 3755 3284 3797 cum

699 3836 775 3900 L.
837 3834 1190 3920 Calpurnio
1251 3837 1507 3900 Pisone.
1600 3834 1865 3899 Nwmmi
1922 3837 2058 3899 eius
2113 3834 2433 3911 Babelon‚
2497 3834 2842 3899 Monnaies
2900 3834 2975 3899 de
3034 3834 3099 3898 la
3155 3835 3283 3900 Re-

696 3938 1002 4021 publique
1044 3937 1362 4003 Romaine
1404 3926 1456 4003 Ι
1474 3960 1547 4019 p.
1579 3942 1730 4002 430:
1792 3941 1857 4021 a)
1903 3937 2242 4022 Augustus
2294 3938 2352 4001 R·
2398 3936 2640 4001 Cossus
2686 3936 2806 4004 Cn.
2852 3937 2897 4004 f.
2941 3936 3280 4021 Lentulus,

704 4042 764 4113 b)
827 4041 1166 4123 Augustus
1227 4062 1355 4105 cos·
1415 4040 1515 4105 XI
1580 4043 1638 4105 li·
1689 4039 1778 4106 M.
1827 4040 2124 4124 Agrippa
2183 4061 2310 4105 cos.
2359 4050 2475 4104 ter.
2532 4039 2771 4104 Cossus
2816 4039 3155 4105 Lentulus.
3202 4077 3283 4086 —

705 4144 1110 4208 Memoratur
1150 4143 1221 4207 in
1266 4147 1307 4208 t.
1354 4142 1452 4210 M.
1500 4143 1685 4208 Iunii
1728 4141 1950 4206 Silani
1979 4142 2353 4225 pronepotis
2399 4141 2501 4207 VI
2533 4146 2709 4207 1439.

829 4244 914 4311 In
956 4245 1320 4310 consulatu:
1370 4245 1609 4310 Cossus
1654 4242 2000 4310 Cornelius
2045 4244 2363 4309 Lentulus
2406 4243 2539 4309 Dio
2583 4243 2715 4309 ind.
2763 4244 2804 4308 l.
2849 4248 2947 4321 55,
2999 4244 3060 4308 V
3092 4249 3282 4322 3257,

702 4349 801 4415 CI
803 4348 866 4414 G
926 4353 1135 4426 2943,·
1215 4347 1455 4413 Cossus
1525 4345 1863 4413 Cornelius
1935 4347 2038 4413 VI
2088 4351 2273 4411 8738.
2343 4351 2580 4422 10395,
2656 4345 2896 4411 Cossus
2963 4345 3284 4411 Lentulus

702 4450 1082 4528 Gassiodor„
1131 4456 1402 4517 ceterum
1432 4450 1749 4515 Lentulus
1777 4452 1954 4533 fasti.
1988 4489 2061 4504 —.-
2113 4451 2351 4515 Cossus
2381 4447 2698 4515 Lentulus
2741 4450 2998 4526 nummi,
3044 4449 3285 4515 Cossus

703 4552 1045 4621 Cornelius
1089 4552 1225 4618 Dio
1267 4559 1363 4630 55,
1410 4557 1517 4630 28,
1568 4552 1805 4618 Cossus
1853 4552 2121 4618 Velleius
2163 4558 2230 4629 2,
2276 4557 2413 4628 116,
2461 4550 2533 4615 F
2536 4551 2709 4615 lorus
2752 4555 2816 4627 2,
2861 4556 2960 4629 31,
3022 4551 3285 4616 Orosius

700 4664 758 4734 6,
804 4662 913 4733 21,
960 4656 1204 4721 Seneca
1248 4658 1427 4738 epist.
1469 4659 1570 4736 83,
1618 4659 1715 4720 15.
1819 4654 2141 4721 Gaetulici
2203 4675 2437 4718 nornen
2483 4675 2631 4717 eum
2676 4654 3025 4737 sumpsisse
3071 4653 3287 4718 dicunt

699 4760 832 4826 Dio
885 4764 945 4823 et
991 4757 1242 4823 Florus
1286 4757 1326 4822 l.
1376 4759 1451 4834 l.,
1513 4762 1572 4822 et
1625 4757 1922 4822 Velleius:
1972 4757 2107 4821 ‘sed
2167 4756 2408 4821 Cossus
2470 4757 2781 4820 victoriae
2842 4752 3284 4819 testimonium

702 4864 896 4928 etiam
948 4863 1013 4925 in
1060 4883 1415 4945 cognomen
1461 4858 1577 4923 filii
1626 4859 1961 4942 contulit’3
2020 4867 2401 4942 quamquam
2455 4858 2609 4924 haee
2656 4859 2852 4924 verba
2895 4859 3102 4922 minus
3134 4877 3286 4938 per-

700 4966 926 5047 spicua
971 4966 1162 5028 etiam
1207 4965 1302 5028 ita
1345 4963 1762 5045 interpretari
1791 4960 1951 5037 licet,
1992 4967 2065 5025 ut
2103 4961 2400 5026 Velleium
2433 4960 2637 5026 dicere
2667 4961 2935 5025 voluisse
2966 4977 3287 5042 ponamus

703 5067 962 5132 Cossum
994 5066 1241 5149 quidem
1270 5066 1478 5149 ipsum
1509 5064 1888 5129 abstinuisse
1915 5083 2037 5129 usu
2067 5065 2471 5147 coynominis,
2505 5063 2842 5128 indulsisse
2870 5061 3043 5145 filim·
3072 5064 3287 5125 utrum

701 5191 769 5233 re
812 5189 963 5233 vera
1002 5168 1266 5251 ‚qesserit
1310 5188 1397 5232 an
1439 5187 1585 5243 non,
1645 5166 2059 5230 monumentis
2114 5186 2243 5230 non
2302 5164 2711 5230 diiudicatur.
2806 5162 3024 5242 Filius
3076 5162 3285 5227 maior

2764 5264 2874 5320 29*
