3859 5992
611 598 935 656 CLODIVS
1905 594 2028 658 421
2997 598 3316 690 CLODI-[S

732 795 827 862 At
867 795 1050 861 valde
1090 796 1327 873 dubito,
1372 817 1526 861 num
1569 795 1733 860 idem
1775 797 1973 878 fuerit
2002 796 2124 874 hic,
2167 799 2345 863 cuius
2376 797 2611 880 lepores
2641 802 2701 862 et
2736 796 2903 862 sales
2948 797 3313 874 laudantur,

735 904 918 983 atque
970 898 1179 964 malus
1226 898 1344 998 ule
1400 899 1614 965 rhetor
1672 900 1904 965 aetatis
1961 899 2257 983 Auyusti,
2320 902 2497 967 cuius
2551 900 3035 966 declamationes
3092 900 3320 964 irrisui

727 1002 992 1085 publico
1034 1006 1237 1069 erant.

605 1121 731 1186 935
777 1130 1092 1186 CLODIVS
1139 1130 1629 1203 SATVRNINVS,
1679 1120 1929 1205 legatus
1976 1120 2427 1208 Cappadociae
2457 1122 2590 1188 III
2618 1123 2689 1190 S.
2723 1128 2935 1191 12213
2981 1128 3022 1190 t.
3052 1121 3316 1187 mutilus

731 1224 1008 1289 miliarii
1049 1224 1137 1289 ad
1180 1225 1406 1308 Tyana
1447 1225 1700 1308 reperti.

606 1345 731 1410 936
776 1353 870 1410 TI.
918 1354 1231 1409 CLODIVS
1274 1354 1764 1428 SATVRNINVS,
1811 1344 2206 1410 clarissimus
2250 1347 2357 1409 vir
2383 1344 2457 1410 X
2480 1349 2664 1423 8059,
2696 1351 2824 1413 120
2854 1347 2923 1412 in
2964 1345 3311 1429 siynaoulo.

606 1462 730 1527 937
779 1472 849 1526 D.
899 1471 1215 1528 CLODIVS
1264 1473 1659 1528 SEPTIMIVS
1705 1473 2032 1529 ALBINVS
2079 1473 2374 1528 CAESAR
2407 1494 2488 1518 ==
2518 1474 2669 1528 IMP.
2705 1473 3000 1529 CAESAR
3036 1473 3106 1529 D.
3141 1473 3311 1529 CLO-

735 1573 906 1628 DIVS
937 1575 1330 1630 SEPTIMIVS
1360 1575 1684 1630 ALBINVS
1714 1576 2124 1631 AVGVSTVS.
2180 1566 2379 1631 Tituli
2396 1587 2524 1650 pro
2553 1566 2759 1631 salute
2791 1565 3008 1632 Severi
3034 1566 3316 1650 Auqusti

735 1670 796 1731 et
815 1665 1048 1732 Albini
1071 1667 1370 1734 Caesaris
1385 1669 1618 1752 positi:
1647 1668 1768 1733 XI
1775 1669 1888 1734 V6
1922 1668 2248 1746 Ostiensis,
2278 1669 2394 1734 ubi
2417 1669 2678 1733 nomina
2693 1674 2960 1752 praeter
2991 1668 3308 1756 Septi[mi]

734 1789 924 1833 erasa
964 1775 1144 1848 sunt,
1206 1770 1390 1836 VIII
1421 1776 1581 1837 1549
1624 1770 1897 1853 Africae
1925 1770 2415 1855 proconsuhzris
2445 1771 2729 1848 mutilus,
2776 1772 2890 1837 ubi
2921 1792 3312 1854 praenomen

728 1873 965 1954 periit5
1017 1873 1200 1939 VIII
1232 1873 1301 1940 S.
1337 1878 1547 1940 17726
1595 1873 1977 1950 Numidiae,
2022 1874 2138 1938 ubi
2176 1875 2438 1938 nomina
2481 1894 2671 1938 erasa
2711 1878 2860 1938 sunt
2901 1875 3030 1950 ita,
3073 1878 3146 1938 ut
3190 1874 3312 1957 leyi

729 1975 1000 2057 possint.
1055 1973 1267 2041 Plena
1293 1977 1554 2041 nomina
1584 1975 1876 2041 exhibent
1903 1976 2148 2040 nummi
2183 1974 2479 2041 Caesaris
2511 1981 2569 2040 et
2599 1975 2879 2059 Auyusti
2903 1975 3146 2041 Echhel
3178 1976 3321 2042 VII

664 2108 672 2119 ·
727 2098 802 2159 p.
833 2081 962 2143 162
988 2097 1138 2160 sqq„
1186 2077 1395 2144 Gohen
1422 2078 1590 2143 111⁹·
1623 2100 1695 2161 p.
1726 2083 1848 2145 415
1874 2098 2002 2161 sqq.
2078 2075 2346 2144 Clodius
2377 2075 2657 2142 Albinus
2685 2078 2782 2143 vel
2809 2076 3094 2143 Albinus
3139 2078 3315 2163 apud

734 2180 1088 2262 scriptores.
1172 2181 1465 2264 Septimii
1504 2202 1730 2247 nomen
1771 2182 2034 2264 fuerunt
2074 2181 2184 2263 qui
2240 2181 2594 2247 conicerent
2632 2180 2943 2246 Albinum
3002 2182 3311 2264 accepisse

724 2302 851 2364 per
896 2282 1294 2366 adoptionem
1322 2285 1400 2352 L.
1430 2284 1724 2367 Septimii
1763 2283 1995 2360 Severi,
2045 2283 2118 2348 de
2160 2304 2288 2366 qua
2330 2288 2538 2349 tacent
2579 2284 2936 2367 scriptores.
3010 2282 3105 2348 At
3144 2289 3311 2350 recte

734 2384 1086 2449 observavit
1109 2384 1351 2451 Echhel
1377 2408 1452 2469 p.
1484 2391 1605 2452 166
1647 2385 1717 2450 id
1759 2388 1967 2468 ipsum
2006 2406 2235 2450 nomen
2277 2385 2404 2469 leyi
2445 2385 2650 2451 adhuc
2687 2388 2758 2452 in
2784 2387 3056 2450 nummis
3083 2386 3314 2453 Albini

731 2485 1013 2571 Auqusti
1061 2509 1258 2570 neque
1313 2490 1450 2554 veri
1502 2489 1708 2554 simile
1765 2509 1893 2554 esse
1949 2488 2259 2554 Albinum
2317 2510 2386 2554 eo
2442 2493 2715 2571 tempore
2730 2538 2746 2567 ,
2808 2510 2927 2571 quo
2970 2488 3206 2554 hostem
3248 2508 3313 2553 se

734 2588 952 2655 Severi
1002 2590 1335 2673 professus
1394 2595 1517 2668 est,
1585 2610 1846 2655 usurum
1906 2590 2105 2672 fuisse
2167 2592 2451 2667 nomine,
2519 2589 2685 2672 quod
2731 2611 2857 2673 per
2915 2589 3314 2674 adoptionem

737 2694 1090 2776 accepisset.

863 2813 1018 2877 Fuit
1060 2811 1302 2877 familia
1345 2811 1544 2878 nobili
1586 2814 1725 2876 vita
1768 2817 1826 2889 1,
1873 2817 1945 2887 3,
2006 2811 2357 2876 Herodian.
2402 2817 2469 2889 2,
2516 2815 2613 2888 15,
2660 2816 2733 2889 1,
2796 2811 3311 2876 Hadrumetinus

736 2924 951 2979 tamen
999 2937 1083 2979 ex
1125 2915 1352 2981 Africa
1393 2916 1528 2979 vita
1565 2920 1625 2991 1,
1669 2919 1742 2999 33
1786 2920 1846 2991 4,
1892 2919 1969 2994 1,·
2012 2920 2117 2991 12,
2169 2917 2247 2993 8,’
2306 2915 2620 2997 originem
2676 2916 2877 2979 traxit
2920 2937 2960 2979 a
3004 2916 3314 2980 Romanis

736 3016 996 3082 familiis
1041 3018 1522 3083 Postumiorum
1567 3027 1630 3082 et
1673 3017 2060 3083 Albinorum
2105 3026 2170 3081 et
2213 3016 2625 3083 Ceioniorum
2680 3018 2817 3081 vita
2857 3023 2917 3093 4,
2963 3022 3022 3081 1.
3106 3018 3313 3083 Natus

738 3118 875 3183 lare
937 3119 1223 3203 modico,
1295 3122 1682 3207 patrimonio
1747 3122 2045 3207 pertenui
2098 3120 2314 3202 (aliter
2364 3119 2718 3187 Herodian.
2767 3119 2808 3184 l.
2852 3119 2892 3184 l.
2952 3122 3016 3186 ἐν
3076 3122 3313 3209 πλούτῳ

734 3226 831 3288 καὶ
891 3231 1087 3311 τρυφῇ
1151 3226 1218 3289 ἐκ
1283 3223 1557 3311 πατέρων
1627 3225 2034 3312 ἀνατραφείς),
2101 3232 2285 3309 patre
2355 3223 2620 3287 Ceionio
2688 3222 3031 3305 Postumo,
3110 3233 3315 3287 matre

739 3324 1010 3390 Aurelia
1052 3325 1403 3392 Messalina
1443 3328 1688 3413 primus
1734 3328 1868 3391 suis
1912 3325 2295 3413 parentibus
2338 3326 2464 3391 fuit
2505 3327 2640 3389 vita
2680 3330 2739 3403 4,
2785 3330 2844 3393 3.
2931 3325 3139 3390 Natus
3181 3326 3314 3391 VII

739 3427 872 3494 kal.
902 3430 1296 3496 Decembres
1325 3430 1459 3495 vita
1485 3435 1544 3505 4,
1576 3434 1616 3494 6
1645 3431 1715 3494 in
1757 3429 2049 3513 epistula.
2139 3429 2217 3494 Vt
2256 3428 2412 3493 haec
2457 3428 2531 3493 de
2570 3429 2919 3511 oriyinibus
2959 3430 3057 3495 ita
3102 3432 3315 3494 omnia

736 3552 1135 3615 quaecunque
1166 3532 1240 3597 de
1267 3532 1455 3597 rebus
1483 3531 1716 3597 Albini
1739 3531 2008 3597 hominis
2030 3532 2282 3614 privati
2313 3531 2383 3595 in
2409 3532 2543 3594 vita
2587 3535 2992 3610 enarrantur,
3037 3531 3317 3597 sublesta

739 3639 886 3699 sunt
912 3635 1054 3718 fide.
1102 3634 1374 3700 Omnem
1407 3635 1750 3719 pueritiam
1784 3635 1852 3697 in
1883 3633 2109 3699 Africa
2139 3634 2452 3716 transegit
2481 3632 2773 3697 eruditus
2802 3632 3032 3699 litteris
3064 3639 3314 3718 graecis

740 3759 817 3801 ac
860 3736 1078 3802 latinis
1122 3736 1533 3802 mediocriter
1573 3738 1710 3801 vita
1751 3742 1810 3814 5,
1857 3742 1914 3801 1.
2004 3735 2407 3801 Adulescens
2468 3737 2685 3800 statim
2744 3758 2812 3799 se
2874 3735 2957 3801 ad
3015 3736 3314 3802 militiam

741 3839 1013 3906 contulit
1055 3851 1251 3928 atque
1279 3840 1626 3905 Antoninis
1653 3844 1781 3926 'per
1810 3838 2090 3905 Lollium
2120 3839 2434 3905 Serenum
2469 3851 2533 3903 et
2560 3838 2876 3904 Baebium
2906 3840 3315 3904 Maecianum

745 3954 809 4009 et
838 3943 1175 4010 Ceionium
1208 3944 1703 4008 Postumianum
1735 3965 1884 4008 suos
1915 3942 2162 4008 adfines
2192 3944 2509 4025 innotuit3
2554 3944 2688 4027 egit
2730 3941 3029 4008 tribunus
3067 3946 3316 4030 equites

741 4045 1097 4129 Dalmatas,
1147 4048 1280 4130 egit
1323 4056 1387 4111 et
1429 4046 1750 4130 legionem
1795 4055 2259 4132 quartanorum
2306 4055 2370 4110 et
2413 4047 2853 4132 primanorum
2894 4046 3030 4109 vita
3069 4050 3126 4129 6,
3159 4052 3312 4113 1-2.

749 4149 919 4216 Ordo
974 4170 1303 4215 munerum
1358 4149 1738 4214 militarium
1795 4153 1854 4213 et
1910 4146 2190 4212 civilium
2244 4168 2407 4230 quae
2457 4152 2800 4231 sequuntur
2839 4148 2911 4212 in
2952 4149 3087 4213 vita
3116 4148 3318 4232 phzne

746 4254 1043 4336 confusus
1072 4257 1194 4318 est:
1234 4263 1619 4336 quaesturae
1647 4252 1861 4335 gratia
1901 4252 1960 4315 ei
2005 4250 2176 4315 facta
2220 4261 2352 4333 est3
2394 4273 2524 4338 qua
2567 4272 2873 4315 concessa
2915 4250 3144 4316 aedilis
3188 4274 3317 4316 non

741 4356 1017 4442 amplius
1061 4377 1255 4441 quam
1300 4354 1524 4420 decem
1567 4354 1796 4419 diebus
1840 4353 1994 4438 fuit,
2059 4353 2232 4440 quod
2280 4353 2363 4417 ad
2409 4354 2765 4418 exercitum
2809 4353 3041 4418 festino
3085 4356 3319 4419 missus

746 4468 878 4542 est3
923 4468 1295 4545 praeturam
1342 4459 1477 4541 egit
1519 4457 1640 4522 sub
1674 4455 2027 4522 Commodo
2072 4456 2579 4538 famosissimam,
2623 4478 2776 4519 nam
2820 4456 3108 4521 eiusdem
3148 4456 3319 4522 ludis

749 4560 1142 4627 Commodus
1201 4570 1267 4625 et
1324 4562 1392 4624 in
1454 4560 1593 4625 foro
1653 4568 1717 4624 et
1771 4561 1838 4624 in
1896 4558 2147 4624 theatro
2206 4580 2457 4644 pugnas
2514 4558 2884 4625 exhibuisse
2942 4559 3321 4645 perhibetur

745 4665 878 4730 vita
908 4669 964 4741 6,
995 4669 1163 4742 6-7;
1206 4663 1584 4750 Bithynicos
1626 4665 1950 4727 exercitus
1993 4684 2066 4726 eo
2113 4671 2417 4747 tempore,
2466 4683 2593 4748 quo
2639 4661 2918 4727 Avidius
2964 4661 3320 4728 rebellabat

749 4767 835 4851 (a.
881 4768 1046 4849 175),
1092 4767 1371 4833 fideliter
1408 4769 1618 4832 tenuit
1658 4767 1795 4831 vita
1837 4771 1895 4843 6,
1940 4771 2005 4843 2,
2054 4765 2294 4848 leyatus
2335 4765 2534 4848 iyitur
2563 4764 2913 4848 Bithyniae
2942 4771 3094 4848 post
3124 4787 3320 4849 prae-

750 4874 960 4933 turam
986 4874 1059 4934 ut
1085 4869 1360 4948 videtur,·
1388 4868 1555 4952 quod
1580 4870 1638 4934 si
1663 4872 1827 4933 recte
1857 4867 2165 4932 traditum
2195 4871 2301 4944 est,
2321 4872 2643 4949 praetura
2668 4887 2913 4933 necesse
2941 4873 3031 4933 est
3066 4869 3321 4950 functus

749 4973 836 5038 sit
888 4973 1004 5036 sub
1052 4973 1149 5038 M.
1194 4972 1553 5049 Antonino,
1613 4993 1739 5036 non
1795 4971 1909 5036 sub
1958 4968 2311 5035 Commodo.
2401 4969 2538 5035 Sub
2585 4968 2938 5035 Commodo
2997 4992 3128 5034 una
3170 4991 3320 5033 cum

748 5075 1101 5139 Pescennio
1138 5076 1342 5160 Nigro
1374 5074 1655 5160 gloriose
1685 5075 1751 5138 in
1781 5075 1990 5138 Dacia
2020 5075 2336 5159 pugnavit
2358 5071 2491 5137 Dio
2524 5078 2625 5150 72,
2656 5076 2719 5136 8.
2763 5071 2995 5138 Consul
3021 5070 3321 5151 suffectus

751 5198 920 5243 anno
960 5180 1216 5257 incert0,
1260 5185 1332 5244 ut
1374 5201 1452 5245 ex
1493 5179 1765 5243 nummis
1794 5181 1852 5241 et
1884 5176 2190 5259 leyatione
2217 5175 2608 5241 Britanniae
2638 5180 2941 5260 apparet3
2983 5175 3097 5240 sub
3139 5176 3321 5240 Gom-
