3859 5992
619 536 1127 594 BELcmovas
1901 528 2031 594 234
2935 539 3298 595 BELLICIV
3300 541 3339 596 S

620 732 703 797 79
744 730 1165 900 {ellssliionius
1223 733 1761 799 medicamentum
1819 735 1992 802 Aelii
2051 735 2224 804 Galli
2286 735 2370 801 ab
2429 735 2729 820 Augusto
2789 737 3042 822 accepit
3103 734 3338 803 Galen.

954 856 1028 918 p.
1058 840 1183 901 170
1214 835 1304 901 K.

619 944 704 1010 80
749 943 825 1014 Ο.
870 945 1180 1012 Bellicius
1239 946 1635 1034 Calpurnius
1693 949 2121 1036 Apolaustus,
2182 952 2255 1016 in
2308 949 2532 1036 fistula
2575 949 2884 1035 plumbea
2933 951 3214 1034 aquaria
3269 952 3342 1015 in

747 1070 905 1132 ayro
947 1049 1242 1116 Romano
1284 1056 1542 1134 reperta
1585 1051 1661 1118 Ο.
1700 1051 1927 1118 Bellici
1969 1052 2281 1140 Calpurni
2326 1053 2668 1140 Apolausti
2712 1053 3057 1132 Lamiani,
3101 1053 3339 1138 sylloye

747 1152 1025 1235 aquaria
1064 1173 1129 1217 n.
1158 1157 1302 1219 333.

618 1262 694 1326 81
751 1270 816 1327 C.
860 1272 1225 1329 BELLIGVS
1286 1274 1755 1331 CALPVRNIVS
1815 1264 2348 1352 [T]ORQVATVS‚
2417 1264 2661 1350 consul,
2709 1265 2873 1331 civis
2916 1274 2982 1330 et
3020 1276 3337 1353 patronus

743 1364 1215 1430 Viennensium
1255 1365 1418 1432 XII
1449 1371 1615 1433 1853
1644 1371 1688 1437 t.
1722 1368 2106 1435 Viennensis,
2178 1368 2396 1436 Potest
2423 1388 2553 1435 esse
2588 1367 2807 1434 consul
2849 1389 2911 1433 a.
2942 1372 3067 1433 143
3109 1368 3199 1453 (n.
3227 1368 3335 1452 86)

744 1467 842 1533 vel
886 1489 946 1534 a.
989 1471 1119 1534 148
1161 1469 1250 1553 (n.
1293 1468 1426 1552 87).

616 1586 700 1653 82
747 1585 822 1653 Ο.
840 1586 931 1670 (P)
975 1587 1261 1654 Bellicus
1303 1588 1744 1659 Marcellinus.
1831 1591 1917 1657 In
1958 1591 2169 1676 lapide
2209 1589 2604 1675 municipali,
2648 1590 2761 1675 qui
2799 1589 3079 1656 Romam
3125 1593 3337 1655 trans-

747 1689 918 1755 latas
964 1695 1196 1773 postea
1251 1691 1341 1757 ad
1396 1692 1559 1758 alios
1613 1714 1767 1759 usus
1826 1693 2152 1760 adhibitus
2206 1700 2331 1772 est,
2393 1715 2470 1760 αι·
2520 1692 2705 1758 titulo
2745 1691 3072 1776 primario
3123 1688 3338 1771 (semel

747 1796 1043 1859 accurate
1073 1815 1115 1859 a
1148 1793 1386 1860 Smetio
1429 1794 1761 1880 descripte,
1806 1797 2192 1880 interpolato
2224 1819 2267 1862 a
2294 1793 2583 1881 Liyorio')
2626 1798 2997 1880 supersunt:
3042 1843 3060 1859 .
3088 1843 3106 1860 .
3133 1843 3151 1859 .
3173 1841 3191 1859 .
3235 1815 3334 1880 pr.

746 1893 813 1959 k.
861 1895 999 1963 Ian.
1046 1945 1062 1962 .
1088 1944 1105 1962 .
1131 1945 1148 1961 .
1174 1944 1232 1962 ..
1292 1896 1375 1978 Q.
1436 1897 1654 1962 Sossio
1714 1897 2057 1985 [Falcone]
2116 1898 2190 1966 Ο.
2245 1899 2487 1965 Erucio
2546 1895 2770 1984 Cl[aro
2831 1894 2992 1982 cos.]
3054 1896 3143 1975 (a.
3188 1899 3335 1982 193)

745 1996 947 2062 isdem
993 1998 1132 2065 IIII
1173 2048 1189 2065 .
1215 2050 1230 2065 .
1258 2048 1275 2063 .
1300 2048 1316 2065 .
1360 1998 1529 2083 O.(‘?)
1569 1998 1814 2066 Bellico
1860 1999 2303 2088 Marcelli[no]
2347 2024 2506 2067 cura
2549 2012 2782 2085 agente
2824 1998 3116 2065 Turellio
3162 1997 3336 2063 Feli-

746 2100 1004 2166 cissimo
1051 2101 1134 2166 ob
1178 2100 1651 2168 dedicationem
1696 2105 1834 2169 eius
1879 2103 2113 2186 ded(it)
2159 2110 2271 2170 etc.
2320 2104 2423 2169 VI
2447 2108 2678 2172 11730.
2757 2103 2935 2184 Quae
2973 2100 3336 2168 Mommsen

745 2200 789 2267 l.
841 2201 884 2268 l.
945 2203 1034 2268 ad
1083 2203 1198 2269 hoc
1261 2204 1611 2288 exemplum
1673 2205 2017 2290 amplem‘t:
2081 2204 2466 2291 [dedicavit]
2530 2229 2628 2292 pr.
2687 2204 2821 2271 kal.
2881 2205 3058 2288 Ian.,
3126 2200 3331 2267 isdem

746 2303 856 2385 (=
901 2304 1090 2389 idem)
1135 2307 1273 2373 1111
1318 2305 1433 2392 [id.
1479 2306 1650 2393 Ian.]
1694 2308 1770 2375 Ο.
1815 2308 2062 2375 Bellico
2107 2306 2546 2394 Marcelli[no]
2587 2307 2799 2395 [cos.]‚
2846 2329 3005 2372 cura
3045 2309 3158 2374 ete.
3240 2304 3338 2369 At

743 2426 848 2472 res
889 2408 1137 2474 ineerta
1193 2415 1322 2489 θείς
1375 2431 1529 2476 nam
1574 2410 1854 2477 Smetius
1896 2412 2146 2478 exhibet
2186 2430 2373 2478 lsmm
2420 2430 2496 2477 ΕΤ
2539 2460 2557 2476 .
2579 2460 2595 2477 .
2623 2460 2641 2477 .
2685 2416 2746 2477 et
2784 2410 3021 2476 mirum
3064 2411 3224 2473 esset
3265 2407 3335 2471 in

744 2513 789 2574 t.
834 2510 1212 2594 municipali
1263 2513 1379 2578 sub
1435 2513 1625 2596 finem
1680 2513 1923 2579 saeculi
1963 2513 2057 2579 II
2100 2534 2338 2578 annum
2381 2514 2812 2598 siqnificatum
2854 2531 2986 2577 esse
3016 2532 3144 2595 per
3187 2531 3333 2575 eon-

737 2612 904 2678 sules
944 2611 1260 2693 suffectae,
1308 2617 1515 2699 mayis
1552 2616 1788 2681 mirum
1815 2638 1943 2699 per
1983 2637 2201 2682 unum.

613 2732 699 2797 83
746 2741 809 2796 C.
854 2741 1223 2797 BELLICVS
1292 2742 1651 2818 NATALIS,
1722 2734 1948 2800 consul
2004 2736 2311 2801 suffectus
2368 2757 2588 2800 mense
2646 2734 2919 2801 Octobri
2979 2754 3192 2820 usque
3244 2731 3328 2797 ad

744 2833 940 2898 finem
998 2837 1149 2899 anni
1210 2836 1293 2900 68
1353 2857 1500 2902 cum
1558 2838 1634 2902 P.
1696 2836 2002 2903 Cornelio
2063 2838 2367 2924 Scipione
2424 2839 2735 2908 Asiatico,
2822 2837 2911 2904 In
2960 2835 3332 2903 consulatu:

739 2933 811 3004 Ο.
873 2936 1156 3002 Bellicus
1213 2936 1466 3003 Natalis
1525 2939 1683 3005 idib.
1744 2939 2015 3007 Octobr.
2072 2940 2175 3007 VI
2206 2946 2358 3019 471,
2418 2964 2477 3010 a.
2540 2941 2603 3007 d.
2648 2942 2752 3007 XI
2802 2939 2935 3007 kal.
2982 2939 3124 3004 Ian.
3170 2937 3326 3022 dipl.

738 3038 871 3107 mil.
901 3039 1034 3104 III
1054 3040 1125 3105 S.
1173 3038 1277 3105 VI
1295 3070 1379 3095 =
1404 3041 1475 3107 X
1511 3046 1703 3120 7891,·
1746 3041 1821 3110 Ο.
1867 3041 2156 3108 Bellicus
2200 3042 2450 3109 Natalis
2495 3043 2600 3109 VI
2625 3047 2811 3109 8680.
2853 3030 2942 3089 ·-’
2985 3038 3060 3107 Ο.
3094 3039 3327 3105 Bellici

739 3140 987 3206 Natalis
1030 3144 1206 3207 servi
1254 3142 1358 3210 VI
1387 3148 1569 3211 9450.
1613 3149 1820 3211 13590
1866 3145 1955 3211 ad
1993 3145 2161 3212 hunc
2202 3147 2527 3230 pertimere
2570 3150 2843 3232 possunt
2896 3144 2994 3212 vel
3051 3142 3142 3210 ad
3182 3161 3327 3210 con-

737 3242 938 3309 sulem
982 3265 1043 3310 a.
1086 3248 1190 3312 87.

609 3363 694 3428 84
740 3373 803 3429 G.
845 3373 1212 3430 BELLICVS
1256 3374 1581 3432 NATALIS
1626 3377 2128 3453 TEBANIANVS,
2174 3368 2401 3435 consul
2442 3369 2646 3452 (suff.)
2681 3389 2902 3433 mense
2930 3365 3108 3431 Maio
3154 3388 3208 3431 a.
3239 3365 3323 3430 87

739 3488 888 3533 cum
946 3466 1021 3534 Ο.
1078 3468 1375 3535 Ducenio
1433 3469 1711 3535 Proculo
1774 3471 1877 3536 VI
1905 3477 2076 3539 2065
2136 3477 2285 3537 acta
2335 3471 2697 3538 Arvalium.
2760 3507 2837 3518 —-
2898 3472 2981 3538 G.
3043 3467 3325 3534 Bellicus

738 3571 989 3638 Natalis
1033 3573 1469 3657 Tebanianus‚
1531 3573 1773 3658 consul,
1822 3576 1956 3641 XV
1971 3577 2093 3659 vir,
2140 3575 2528 3643 Flavialium
2575 3575 2846 3662 (eolleyii
2888 3571 3154 3655 sodalis)
3197 3569 3320 3636 XI

735 3679 898 3740 1430
956 3679 998 3740 t.
1056 3675 1340 3743 Pisanus
1394 3677 1794 3763 sarcophayi.
1882 3678 2104 3746 Fam
2157 3678 2408 3746 videtur
2456 3679 2527 3750 Ο.
2568 3679 2805 3746 Bellici
2850 3675 3116 3744 Natalis
3173 3692 3319 3740 con-

732 3779 890 3844 sulis
935 3800 997 3843 a.
1042 3783 1143 3844 68.

603 3898 686 3963 85
729 3907 795 3962 L.
856 3907 1250 3964 BEmelvs
1312 3909 1644 3966 SOLLERS
1691 3930 1775 3955 ==
1826 3900 1987 3987 [Ti]
2048 3899 2421 3988 [Claudius]
2479 3901 2779 3988 Alpinus.
2888 3896 3089 3965 Tituli
3131 3895 3319 3962 Vero-

729 4021 984 4067 nenses:
1024 4001 1156 4084 ipsi
1182 4004 1437 4086 positus
1480 4009 1628 4069 ante
1672 4004 2072 4087 adoptionem
2115 4005 2197 4069 ab
2240 4026 2439 4070 uaeore
2482 4003 2546 4068 V
2574 4008 2737 4070 3356
2777 4003 2888 4087 (1),
2931 4003 3320 4067 memoratur

728 4109 879 4187 post
935 4104 1333 4187 adoptionem
1390 4109 1460 4172 in
1519 4112 1562 4171 t.
1607 4109 1830 4191 patris
1884 4107 2210 4172 naturalis
2268 4107 2332 4172 V
2358 4111 2531 4172 3337
2570 4107 2686 4191 (2),
2731 4105 2955 4171 amoris
2994 4107 3160 4169 3338
3203 4101 3313 4183 (3).

730 4206 844 4270 Ad
899 4206 1159 4272 eundem
1216 4229 1358 4273 eum
1414 4209 1853 4292 Hirschfeldio
1906 4210 2069 4275 mihi
2119 4209 2490 4292 referendus
2530 4208 2777 4274 videtur
2820 4213 2863 4275 t.
2906 4205 3316 4274 Dalmaticae

730 4309 863 4374 III
897 4309 967 4376 S.
1013 4314 1221 4376 13250
1263 4310 1373 4395 (4),
1433 4313 1551 4377 ubi
1603 4317 1993 4378 memoratur
2035 4312 2398 4377 terminatio
2447 4312 2630 4393 faeta
2670 4333 2789 4392 per
2831 4310 3313 4393 Augustianum

733 4409 1048 4478 Bellicum
1106 4436 1280 4500 proc·
1343 4414 1516 4498 Aug.
1621 4414 1798 4480 Nam
1854 4414 2023 4497 qaod
2075 4435 2198 4480 von
2253 4414 2726 4480 Domaszewski
2781 4413 2819 4478 l.
2869 4413 2910 4479 l.
2955 4413 3200 4477 statuit.
3221 4412 3320 4477 ibi

734 4515 790 4581 C
795 4515 1081 4581 laudium
1125 4517 1573 4601 Augustanum
1616 4517 1721 4600 (V
1734 4516 1922 4599 3337)
1955 4523 2212 4602 patrem
2258 4517 2550 4584 Sollertis
2589 4519 2795 4582 nostri
2834 4514 3314 4598 intelleyendum
3350 4578 3354 4582 .

727 4640 856 4684 esse
913 4625 973 4684 et
1030 4619 1365 4687 Sollertem
1428 4642 1557 4687 non
1619 4621 1828 4705 filiwm
1890 4620 2279 4698 naturalem,
2348 4619 2457 4685 sed
2520 4619 2881 4704 adoptivam
2944 4617 3317 4702 Auyustani

727 4724 926 4806 fuisse
945 4774 962 4802 ‚
1028 4725 1341 4791 sententia
1403 4726 1538 4791 eius
1601 4725 1810 4790 minus
1861 4724 2233 4807 probabilis
2294 4722 2558 4801 videtur,
2620 4744 2690 4788 eo
2749 4722 2916 4805 qaod
2967 4726 3186 4787 nostro
3243 4741 3313 4784 eo

728 4831 1021 4911 tempore,
1083 4849 1203 4911 qao
1263 4829 1483 4894 consul
1544 4833 1685 4895 erat
1725 4827 1822 4894 vel
1864 4829 2097 4910 fuerat,
2143 4848 2367 4892 nomen
2404 4825 2796 4911 yentilieium
2838 4823 3069 4889 Bellici
3114 4823 3314 4906 fuisse

726 4952 804 4997 ex
861 4935 904 4998 t.
947 4937 990 4997 3
1033 4937 1323 5017 apparet.
1423 4932 1691 4999 Accedit
1748 4931 1916 5015 quod
1973 4932 2044 4997 in
2102 4930 2347 4996 duobus
2403 4930 2555 4995 aliis
2611 4928 2968 4995 hominibus
3021 4927 3311 5011 (quorum

724 5035 987 5101 nomina
1029 5036 1213 5118 infra
1257 5036 1479 5120 posita
1520 5034 1690 5118 sumt)
1736 5034 1947 5101 eodem
1995 5033 2178 5099 modo
2222 5033 2559 5098 coniuncta
2601 5031 3004 5096 inveniantur
3044 5028 3313 5093 nomina

723 5139 1148 5223 Augustanus
1178 5139 1463 5226 Alpinus
1506 5138 1816 5205 Bellicius
1859 5136 2121 5204 Sollers.
2187 5135 2415 5218 Itaque
2458 5140 2519 5200 et
2558 5138 2773 5199 nostro
2804 5130 3007 5217 plena
3047 5131 3311 5198 nomina
