3859 5992
726 540 994 605 onnus
2015 536 2143 606 482
3049 540 3426 606 cmspnws

852 747 1304 830 epiyrammate
1359 746 1566 830 filium
1608 745 1818 812 Drusi
1873 745 2331 823 intellexerunt,
2390 765 2634 811 necesse
2686 751 2777 811 est
2824 747 3145 829 pertinere
3202 745 3292 811 ad
3330 767 3428 810 ev-

847 848 1204 931 peditiones
1247 872 1309 915 a.
1355 854 1538 915 15s16
1568 872 1641 932 p.
1685 849 1757 915 G.
1843 847 2051 913 Prout
2095 849 2351 931 quisque
2393 848 2619 913 horum
2659 848 2757 912 vel
2786 850 3085 930 priorum
3128 848 3426 913 iudicium

850 952 1177 1033 probabit,
1225 953 1322 1016 ita
1353 952 1738 1017 Mommseni
1778 952 2120 1017 sententiae
2151 951 2277 1034 (die
2318 950 2729 1017 Oertlichkeit
2758 951 2869 1016 der
2896 950 3431 1017 Varus-Schlacki

845 1074 920 1135 p.
951 1059 1040 1118 62
1067 1054 1222 1139 sqq.)
1269 1057 1647 1120 assentietur
1677 1060 1791 1119 aut
1824 1055 2269 1137 refraqabitur
2298 1055 2494 1137 epiyr.
2528 1059 2587 1137 9,
2620 1058 2747 1120 291
2792 1054 2880 1118 ad
2920 1054 3165 1119 cladem
3206 1052 3430 1118 Varia-

850 1177 1001 1220 nam
1037 1158 1386 1240 referentis.
1469 1160 1864 1240 Quamquam
1891 1162 1964 1222 nt
1991 1179 2062 1221 re
2088 1178 2239 1221 vera
2278 1156 2675 1240 Crinayoras
2712 1157 2802 1222 ad
2826 1157 3161 1240 imperium
3198 1156 3436 1222 Iliberii

854 1258 1168 1324 adm'xerit
1185 1311 1200 1337 ,
1246 1261 1441 1325 verba
1485 1262 1619 1325 eius
1663 1261 2142 1343 epiyrammatis
2183 1261 2396 1342 aptius
2441 1259 2530 1324 ad
2566 1258 2939 1324 Germanici
2980 1259 3429 1342 expeditionem

853 1382 915 1425 a.
945 1366 1027 1426 16
1043 1384 1116 1445 p.
1143 1362 1215 1428 Ο.
1243 1364 1577 1446 referenda
1607 1384 1735 1427 esse
1773 1364 1911 1426 iure
1946 1361 2332 1427 Rubensohn
2355 1383 2430 1444 p.
2463 1367 2550 1427 21
2580 1363 2938 1426 observasse
2972 1363 3136 1426 mihi
3167 1363 3429 1427 videtur.

851 1464 1060 1546 Atque
1105 1465 1460 1530 Mommsen
1519 1488 1594 1530 ea
1654 1465 1977 1541 carmina,
2035 1486 2196 1547 quac
2254 1464 2342 1529 ad
2386 1463 2841 1529 Germanicum
2882 1464 3091 1529 Drusi
3131 1466 3341 1548 filium
3378 1470 3433 1529 el

853 1568 942 1632 acl
983 1567 1224 1632 cladem
1269 1568 1620 1632 Varianam
1663 1567 2015 1645 rettulerat,
2065 1566 2255 1632 aliter
2286 1587 2476 1650 posse
2521 1566 2837 1650 explicari
2876 1569 3011 1650 ipse
3039 1573 3273 1650 postea
3314 1588 3435 1631 non

849 1670 1102 1751 neyavit
1145 1670 1531 1754 (Sitzunqsb.
1563 1692 1635 1752 p.
1668 1669 1837 1753 981).
1868 1707 1954 1715 ——
1995 1670 2278 1752 Augusti
2324 1667 2550 1734 laudes
2596 1668 2999 1755 praedicavit
3042 1668 3432 1753 Crinagoras

858 1772 1054 1853 epiqr.
1087 1778 1144 1855 9,
1177 1778 1323 1839 291.
1350 1778 1489 1838 419.
1522 1777 1669 1850 562,
1701 1772 1784 1837 ad
1814 1772 1916 1854 (C.
1953 1771 2360 1855 Sallustium)
2393 1772 2699 1858 Crispum
2731 1772 2938 1853 (infra
2969 1772 3026 1838 S
3050 1772 3154 1856 61)
3183 1775 3439 1859 scripsit

855 1875 1049 1956 (pior.
1082 1880 1180 1952 16,
1210 1881 1308 1940 40.
1377 1874 1761 1940 Parthenius
1812 1885 2005 1960 poeta
2042 1874 2287 1939 librum
2333 1877 2391 1939 ei
2438 1873 2766 1938 dedicavit
2809 1876 3194 1960 inscriptum
3228 1873 3434 1961 Κρινα-

851 1975 1033 2063 γόρας
1062 1977 1143 2057 cf.
1175 1976 1386 2059 Etym.
1416 1977 1643 2059 Maon.
1676 1997 1724 2041 3.
1759 1998 1814 2041 v.
1847 1977 2052 2062 ἅρπυς.
2102 1977 2506 2041 Memoratnr
2537 1977 2735 2060 epiyr.
2770 1975 3071 2059 Phihppi
3096 1981 3153 2052 4,
3179 1982 3246 2052 2,
3272 1980 3332 2041 8.
3361 2013 3431 2021 -

856 2078 1164 2143 Poemata
1208 2078 1452 2162 colleyit
1495 2078 1899 2155 Rubensohn,
1950 2078 2343 2161 Grinayorae
2388 2078 2765 2161 Mytilinaei
2802 2079 3288 2160 epigrammata.

731 2179 891 2245 1291
942 2180 1194 2264 Crinas,
1235 2180 1674 2262 Massiliensis,
1716 2180 2008 2246 medicus
2048 2180 2507 2246 celeberrimus
2538 2192 2749 2246 aetate
2780 2180 3077 2260 NeroniS,
3109 2183 3227 2268 qui
3254 2190 3371 2245 HS.
3400 2192 3438 2250 C

857 2281 1120 2368 reliquit
1174 2285 1380 2349 muris
1437 2285 1687 2370 patriae
1742 2283 2221 2371 moenibusque
2279 2283 2421 2348 aliis
2470 2305 2678 2370 paene
2721 2304 2850 2348 non
2894 2285 3144 2348 minore
3190 2306 3437 2349 summa

857 2388 1172 2451 extructis
1219 2386 1397 2451 Plin.
1441 2409 1505 2452 n.
1549 2386 1610 2450 h.
1654 2391 1761 2463 29,
1802 2392 1862 2452 9.

770 2524 856 2533 —
898 2498 1163 2553 VLPIVS
1211 2498 1576 2556 chNITVS.

737 2591 896 2655 1292
942 2599 1304 2673 CRISPINA,
1351 2591 1429 2659 Τ.
1462 2591 1642 2655 Vinii
1688 2590 1822 2656 filia
1853 2613 2089 2676 corpus
2127 2594 2331 2678 patris
2372 2593 2565 2656 occisi
2597 2615 2655 2659 a.
2688 2593 2772 2657 69
2802 2593 3165 2677 composuit
3203 2591 3352 2658 Tac.
3382 2592 3439 2657 Ιι.

860 2699 917 2769 1,
949 2698 1050 2771 47,
1099 2693 1434 2758 Plutarch.
1470 2693 1689 2759 Galba
1731 2698 1855 2772 23,-
1898 2693 2101 2757 vidua
2150 2694 2294 2761 Tac.
2337 2694 2400 2759 h.
2440 2700 2498 2772 1,
2537 2699 2636 2771 13,
2685 2693 3023 2762 Plutarch.
3066 2694 3289 2759 Galba
3336 2700 3442 2771 17,-

859 2817 900 2859 a
942 2795 1265 2878 Tigellino
1311 2807 1572 2861 servata
1624 2797 1773 2862 Tac.
1819 2796 1880 2861 h.
1927 2802 1985 2879 1,
2037 2802 2140 2862 72.

774 2934 859 2943 -
901 2907 1157 2963 ASINIA
1204 2908 1567 2963 CRISPINA.

774 3037 859 3047 —
904 3002 1284 3083 (BRVTTIA)
1331 3010 1678 3066 cmstA
1721 3031 1803 3055 ε
1851 3010 2198 3066 CRISPINA
2242 3010 2609 3066 Avcvs‘rA.

774 3139 859 3148 ——
902 3112 1128 3168 LVCIA
1175 3112 1513 3168 LORENIA
1561 3113 1943 3169 CORNELIA
1989 3112 2350 3168 CRISPINA.

774 3243 859 3253 —
903 3216 1137 3272 NOVIA
1181 3216 1546 3273 CRISPINA.

771 3345 853 3355 —
903 3308 1283 3393 [VALJERIA
1329 3311 1666 3395 MAR[CIA]
1713 3321 2069 3376 HOSTILIA
2120 3320 2467 3375 CRISPINA
2514 3321 2803 3376 MOECIA
2852 3320 3256 3379 CORNELIA.

774 3449 861 3458 —
904 3422 965 3476 C.
1043 3421 1558 3478 PRAECELLIVS
1644 3424 2076 3479 AVGVRINVS
2150 3424 2469 3479 VETTIVS
2558 3425 2838 3479 FESTVS
2913 3424 3437 3479 CRISPINIANVS

860 3524 1106 3580 VIBIVS
1153 3525 1398 3581 VERVS
1447 3526 1874 3585 CASSIANVS.

737 3618 903 3683 1293
946 3626 1439 3702 CRISPINILLA,
1487 3630 1696 3685 mater
1723 3619 1798 3685 C.
1824 3620 2069 3686 Valerii
2103 3620 2480 3686 Terentiani
2520 3620 2861 3686 clarissimi
2909 3620 3080 3705 [viri]
3126 3623 3264 3687 III
3282 3626 3440 3686 1989

861 3726 904 3786 t.
951 3719 1393 3788 Salonitanus.

772 3859 855 3868 -—
904 3832 1178 3887 CALVIA
1226 3833 1720 3890 CRISPINILLA.

771 3958 857 3971 ·—-
900 3935 1191 3990 MARCIA
1239 3925 1782 4012 CRISP[1N1LL]A.

735 4030 900 4095 1294
945 4028 1019 4094 C.
1067 4028 1432 4115 Crispinius
1479 4030 1764 4113 Hilarus,
1814 4053 1899 4095 ex
1944 4032 2230 4115 ingenua
2273 4030 2462 4117 plebe
2506 4030 2871 4097 Faesulana
2915 4042 3127 4097 aetate
3156 4033 3438 4117 Augusti

856 4131 1037 4218 prole
1081 4134 1355 4215 insignis
1400 4132 1577 4198 Plin.
1623 4155 1686 4199 n.
1731 4133 1793 4199 h.
1841 4140 1897 4211 7,
1945 4138 2046 4199 60.

738 4237 899 4301 1295
946 4244 1349 4318 CRISPINVS,
1384 4235 1740 4301 consularis
1772 4259 1829 4302 a.
1861 4237 1987 4302 238
2019 4235 2386 4323 Aquileiam
2434 4248 2659 4303 contra
2688 4237 3119 4302 Maximinum
3150 4238 3443 4303 defendit

857 4337 1210 4404 Herodian.
1243 4342 1302 4415 8,
1341 4343 1406 4416 2,
1445 4342 1485 4403 5
1497 4359 1518 4418 ;
1561 4343 1621 4417 8,
1660 4345 1722 4417 3,
1759 4345 1816 4404 4.
1850 4344 1909 4417 7,
1958 4339 2103 4405 inde
2144 4342 2252 4408 vit.
2287 4341 2645 4406 Maximini
2670 4346 2776 4408 21.
2807 4345 2905 4407 22
2932 4347 2991 4407 et
3018 4343 3127 4406 vit.
3158 4341 3444 4406 Maximi

859 4446 917 4504 et
959 4440 1235 4504 Balbini
1274 4446 1377 4506 12.

733 4544 899 4608 1296
944 4542 1302 4629 Crispinus,
1337 4545 1649 4627 centurio,
1681 4546 1792 4631 qui
1841 4547 2158 4630 sanguine
2202 4547 2434 4611 Fontei
2476 4546 2813 4632 Capitonis
2858 4569 2929 4611 se
2962 4558 3435 4629 cruentaverat,

859 4669 898 4710 a
946 4644 1206 4711 Vitellio
1265 4669 1435 4711 anno
1495 4646 1580 4712 69
1639 4647 1954 4713 militibus
2021 4660 2094 4714 ut
2158 4648 2487 4736 piaculum
2554 4649 2842 4716 obiectus
2904 4661 2969 4715 et
3028 4652 3280 4716 occisus
3346 4662 3437 4715 est

868 4748 1014 4814 Tac.
1059 4747 1121 4812 Ιι.
1168 4755 1226 4826 1,
1269 4753 1371 4817 58.

737 4851 898 4917 1297
946 4850 1303 4936 Crispinus,
1358 4862 1529 4916 ‘cum
1582 4875 1733 4939 pars
1777 4854 2069 4918 Niliacae
2112 4852 2338 4939 plebis,
2388 4877 2535 4920 cum
2582 4877 2785 4920 verna
2814 4854 3067 4943 Canopi
3099 4855 3434 4941 Crispinus

859 4955 1096 5039 Tyrias
1138 4975 1358 5018 umero
1400 4966 1746 5021 revocante
1789 4956 2083 5021 lacernas
2118 4956 2390 5023 ventilet
2429 4960 2751 5023 aestivum
2791 4957 3010 5041 digitis
3054 4957 3436 5023 sudantibus

860 5079 1090 5122 aurum
1156 5077 1276 5120 nec
1342 5058 1614 5122 sufferre
1675 5071 1872 5145 queat
1935 5061 2197 5125 maioris
2265 5061 2556 5146 pondera
2616 5083 2940 5145 gemmae,
3011 5061 3274 5125 difficile
3342 5070 3437 5124 est

859 5170 1146 5224 saturam
1178 5181 1305 5223 non
1338 5161 1642 5226 scriberc’
1671 5162 1958 5228 Juvenal.
1988 5168 2048 5241 1,
2079 5168 2318 5229 26-30.
2372 5165 2451 5229 In
2485 5187 2631 5230 eum
2663 5164 2996 5230 invehitur
3024 5164 3111 5229 id.
3143 5170 3202 5243 4,
3237 5167 3437 5229 1-33:
