3859 5992
530 504 891 562 coccEIvs
1823 503 1952 568 429
2869 518 3230 575 COCCEIVS

778 701 1005 768 Omnis
1049 704 1254 769 divini
1301 705 1698 793 humanique
1743 710 1901 773 iuris
1947 711 2156 775 sciens
2195 712 2342 776 Tac.
2384 733 2442 777 a.
2490 718 2547 790 6,
2594 718 2683 780 26
2695 734 2717 792 ,·
2756 715 3027 781 scientia
3071 718 3231 783 iuris

649 804 916 871 illustris
974 805 1277 876 Frontin.
1338 808 1378 873 l.
1425 808 1465 873 l.
1564 809 1751 875 Ateio
1815 811 2117 897 Capitoni
2178 814 2503 879 Masurius
2561 814 2843 882 Sabinus
2902 821 3228 903 successit,

649 909 936 974 Labeoni
998 910 1249 994 Nerva,
1309 912 1422 998 qui
1478 911 1693 977 adhuc
1752 936 1858 979 eas
1916 914 2349 981 dissensiones
2394 928 2724 984 auxerunt
2767 917 3030 1000 (scilieet
3072 944 3233 1005 quae

645 1014 903 1095 fuerant
937 1015 1104 1079 inter
1134 1012 1502 1097 Capitonem
1531 1020 1591 1080 et
1616 1017 2001 1101 Labeonem)
2032 1018 2422 1103 Pomponius
2466 1021 2507 1086 l.
2555 1022 2595 1087 l.
2680 1021 2937 1089 Citatur
2980 1047 3023 1090 a
3062 1025 3234 1091 Gaio

647 1117 791 1181 inst.
831 1120 898 1193 2,
945 1120 1043 1182 15.
1088 1121 1239 1195 195,-
1293 1123 1353 1195 3,
1399 1122 1519 1183 133
1561 1123 1623 1184 et
1665 1121 1911 1201 passim
1956 1123 2025 1186 in
2067 1120 2350 1206 Diyestis
2394 1125 2475 1206 cf.
2524 1125 2734 1203 Lenel,
2781 1126 3235 1211 Palinyenesia

650 1218 699 1281 I
719 1239 793 1300 p.
829 1221 966 1286 789.
1010 1256 1096 1265 -
1140 1218 1297 1283 Divi
1341 1219 1602 1285 Nervae
1647 1245 1808 1287 avus
1849 1221 2150 1290 Frontin.
2197 1224 2236 1289 l.
2286 1224 2325 1290 l.

517 1319 644 1385 973
694 1326 799 1401 (Μ.
838 1324 1224 1405 COCCEIVS)
1256 1330 1533 1406 NERVA,
1581 1325 1721 1389 iure
1751 1325 2100 1411 consultus,
2150 1337 2335 1413 pater
2378 1329 2802 1415 imperatoria
2871 1331 3071 1416 Apud
3094 1335 3234 1399 iure

651 1422 963 1488 consultos
1003 1444 1246 1507 semper
1290 1424 1526 1490 dicitur
1566 1426 1787 1493 Nerva
1828 1427 2022 1513 filius,
2069 1429 2312 1495 scilicet
2351 1431 2526 1514 filius
2569 1433 2703 1498 eius
2743 1435 2855 1515 qui
2883 1436 3232 1518 praecedit.

647 1526 904 1590 Nervae
934 1524 1171 1611 (patri)
1203 1530 1511 1593 successit
1541 1529 1876 1614 Proculus,
1922 1531 2050 1596 fuit
2092 1531 2318 1597 eodem
2367 1542 2654 1620 tempore
2698 1546 2764 1600 et
2800 1536 3019 1602 Nerva
3059 1536 3232 1602 filius

652 1629 1042 1712 Pomponius
1084 1629 1329 1713 Diyest.
1371 1636 1419 1709 1,
1452 1637 1516 1709 2,
1549 1638 1616 1712 2,
1645 1638 1753 1702 52.
1821 1634 2055 1699 Aetate
2099 1658 2417 1701 annorum
2455 1636 2675 1703 decem
2722 1649 2787 1704 et
2830 1650 3076 1726 septem
3120 1664 3237 1720 aut

651 1732 843 1818 paulo
903 1734 1148 1798 maiore
1209 1733 1417 1798 fertur
1472 1734 1697 1801 Nerva
1754 1736 1925 1802 filius
1985 1748 2050 1803 et
2109 1738 2372 1825 publice
2430 1739 2512 1804 de
2570 1741 2710 1805 iure
2768 1744 3235 1829 responsitasse

659 1837 975 1920 leianus
1017 1835 1262 1920 Diyest.
1310 1844 1371 1915 3,
1417 1843 1474 1918 1,
1513 1843 1572 1915 1,
1610 1845 1669 1904 3.
1745 1840 1947 1905 Liber
1991 1843 2129 1906 eius
2174 1842 2255 1907 de
2301 1844 2803 1929 usucapionibus
2845 1855 3236 1910 memoratur

654 1963 696 2004 a
741 1940 1107 2021 Papiniano
1153 1939 1398 2023 Diyest.
1438 1946 1537 2019 41,
1566 1947 1632 2019 2,
1663 1948 1762 2010 47.
1850 1942 2110 2009 Citatur
2149 1946 2406 2028 saepius
2447 1949 2518 2012 in
2561 1946 2847 2031 Diyestis
2890 1949 2973 2030 cf.
3019 1948 3235 2026 Lenel,

655 2042 1106 2125 Palinyenesia
1149 2043 1201 2108 I
1227 2065 1293 2125 p.
1322 2047 1464 2111 791.

792 2144 974 2227 Quod
999 2144 1279 2228 Prosper
1302 2151 1454 2229 post
1482 2146 1764 2213 consules
1795 2150 1953 2213 anni
1980 2152 2065 2213 38
2096 2146 2290 2227 affert
2319 2148 2659 2215 Publicola
2689 2161 2754 2215 et
2779 2151 3020 2235 Nerva,
3053 2151 3240 2216 multi

657 2269 761 2315 eos
803 2247 1084 2314 consules
1124 2247 1419 2327 suffectos
1463 2271 1522 2318 α.
1556 2255 1639 2315 40
1676 2255 1736 2315 et
1768 2250 2050 2315 Nervam
2092 2251 2257 2316 hunc
2299 2253 2498 2334 fuisse
2530 2258 2788 2335 patrem
2834 2255 3238 2336 imperatoris

658 2355 1065 2436 putaverunt.
1153 2352 1248 2417 At
1296 2352 1577 2436 Prosper
1624 2375 1836 2420 errore
1884 2355 2095 2420 nescio
2135 2354 2298 2421 unde
2346 2360 2481 2420 orto
2527 2355 2808 2421 consules
2851 2378 2911 2421 a.
2960 2361 3085 2421 718
3127 2358 3236 2441 (cf.

656 2477 719 2524 n.
756 2455 904 2537 971)
949 2455 1253 2537 repetim‘t.

530 2560 658 2625 974
702 2569 781 2625 Μ.
829 2567 1189 2623 COCCEIVS
1233 2567 1494 2623 NERVA
1522 2590 1604 2613 ε’-
1637 2570 1788 2624 ΙΜΡ.
1821 2569 2080 2624 NERVA
2127 2569 2421 2625 CAESAR
2463 2570 2868 2626 AVGVSTVS.
2936 2561 3241 2628 Privatus

655 2663 877 2746 posuit
922 2666 965 2726 t.
1013 2661 1265 2728 Sentini
1292 2662 1413 2728 XI
1427 2667 1625 2729 5743.-
1667 2662 1755 2729 M.
1790 2662 2103 2729 Cocceius
2150 2663 2260 2747 [M.
2301 2663 2345 2729 f.
2391 2663 2652 2747 Nerva],
2700 2686 2929 2749 augur,
2978 2664 3238 2749 sodal[is

665 2764 986 2849 August.],
1036 2765 1332 2851 [praetor‚
1381 2766 1707 2853 quaestor]
1758 2765 1916 2850 urb.‚
1951 2766 2153 2831 VIvir
2184 2766 2458 2851 turma[e
2488 2788 2590 2852 eq.
2621 2766 2721 2851 R.]
2770 2816 2785 2831 .
2813 2818 2826 2831 .
2850 2817 2865 2832 .
2892 2817 2947 2850 .,
2996 2766 3239 2853 [salius]

664 2866 892 2950 Palat„
941 2867 1469 2954 triumphalib[us
1516 2870 1930 2954 ornamentis]
1976 2869 2346 2951 honoratus,
2396 2869 2752 2954 patron[us]
2799 2919 2985 2936 .....

788 2972 872 3037 In
904 2970 1234 3036 consulatu
1265 2972 1481 3054 primo
1513 2972 1645 3036 tria
1672 2973 1932 3037 nomina
1964 2973 2183 3055 posita
2214 2977 2361 3037 sunt
2390 2971 2493 3037 VI
2511 2976 2692 3050 1984,
2737 2972 2811 3038 Χ
2832 2978 3015 3038 4734.
3060 2978 3237 3052 5405,

665 3077 732 3139 in
762 3074 960 3139 altero
999 3074 1101 3139 VI
1118 3079 1263 3140 621.
1337 3073 1529 3138 Alias
1560 3080 1828 3157 praeter
1869 3075 2122 3140 titulum
2154 3096 2543 3158 praenomen
2586 3097 2713 3140 non
2749 3078 3032 3159 pon-itur,
3080 3074 3240 3140 Coc-

664 3178 842 3240 ceius
885 3177 1107 3242 Nerva
1147 3178 1276 3242 sive
1319 3178 1538 3242 Nerva
1583 3178 1758 3261 apud
1795 3180 2155 3263 scriptores

789 3279 1006 3344 Fuius
1047 3281 1181 3345 sine
1227 3279 1416 3346 dubio
1448 3281 1548 3346 M.
1581 3280 1829 3347 Cocceii
1860 3282 2113 3347 Nervae
2153 3304 2216 3351 n.
2249 3286 2399 3361 973‚·
2441 3291 2645 3347 mater
2675 3281 2905 3365 Sergia
2936 3281 3242 3345 Laenatis

661 3385 706 3450 f.
752 3382 1057 3449 Plautilla
1097 3382 1385 3461 Dessau,
1431 3384 1637 3449 Inscr.
1683 3384 1791 3449 sel.
1824 3388 1973 3450 281.
2051 3383 2424 3450 Nobilitatis
2474 3384 2727 3449 mediae
2769 3384 3041 3467 Eutrop.
3079 3387 3139 3461 8,
3184 3390 3237 3466 1,

664 3488 1043 3553 Nat-niensis
1090 3486 1301 3551 Victor
1339 3482 1513 3552 Caes,
1558 3492 1663 3564 12,
1708 3487 2011 3569 Epitome
2053 3491 2158 3554 12.
2241 3486 2449 3551 Natus
2496 3496 2593 3551 est
2636 3485 2742 3551 die
2783 3488 2822 3551 8
2869 3509 3069 3551 mens,
3111 3485 3243 3550 No·

666 3589 949 3655 vembris
986 3590 1148 3672 fasti
1175 3588 1502 3653 Phnocalz·
1536 3593 1596 3653 et
1628 3588 1826 3654 Silvii
1852 3590 1904 3655 I
1910 3590 1936 3627 ²
1970 3612 2043 3673 p.
2074 3595 2219 3656 276.
2264 3595 2412 3666 277,
2460 3610 2628 3655 anno
2671 3590 2806 3672 fere
2833 3593 2915 3655 35
2955 3610 3012 3658 v.
3044 3589 3243 3671 infra.

667 3694 869 3760 VIvir
922 3693 1209 3778 equitum
1255 3692 1352 3774 R„
1403 3701 1708 3777 quaestor
1757 3691 2045 3757 urbanus
2106 3693 2201 3757 tit.
2292 3694 2562 3757 Praetor
2606 3691 2979 3776 designatus
3020 3715 3078 3757 a.
3125 3693 3244 3772 65;

666 3795 1109 3862 coniuratione
1139 3794 1487 3859 Pisoniana
1519 3794 1772 3860 detecta
1803 3805 1867 3859 et
1895 3796 2124 3881 punita
2143 3795 2319 3860 Nero
2352 3817 2497 3859 eum
2530 3794 3029 3881 triumphalibus
3060 3818 3244 3860 orna-

665 3900 899 3965 mentis
946 3897 1289 3963 honoravit
1330 3899 1422 3962 ita
1465 3897 1803 3976 extollens,
1849 3909 1920 3963 ut
1960 3921 2157 3984 super
2185 3897 2604 3983 triumphales
2643 3900 2711 3963 in
2755 3898 2894 3963 foro
2936 3898 3246 3982 imagines

667 4001 842 4088 apud
889 4001 1210 4066 Palatium
1263 4000 1545 4084 effigiem
1604 4004 1741 4066 eius
1800 4002 2057 4067 sisteret
2109 4002 2256 4067 Tac.
2307 4024 2366 4069 a.
2412 4005 2512 4078 15,
2562 4006 2649 4067 72
2692 4002 2774 4083 cf.
2819 4001 2911 4068 tit.
3000 3999 3245 4064 Neroni

675 4107 1062 4171 coniunctus
1095 4114 1235 4170 erat
1268 4103 1500 4169 studiis
1531 4106 1835 4190 poeticis3
1864 4105 2038 4170 Nero
2079 4106 2147 4168 in
2178 4103 2568 4169 carminibus
2603 4126 2750 4169 eum
2784 4102 3116 4169 Tibullum
3145 4103 3246 4168 sui

670 4210 974 4295 temporis
1004 4209 1451 4272 nominaverat
1476 4208 1778 4273 Martial.
1807 4212 1867 4285 8,
1905 4214 2019 4287 70,-
2050 4213 2109 4286 9,
2141 4214 2228 4274 26
2259 4209 2340 4291 cf.
2366 4207 2546 4272 Plin.
2579 4208 2756 4290 epist.
2785 4211 2843 4284 5,
2875 4212 2935 4283 3,
2969 4210 3029 4272 5.
3074 4205 3250 4271 Ante

666 4311 1069 4377 consulatum
1115 4332 1344 4394 augur,
1392 4311 1630 4377 sodalis
1674 4310 2079 4396 Augustalis,
2126 4310 2322 4376 salius
2368 4310 2703 4376 Palatinus
2749 4311 2844 4375 tit.
2931 4308 3173 4375 Consul
3217 4309 3251 4373 I

670 4438 820 4481 cum
866 4416 1251 4501 imperatore
1281 4414 1681 4500 Vespasiano
1726 4414 1827 4479 ΠΙ
1872 4437 1928 4482 a.
1963 4415 2063 4498 71,
2113 4412 2339 4479 consul
2369 4415 2437 4479 II
2481 4437 2539 4479 a.
2571 4414 2655 4480 90
2686 4435 2837 4478 cum
2868 4413 3253 4497 imperatore

669 4519 1044 4583 Domitiano
1090 4516 1221 4581 XV
1264 4517 1441 4598 fasti.
1533 4516 1669 4582 Sub
1725 4518 2101 4582 Domitiano
2164 4515 2712 4582 calumniantibus
2759 4514 3250 4595 mathematicis,

674 4620 845 4708 quod
888 4621 1252 4704 genituram
1297 4620 1772 4705 imperatoriam
1826 4619 2133 4702 haberet,
2196 4619 2264 4682 in
2315 4640 2640 4683 summum
2682 4618 3028 4683 discrimen
3072 4617 3257 4681 venit

672 4724 806 4789 Dio
835 4729 932 4806 67,
968 4728 1067 4789 15.
1134 4723 1191 4788 Α
1226 4724 1601 4788 Domitiano
1635 4723 1991 4789 Tarentum
2022 4721 2343 4804 relegatus
2375 4720 2756 4787 Philostrat.
2788 4720 2894 4784 vit.
2925 4717 3258 4801 Apollonii

673 4834 730 4904 7,
779 4830 840 4904 8,
887 4832 927 4891 1
972 4828 1054 4908 cf.
1104 4830 1165 4905 8,
1213 4831 1271 4905 7,
1316 4831 1397 4892 34
1435 4847 1585 4910 sqq„
1634 4829 1738 4892 cui
1778 4828 1885 4891 vix
1923 4825 2080 4909 fides
2122 4823 2414 4889 habenda
2458 4829 2567 4889 est.
2658 4824 2938 4888 Prorsus
2983 4820 3256 4887 absurde

685 4930 898 4996 Victor
942 4927 1118 4995 Caes.
1167 4932 1253 4995 12
1293 4931 1492 5012 refert
1544 4952 1688 4994 eum
1742 4930 2101 4994 Domitiani
2160 4937 2337 4992 metu
2380 4926 2463 4991 ad
2510 4927 2846 5013 Sequanos
2890 4924 3256 5008 confugisse

652 5033 898 5121 ,ibique
942 5034 1285 5118 imperium
1330 5031 1599 5097 arbitrio
1644 5032 1973 5116 legionum
2020 5033 2387 5116 sumpsisse.

804 5137 1156 5223 Postquam
1201 5135 1612 5201 Domitianus
1658 5135 1720 5200 d.
1773 5137 1849 5200 18
1902 5135 2142 5200 mensis
2186 5132 2584 5219 Septembris
2629 5155 2687 5197 a.
2734 5132 2817 5196 96
2863 5132 3111 5196 occisus
3157 5138 3255 5192 est
