3859 5992
504 532 879 591 CLAVDIVS
1796 524 1923 592 897
2841 530 3216 590 oLAVDIvB

761 730 938 795 Xvir
981 729 1266 797 stlitibus
1311 730 1693 812 iudicandis,
1742 729 2047 796 tribunus
2096 730 2369 816 legionis
2410 732 2511 796 111
2557 730 2866 810 Gallicae,
2914 740 3218 818 quaestor

633 834 1009 918 provinciae
1068 833 1330 900 Siciliae
1386 832 1771 898 candidatus
1831 835 1985 919 imp.
2038 832 2352 899 Antonini
2416 844 2482 899 et
2541 834 2693 899 Veri
2751 835 3215 919 Augustorum,

635 934 886 1019 legatus
955 985 1141 1002 .....
1163 985 1201 1020 ,⁴
1249 935 1548 1002 tribunus
1615 935 1856 1022 plebis,
1918 948 2180 1023 praetor
2235 936 2902 1021 fideicommissarius,
2965 936 3219 1020 legatus

638 1038 911 1122 legionis
956 1040 1058 1105 XI
1101 1038 1413 1105 Claudiae
1472 1045 1512 1105 t.
1560 1045 1615 1109 1.
1662 1077 1738 1086 —-
1804 1038 2059 1106 Sodalis
2102 1039 2552 1124 Hadrianalis,
2609 1061 2850 1124 augur,
2912 1049 3220 1127 patronus

635 1141 928 1207 coloniae
984 1141 1269 1208 Abellini
1316 1147 1362 1208 t.
1409 1149 1484 1223 1;
1550 1145 1862 1231 ἀρχιερεὺς
1925 1148 2045 1210 τῶν
2106 1140 2422 1229 Ἑλλήνων
2484 1145 2577 1210 διὰ
2644 1147 2772 1231 βίου
2839 1146 2938 1211 καὶ
2997 1141 3219 1208 Ἑλλα-

635 1248 865 1332 δάρχης
908 1250 952 1310 t.
988 1250 1049 1311 3.

765 1347 1054 1414 Foucart
1095 1348 1568 1433 (Eaplications
1599 1370 1671 1432 p.
1712 1348 1858 1432 159)
1903 1349 2169 1414 coniecit
2211 1354 2271 1414 et
2312 1348 2460 1414 huic
2503 1353 2563 1414 et
2605 1350 2809 1432 fram
2850 1349 3222 1433 coquomina

630 1472 868 1534 graeca
911 1451 1122 1517 indita
1165 1472 1311 1529 esse,
1372 1451 1540 1533 quod
1592 1456 1798 1516 mater
1840 1452 2059 1534 fuerat
2104 1473 2342 1536 yraeca
2385 1456 2443 1517 et
2486 1473 2563 1517 ex
2608 1451 2934 1517 Messenia
2975 1450 3224 1534 quidem

638 1554 914 1619 oriunda
943 1559 1213 1638 propter
1252 1575 1478 1620 nomen
1508 1553 1871 1632 Saethidae,
1919 1575 2182 1637 quomam
2209 1553 2520 1620 Aethidas
2552 1555 2906 1620 Messenios
2935 1553 3221 1619 Pausan.

634 1662 694 1735 4,
735 1661 843 1735 32,
887 1662 936 1724 2
979 1658 1341 1741 composuit.

512 1774 633 1840 791
681 1785 776 1842 TI.
809 1785 1185 1842 CLAVDIVS
1226 1785 1608 1841 SAETHIDA
1640 1784 2034 1841 OETHEGVS
2079 1785 2525 1842 FRONTINVS.
2609 1776 2839 1842 Tituli:
2883 1779 2944 1843 ei
2972 1778 3225 1860 positus

639 1883 732 1943 est
772 1878 847 1943 X
882 1884 1051 1946 1124
1095 1879 1185 1963 (1)
1229 1879 1586 1956 Abellinas,
1632 1880 1767 1962 i1)se
1798 1882 2021 1962 posuit
2062 1881 2304 1944 nutrici
2343 1880 2662 1945 urbanum
2703 1879 2808 1945 VI
2831 1885 3050 1944 16440.

768 1981 979 2048 Plena
1017 1983 1280 2048 nomina
1324 1982 1570 2046 exhibet
1612 1986 1656 2047 t.
1701 1988 1759 2059 1,
1822 1983 1923 2048 Ti.
1970 1981 2070 2049 Cl.
2119 1982 2382 2048 Saetida
2426 1982 2709 2066 Cetegus
2753 1983 2895 2068 (sic)
2942 1987 2983 2047 t.
3029 1988 3095 2050 2.
3141 2019 3224 2027 -

638 2084 844 2149 Filius
882 2084 981 2154 Ti.
1015 2084 1275 2151 Claudii
1318 2085 1618 2149 Frontini
1650 2084 2014 2169 (Nicerati),
2061 2107 2263 2171 nepos
2307 2086 2412 2151 Ti.
2444 2084 2704 2151 Claudii
2749 2084 3047 2150 Frontini
3094 2106 3223 2149 cos.

643 2192 684 2252 t.
723 2193 797 2266 1,·
842 2188 1016 2253 tribu
1061 2188 1341 2270 Quirina
1384 2193 1426 2255 t.
1463 2192 1540 2265 1;
1582 2199 1894 2274 patronus
1941 2186 2232 2253 coloniae
2276 2187 2567 2254 Abellini
2614 2192 2657 2252 t.
2697 2194 2756 2252 1.

514 2289 638 2355 792
685 2289 998 2356 Claudius
1045 2291 1316 2373 Sagitta,
1364 2290 1729 2377 praefectus
1774 2289 1915 2355 alae
1956 2291 2302 2356 Petrianae
2345 2313 2514 2355 anno
2562 2291 2644 2356 70
2683 2291 2830 2356 Tac.
2861 2290 2921 2354 h.
2950 2295 3011 2367 4,
3038 2294 3139 2355 49.

512 2393 640 2458 793
684 2391 998 2459 Claudius
1043 2394 1339 2476 SanctuS,
1395 2394 1580 2458 miles
1626 2395 1953 2460 exercitus
1998 2393 2373 2460 Germanici
2418 2416 2589 2459 anno
2623 2395 2706 2460 70
2754 2394 2901 2458 Tac.
2932 2391 2992 2459 h.
3025 2396 3085 2468 4,
3117 2396 3223 2457 62.

513 2493 642 2559 794
686 2504 1056 2561 CLAVDIVS
1103 2506 1574 2581 SAPILIANVS,
1625 2508 1886 2563 senator
1927 2519 2099 2562 anno
2144 2498 2306 2578 2753
2363 2496 2638 2583 epistula
2684 2498 2823 2562 eius
2866 2491 3073 2579 (ficta)
3115 2495 3225 2558 vit.

650 2598 861 2663 Taciti
900 2603 1001 2676 19,
1045 2603 1104 2664 3.

515 2707 760 2876 795VC.
808 2708 1124 2775 Claudius
1186 2709 1466 2793 Sardus,
1529 2710 1602 2776 C.
1648 2709 1692 2776 f.
1740 2709 1813 2776 C.
1859 2733 1921 2774 n.
1940 2759 1957 2794 ,
2019 2710 2387 2796 praefectus
2445 2710 2724 2794 cla(ssis)
2784 2711 2993 2775 nescio
3052 2710 3230 2773 cuius

702 2813 754 2877 Ι
782 2816 963 2878 3165.

516 2905 642 2987 796
688 2932 1057 2989 CLAVDIVS
1106 2932 1595 3006 SATVRNINVS,
1648 2921 1903 3008 legatus
1950 2923 2267 3005 Belgicae,
2322 2927 2428 2989 cui
2472 2923 2852 2989 Hadrianus
2899 2924 3233 3008 rescripsit

639 3025 1041 3110 Fraymenta
1090 3026 1403 3092 Vaticana
1429 3031 1584 3094 223.
1675 3026 1830 3091 Vide
1873 3027 1988 3092 sub
2044 3027 2140 3092 Ti.
2186 3025 2461 3093 Claudio
2505 3026 2860 3092 Saturnino
2904 3047 2966 3091 n.
2997 3029 3143 3090 800.

515 3144 640 3211 797
688 3154 1015 3210 CLAVDIV
1018 3156 1055 3212 S
1103 3155 1594 3228 SATVRNINVS,
1641 3158 1904 3233 praetor
1942 3146 2065 3213 sub
2094 3146 2265 3211 divis
2296 3146 2608 3212 fratribus
2640 3146 2959 3230 Vspianus
2987 3145 3230 3229 Diyest.

642 3253 742 3325 17,
774 3253 833 3325 1,
863 3254 920 3326 6,
956 3254 1013 3315 7.
1096 3249 1250 3315 Vide
1291 3250 1407 3315 sub
1456 3249 1552 3315 Ti.
1595 3249 1869 3315 Claudio
1913 3249 2269 3316 Saturnino
2309 3272 2372 3315 n.
2403 3254 2549 3317 800.

520 3357 645 3431 798
692 3367 1004 3434 Claudius
1066 3370 1490 3454 Saturninus,
1557 3369 1725 3436 liber
1784 3369 2136 3454 singularis
2195 3372 2334 3436 eius
2393 3370 2475 3434 de
2543 3371 2767 3456 poenis
2832 3390 3231 3455 paganorum

647 3472 888 3536 citatur
942 3471 1482 3556 Diyest.48,19,
1531 3479 1645 3551 16,
1712 3475 1824 3555 qui
1886 3474 1956 3537 in
2021 3473 2228 3539 indioe
2284 3462 2670 3538 Florentino
2730 3476 3106 3537 numeratur
3164 3473 3232 3534 in

644 3575 900 3657 smptaezs
927 3573 1205 3639 Venulei
1247 3575 1603 3641 Saturnini.
1686 3574 1857 3640 Vnde
1884 3574 2075 3640 multi
2102 3576 2210 3659 (cf.
2246 3575 2580 3653 Karlowa,
2612 3573 2945 3640 Ro'mische
2974 3571 3235 3637 Rechts-

640 3675 988 3759 yeschichte
1018 3677 1068 3741 I
1085 3699 1159 3760 p.
1196 3682 1321 3743 729
1351 3676 1506 3760 sqq.)
1547 3698 1744 3742 unum
1784 3676 2135 3742 Claudium
2179 3677 2542 3743 Venulciam
2573 3678 2997 3745 Saturninum
3038 3675 3236 3757 fuisse

646 3780 780 3844 sine
837 3778 1082 3844 idonea
1110 3800 1308 3845 causa
1363 3784 1741 3846 statuerunt.
1820 3778 2159 3846 ‘Claudius
2218 3780 2609 3846 Saturninus
2670 3782 2732 3843 in
2796 3779 2917 3844 hac
2978 3799 3235 3865 quoque

643 3883 918 3948 materia
962 3880 1224 3965 (scilicet
1267 3881 1341 3947 de
1387 3882 1658 3963 coronis)
1703 3883 2295 3969 praestantissimus
2347 3892 2594 3948 auctor’
2646 3893 2711 3947 et
2754 3880 2924 3947 liber
2969 3883 3107 3947 eius
3152 3880 3234 3944 de

648 3987 902 4050 coronis
947 3986 1186 4051 citatur
1237 3985 1609 4051 Tertullian.
1658 3985 1731 4050 de
1777 4006 1989 4050 coron.
2029 3990 2087 4063 7,
2133 3990 2520 4051 memoratur
2562 3985 2690 4050 ibd.
2722 3991 2824 4050 10.
2869 3989 2974 4050 12.
3021 3988 3118 4048 13.
3151 4019 3230 4028 -

645 4089 966 4154 Ince-rium
1020 4093 1112 4154 est
1161 4110 1315 4154 num
1373 4088 1535 4153 idem
1590 4089 1678 4153 sit
1735 4092 1920 4171 atque
1961 4109 2126 4153 anus
2169 4110 2247 4154 ex
2290 4087 2591 4156 Claudiis
2631 4088 3024 4163 Satur-uinis,
3085 4106 3239 4168 quos

641 4197 984 4274 praeterea
1027 4192 1130 4257 hic
1174 4192 1648 4274 composuimus.

522 4302 646 4367 799
694 4301 1006 4369 Claudius
1052 4302 1462 4385 Saturninus,
1511 4303 1616 4367 cui
1652 4307 1693 4366 t.
1727 4303 1953 4385 posuit
1996 4301 2227 4367 liberta
2272 4302 2375 4368 VI
2398 4306 2630 4369 15252.

520 4414 646 4478 800
690 4422 833 4478 ΤΙΒ.
882 4414 1307 4498 CL(AVI)1VS)
1368 4422 1840 4479 SATVRNINVS
1860 4462 1877 4497 ,
1937 4413 2189 4497 legatus
2249 4414 2528 4496 Augusti
2589 4435 2705 4498 pro
2766 4435 2864 4498 pr.
2925 4411 3238 4493 (Moesiae

650 4517 999 4601 inferioris)
1046 4518 1168 4584 sub
1210 4518 1543 4583 Antonino
1588 4518 1707 4581 Pio
1753 4517 1885 4581 III
1913 4516 1984 4584 S.
2020 4522 2180 4582 7474
2220 4522 2261 4583 t.
2295 4516 2645 4582 Durostori
2686 4519 2986 4599 repertas.
3058 4513 3238 4578 Idem

646 4619 894 4685 videtur
951 4618 1266 4685 Claudius
1327 4620 1751 4702 Saturninus,
1813 4620 1918 4683 cui
1966 4619 2122 4684 Pius
2177 4621 2515 4706 rescripsit
2560 4618 2948 4685 Marcianus
2990 4616 3236 4700 Diyesi.

645 4728 754 4800 20,
797 4726 859 4801 3,
906 4728 966 4800 1,
1011 4727 1094 4801 2;
1149 4726 1249 4800 50,
1300 4728 1354 4800 7,
1403 4727 1445 4788 5
1476 4744 1586 4805 pr.
1691 4721 1802 4787 Vel
1842 4726 2042 4805 pater
2082 4722 2179 4788 vel
2233 4722 2401 4788 idem
2443 4728 2533 4788 est
2576 4723 2687 4805 qui
2730 4719 3066 4805 praecedit
3122 4720 3238 4784 sab

643 4848 708 4894 n.
738 4830 877 4910 796,
924 4826 1098 4910 filius
1138 4826 1385 4891 videbar
1425 4845 1491 4890 n.
1525 4829 1665 4892 797.

521 4947 640 5012 801
692 4954 787 5013 TI.
854 4954 1222 5009 CLAVDIVS
1285 4952 1777 5010 SATVRNINVS.
1880 4943 1965 5012 D.
2027 4944 2117 5009 Μ.
2180 4944 2280 5012 Ti.
2344 4943 2578 5010 Claudi
2636 4943 2971 5010 Saturnini
3030 4944 3131 5008 Ti.
3192 4942 3237 5007 f.

646 5050 905 5115 VHviri
953 5048 1301 5136 epulonum
1349 5049 1445 5112 tit.
1481 5048 1764 5113 novicius
1807 5048 1879 5112 in
1921 5047 2180 5113 castello
2209 5047 2481 5130 quodam
2508 5046 2918 5123 Britanniae,
2965 5048 3239 5128 fortasse

646 5152 823 5218 haud
864 5155 1160 5217 accurate
1204 5172 1281 5215 ex
1324 5151 1587 5234 antiquo
1625 5169 1956 5233 expressus
1999 5151 2081 5232 cf.
2127 5149 2447 5215 Addenda
2466 5222 2473 5227 ,
2492 5150 2580 5215 ad
2621 5149 2772 5215 CIL
2817 5149 2924 5214 VI.
