3859 5992
597 503 924 558 CLAVDIA
1887 496 2013 562 407
2970 505 3301 562 CLAVDIA

724 701 887 767 cella
945 702 1152 765 maior
1211 699 1314 766 VI
1343 704 1529 779 4655,
1588 702 1802 765 minor
1859 700 1964 767 VI
2005 706 2192 768 4421.
2248 706 2432 767 4637.
2484 706 2646 768 8755
2703 702 2773 767 in
2831 707 2871 766 t.
2934 702 3299 768 libertorum

723 823 1146 882 servorumve,·
1202 807 1473 869 ceterum
1513 825 1708 886 neque
1750 804 1821 869 in
1862 803 1964 869 his
2006 802 2113 886 (cf.
2163 804 2265 871 VI
2283 826 2355 888 p.
2400 809 2522 871 909
2568 810 2628 870 et
2670 804 2774 871 VI
2804 809 3027 870 15091.
3072 802 3299 886 15497)

722 928 918 990 neque
962 906 1138 990 apud
1176 907 1516 989 scriptores
1558 906 2031 991 distinquuntur
2072 927 2336 986 sorores,
2395 908 2493 972 ita
2533 913 2605 972 ut
2657 913 2717 972 et
2761 908 2835 973 de
2876 908 3302 972 matrimoniis

724 1031 945 1074 earum
998 1030 1128 1074 non
1170 1004 1372 1092 plane
1428 1014 1591 1075 certe
1645 1013 1922 1075 statuere
1981 1009 2186 1075 liceat.
2268 1008 2356 1075 Id
2401 1030 2599 1075 unum
2657 1014 2820 1074 certe
2865 1031 2907 1073 a
2949 1008 3301 1074 Plutarcho

724 1112 960 1180 Anton.
1005 1116 1089 1176 87
1154 1111 1461 1176 traditum
1526 1116 1615 1177 est
1678 1111 1940 1176 eandem
2007 1112 2394 1177 Marcellam
2446 1113 2732 1195 primum
2795 1111 3130 1194 Aqrippae
3177 1130 3302 1192 per

720 1214 943 1297 plures
1000 1234 1201 1279 annos
1256 1235 1518 1279 uxorem
1573 1215 1771 1296 fuisse
1787 1265 1802 1292 ‚
1867 1214 2089 1280 deinde
2148 1214 2432 1280 Antonio
2483 1216 2771 1297 nupsisse
2831 1218 3015 1296 atque
3073 1212 3303 1277 aetatis

723 1319 972 1383 ratione
1000 1316 1226 1382 habita
1251 1318 1387 1382 veri
1413 1316 1686 1382 similius
1716 1317 1967 1383 videtur
1994 1316 2158 1382 hanc
2201 1318 2400 1400 fuisse
2440 1318 2761 1395 maiorem,
2805 1338 2935 1383 non
2978 1319 3298 1393 minorem,

724 1425 797 1484 ut
837 1424 1154 1485 statuerat
1194 1419 1511 1503 Boryhesi
1548 1441 1688 1503 opp.
1721 1419 1841 1486 IV
1859 1442 1931 1502 p.
1979 1425 2080 1486 69.
2167 1420 2447 1504 Reliqua
2492 1425 2702 1486 autem
2742 1441 2905 1502 quae
2947 1420 3021 1485 de
3062 1420 3303 1503 nuptiis

725 1522 1191 1588 Marcellarum
1231 1524 1360 1587 viri
1403 1522 1570 1588 docti
1610 1523 2024 1600 coniecerunt,
2073 1522 2283 1588 dubiis
2324 1544 2454 1589 non
2496 1528 2733 1589 carent.

854 1624 1025 1691 Nata
1067 1635 1164 1690 est
1207 1636 1356 1690 aute
1399 1648 1456 1690 a.
1505 1625 1629 1690 714
1672 1654 1758 1678 =
1800 1626 1902 1708 40,
1950 1646 2077 1710 quo
2122 1624 2398 1691 Octavia
2440 1625 2670 1691 marito
2714 1624 3017 1690 defuncto
3049 1623 3141 1690 M.
3174 1621 3305 1687 An-

727 1728 901 1791 tonio
947 1726 1271 1813 desponsa
1314 1737 1411 1792 est
1435 1725 1570 1793 Dio
1600 1730 1700 1805 48,
1731 1732 1836 1792 31.
1909 1726 2246 1811 Augustus
2293 1750 2433 1793 eam
2476 1727 2567 1792 M.
2599 1727 2934 1813 Agrippae
2979 1728 3046 1791 in
3090 1725 3305 1789 matri-

725 1831 1013 1895 monium
1054 1829 1249 1913 dedit,
1297 1831 1409 1915 qui
1453 1851 1539 1894 ex
1585 1851 1661 1893 ea
1704 1829 1923 1915 plures
1969 1828 2210 1895 liberos
2253 1828 2401 1895 tulit
2443 1829 2803 1908 Plutarch„
2850 1830 3106 1897 Sueton.
3155 1825 3195 1891 l.
3240 1826 3303 1903 l.,

726 1931 860 1998 Dio
902 1937 1001 2012 53,
1045 1938 1103 2015 1,
1158 1954 1233 1997 ex
1278 1933 1455 1998 cuius
1497 1933 1704 1997 verbis
1743 1953 2139 2015 nequaquam
2183 1934 2467 2016 sequitur
2510 1953 2617 1998 eas
2664 1933 2924 2016 nuptias
2967 1951 3133 1996 anno
3180 1934 3307 1995 726

727 2065 812 2088 =
853 2039 946 2102 28
988 2035 1207 2117 factas
1250 2055 1396 2104 esse.
1483 2035 1679 2101 Anno
1727 2035 1852 2101 733
1889 2064 1973 2089 =
2011 2037 2088 2100 21
2142 2034 2425 2119 Augusti
2471 2037 2651 2100 iussu
2696 2034 2994 2120 Agrippa
3035 2055 3182 2097 eum
3229 2055 3305 2096 ea

730 2137 1082 2203 divortium
1137 2137 1293 2203 fecit
1345 2135 1478 2203 Dio
1530 2142 1644 2216 54,
1706 2142 1765 2203 6.
1868 2137 2046 2202 Dein
2107 2140 2330 2224 nupsit
2393 2137 2561 2204 Iullo
2622 2137 2908 2203 Antonio
2967 2134 3303 2201 Plutarch.

731 2240 951 2306 Anton
991 2245 1077 2306 37
1134 2241 1219 2324 cf.
1272 2240 1418 2307 Tac.
1466 2262 1526 2307 a.
1569 2246 1628 2318 4,
1674 2246 1788 2319 44,
1853 2240 2006 2307 Vell.
2051 2246 2117 2320 2,
2163 2246 2305 2319 100,
2368 2264 2451 2307 ex
2500 2263 2629 2327 quo
2690 2251 2864 2306 certe
2922 2239 3083 2304 duos
3140 2236 3305 2302 filios

730 2341 971 2409 Iullum
1015 2353 1082 2408 et
1123 2343 1400 2409 Lucium
1443 2341 1762 2409 Antonios
1805 2344 2062 2430 peperit
2100 2364 2157 2408 v.
2201 2363 2403 2428 supra
2444 2344 2512 2409 A
2553 2348 2691 2409 637.

863 2445 1197 2511 ‘Marcella
1257 2446 1465 2510 maior
1532 2456 1758 2529 rogata
1815 2469 1856 2511 a
1910 2456 2117 2512 matre
2180 2468 2331 2529 sua,
2393 2445 2791 2530 gauderetne
2855 2468 2924 2509 se
2990 2444 3303 2529 nupsisse,

736 2548 1098 2634 respondit:
1150 2551 1266 2613 ‘ita
1308 2547 1519 2631 valde,
1571 2560 1645 2614 ut
1686 2548 1965 2635 amplius
2010 2548 2230 2613 nolim'
2266 2549 2637 2633 Hieronym.
2682 2547 2984 2613 adversus
3024 2546 3303 2613 Iovinia-
3376 2599 3382 2605 .

727 2673 880 2718 num
919 2657 977 2729 1,
1022 2657 1105 2717 46
1147 2651 1240 2717 ΙΙ
1275 2674 1348 2735 p.
1391 2656 1516 2717 313
1558 2651 1649 2720 ed.
1713 2651 2014 2718 Vallarsi.
2107 2653 2283 2733 Quae
2338 2673 2490 2717 num
2537 2653 2904 2735 pertineant
2961 2650 3049 2715 ad
3103 2648 3308 2733 filiam

727 2754 1044 2838 Octaviae,
1080 2754 1218 2819 ideo
1248 2754 1541 2819 dubitari
1560 2759 1789 2837 potest,
1822 2754 1992 2837 quod
2016 2754 2463 2838 Hieronymus,
2492 2760 2565 2819 ut
2592 2776 2669 2819 ex
2697 2757 2986 2820 contextu
3016 2756 3303 2835 apparet,

728 2857 1116 2922 Marcellam
1157 2856 1335 2923 illam
1395 2858 1700 2940 feminam
1755 2858 2078 2922 univiram
2120 2857 2319 2940 fuisse
2363 2858 2641 2940 putavit.
2729 2858 3126 2939 Quamquam
3169 2876 3309 2921 eum

724 2959 796 3023 id
835 2964 997 3026 recte
1039 2961 1336 3025 statuisse
1379 2981 1455 3025 ea:
1499 2960 1664 3025 dicto
1707 2959 1874 3042 quod
1914 2958 2111 3039 affert
2150 2981 2277 3026 non
2321 2964 2484 3026 certe
2523 2959 2821 3043 efficitur.

596 3062 724 3127 866
769 3063 1156 3145 (CLAVDIA)
1187 3071 1598 3126 MARCELLA
1629 3064 1858 3129 minor.
1927 3062 2032 3128 De
2072 3063 2323 3129 nomine
2363 3062 2504 3127 vide
2550 3063 2617 3127 in
2657 3082 2872 3127 sorore
2915 3082 3076 3144 quae
3102 3080 3299 3144 prae·

726 3165 907 3231 cedit.
957 3202 1033 3214 —
1079 3165 1250 3230 Nata
1291 3165 1548 3230 videtur
1591 3187 1648 3233 a.
1682 3165 1957 3231 714l715
1992 3196 2074 3219 =
2101 3166 2293 3231 40l39
2341 3189 2400 3233 a.
2432 3164 2526 3248 (3.,
2575 3187 2721 3229 cum
2765 3188 2822 3232 a.
2857 3165 2981 3229 714
3024 3162 3302 3228 Octavia

727 3278 932 3333 mater
989 3268 1096 3333 vel
1154 3289 1476 3355 praegnas
1531 3268 1615 3333 ab
1674 3265 1747 3336 O.
1796 3267 2075 3334 Caesare
2131 3269 2332 3333 fratre
2376 3268 2465 3334 M.
2511 3266 2795 3333 Antonio
2840 3266 3162 3352 desponsa
3216 3268 3302 3330 sit

724 3371 858 3438 Dio
915 3376 999 3438 48
1014 3422 1030 3449 ,
1087 3377 1188 3436 31.
1293 3370 1677 3437 Marcellam
1754 3371 2025 3437 alteram
2102 3377 2318 3437 utram
2390 3370 2626 3436 Paullo
2695 3370 2972 3435 Aemilio
3045 3368 3296 3433 cuidam

721 3477 1007 3558 nupsisse
1047 3475 1177 3539 viri
1217 3473 1386 3540 docti
1426 3475 1560 3540 iam
1590 3474 1845 3558 pridem
1888 3475 1999 3557 (cf.
2043 3473 2360 3558 Borqhesi
2400 3495 2539 3557 opp.
2585 3474 2637 3539 I
2657 3495 2729 3556 p.
2760 3476 2899 3549 415,
2962 3471 3027 3536 V
3043 3493 3117 3554 p.
3149 3468 3296 3550 191)

723 3578 1116 3643 coniecerunt
1158 3598 1235 3641 ex
1278 3582 1320 3641 t.
1363 3577 1616 3643 urbano
1659 3576 1762 3643 VI
1795 3582 1992 3643 9000:
2046 3577 2330 3642 Faustus
2380 3574 2726 3640 Marcellae
2785 3573 2998 3639 Paulli
3058 3575 3295 3660 pistor3

725 3679 1051 3762 eodemque
1083 3680 1366 3763 pertinet
1421 3683 1465 3745 t.
1512 3680 1819 3765 Siqninus
1863 3680 1937 3745 X
1971 3684 2171 3745 5981.-
2215 3678 2289 3745 G.
2335 3678 2647 3744 Claudius
2690 3675 3039 3743 Marcellae
3085 3674 3295 3741 Paulli

720 3782 1047 3867 l(ibertus)
1110 3781 1408 3865 [TJimon.
1492 3782 1667 3864 Quae
1723 3784 2087 3861 coniectura
2142 3782 2288 3847 inde
2332 3782 2672 3865 probatur,
2731 3780 2900 3864 quod
2950 3781 3022 3846 in
3076 3801 3296 3845 monu-

719 3891 924 3952 mento
978 3886 1271 3967 familiae
1314 3884 1670 3950 Marcellae
1716 3884 1865 3952 CIL
1908 3885 2012 3952 VI
2040 3908 2112 3968 p.
2158 3889 2281 3950 909
2326 3884 2500 3950 tituli
2544 3885 2912 3949 libertorum
2952 3903 3294 3949 servorum-

716 4010 832 4071 que
861 3988 1281 4053 Aemiliorum
1308 3987 1688 4052 Paullorum
1715 3990 1953 4071 reperti
1978 3993 2141 4053 sunt.
2186 3989 2414 4070 Itaque
2443 3987 2795 4052 Mommsen
2839 3985 2880 4051 l.
2919 3986 2958 4053 l.
2991 3987 3293 4051 maritum

721 4091 988 4155 alterum
1017 4089 1374 4155 Marcellae
1413 4095 1473 4155 et
1511 4091 1777 4156 minoris
1817 4089 2071 4173 quidem
2101 4089 2402 4155 Paullum
2430 4088 2775 4155 Aemilium
2802 4088 3113 4171 Lepidum
3142 4092 3290 4170 (cos.

720 4215 781 4258 a.
815 4198 942 4259 720
971 4221 1055 4247 =
1081 4197 1164 4258 34
1193 4214 1253 4260 a.
1282 4192 1379 4276 0.)
1407 4193 1606 4275 fuisse
1636 4194 1914 4269 coniecit,
1948 4193 2058 4276 qui
2086 4193 2162 4260 L.
2193 4192 2539 4257 Aemilium
2570 4190 2871 4257 Paullum
2907 4187 3055 4269 (coa
3090 4212 3148 4256 a.
3173 4195 3291 4257 754

718 4324 803 4350 =
847 4300 886 4361 1
916 4316 988 4377 p.
1012 4294 1109 4377 0.)
1151 4299 1213 4360 et
1256 4295 1356 4360 M
1401 4294 1748 4361 Aemilium
1788 4294 2101 4379 Lepidum
2142 4293 2290 4373 (coS.
2333 4317 2393 4359 a.
2427 4298 2546 4360 759
2576 4324 2661 4349 =
2691 4298 2731 4359 6
2753 4315 2825 4376 p.
2861 4292 2960 4377 0.)
3003 4293 3174 4377 filios
3215 4315 3292 4359 ea:

718 4396 1014 4465 Cornelia
1050 4398 1285 4481 yenuit‚
1331 4418 1492 4480 quae
1535 4419 1596 4462 a.
1645 4402 1765 4464 736
1800 4427 1886 4452 =
1927 4402 2011 4463 18
2046 4402 2301 4463 mortua
2342 4402 2434 4462 est
2476 4398 2559 4479 cf.
2604 4417 2803 4480 supra
2844 4396 2910 4461 A
2945 4400 3088 4480 259,
3136 4395 3285 4476 (non

717 4522 795 4565 ex
835 4499 1173 4577 Marcella,
1227 4501 1300 4565 id
1339 4500 1508 4582 quod
1545 4501 1617 4565 in
1657 4505 1980 4566 steonmate
2025 4521 2067 4565 a
2115 4500 2502 4565 Mommseno
2549 4499 2589 4567 l.
2636 4498 2676 4564 l.
2724 4498 3036 4565 delineato
3077 4520 3289 4565 errore

715 4604 999 4685 positum
1039 4602 1175 4685 est).
1238 4603 1492 4669 Extant
1533 4608 1742 4668 autem
1785 4604 1855 4668 in
1898 4607 1943 4668 t.
1979 4602 2204 4669 Paulli
2232 4604 2599 4669 libertorum
2636 4606 2693 4667 et
2726 4602 2952 4666 Marci
2992 4599 3077 4680 (n.
3108 4607 3286 4667 4457.

713 4710 893 4773 4510.
938 4705 1124 4789 4695)
1184 4710 1243 4771 et
1298 4707 1489 4771 I'sucii
1528 4706 1795 4771 Aemilii
1842 4706 1929 4790 (n.
1970 4711 2154 4773 4499.
2198 4707 2406 4789 4500).
2492 4705 2588 4772 Et
2642 4706 2985 4770 Duciorum
3039 4704 3289 4786 quidem

708 4812 1060 4890 patronum
1114 4808 1314 4889 fuisse
1364 4810 1441 4873 L.
1494 4807 1797 4874 Paullum
1839 4828 1960 4874 cos.
2009 4830 2071 4877 a.
2113 4814 2153 4874 1
2198 4831 2271 4893 p.
2313 4809 2404 4887 G„
2462 4808 2768 4872 maritum
2817 4806 3031 4871 Iuliae
3082 4806 3289 4888 neptis

714 4911 1008 4995 Auqusti‚
1055 4910 1203 4976 inde
1244 4916 1508 4989 constat,
1552 4911 1720 4994 quod
1761 4910 1989 4977 Paulli
2022 4932 2248 4977 nomen
2288 4931 2541 4977 erasum
2582 4916 2673 4976 est
2714 4911 2799 4992 cf.
2844 4908 2910 4973 A
2952 4912 3100 4974 268.
3182 4907 3286 4973 De

710 5018 990 5097 patrono
1021 5019 1230 5080 autem
1262 5015 1638 5080 Marcorum
1663 5035 1766 5079 res
1795 5014 1994 5079 dubia
2019 5018 2128 5079 est.
2207 5015 2383 5080 Nam
2408 5013 2578 5097 quod
2602 5014 2953 5079 Mommsen
2983 5011 3287 5075 Paullum

711 5116 1058 5183 Aemilium
1089 5138 1209 5184 cos.
1226 5138 1286 5185 a.
1313 5122 1439 5183 720
1455 5138 1846 5200 praenomen
1871 5117 2096 5182 Marci
2121 5116 2435 5195 habuisse,
2458 5116 2568 5183 sed
2593 5137 2714 5181 usu
2742 5116 2877 5181 eius
2908 5113 3285 5178 abstinuisse
