3859 5992
473 589 716 649 CANVS
751 584 762 591 ’
974 587 978 591 ’
1769 582 1888 646 301
2449 591 2452 594 ’
2915 593 3180 651 CAPITO

491 823 580 838 --
645 786 976 872 Sulpicius
993 784 1083 870 (P)
1130 785 1367 852 Canus.

470 892 590 957 341
642 899 709 968 Q.
740 898 1097 955 CANVSIVS
1131 897 1697 953 PRAENESTINVS
1731 894 2118 955 memoratur
2150 891 2219 954 in
2250 890 2402 974 dipl.
2434 889 2566 958 mil.
2600 890 2731 955 III
2752 896 2854 956 ‘40
2890 892 3001 976 (1),
3048 894 3182 976 ipse

593 995 816 1077 posuit
870 992 941 1056 in
997 993 1232 1076 finibus
1296 991 1375 1057 N
1367 997 1840 1057 omentanorum
1890 998 1934 1056 t.
1985 992 2179 1058 XIV
2217 998 2391 1059 3932
2441 994 2570 1076 (2)‚·
2634 992 2799 1059 idem
2861 994 3185 1058 nominare·

596 1095 844 1161 videtur
885 1098 956 1160 in
1000 1095 1226 1178 teyulis
1278 1094 1351 1160 X
1365 1093 1428 1159 V
1460 1099 1582 1159 913
1625 1091 1739 1179 (3),
1798 1090 1890 1159 in'
1924 1095 2144 1179 fistula
2192 1096 2497 1178 plumbea
2538 1097 2790 1161 urbana
2836 1096 3178 1173 Lanciani,

596 1197 829 1282 sylloye
880 1200 1156 1280 aquaria
1197 1201 1278 1262 41
1323 1196 1430 1281 (4),
1491 1198 1561 1262 in
1609 1218 1924 1262 marmore
1981 1196 2132 1261 rudi
2172 1197 2424 1263 Annali
2481 1197 2623 1262 dell'
2658 1198 2961 1263 Instituta
3021 1203 3180 1264 1870

597 1323 668 1384 p.
701 1304 825 1365 188
869 1321 933 1366 n.
963 1304 1092 1366 236
1132 1296 1240 1382 (5).

725 1400 938 1468 Plena
989 1404 1250 1467 nomina
1311 1402 1602 1467 exhibent
1646 1408 1687 1468 t.
1733 1408 1879 1468 1-4.
1971 1401 2212 1468 Consul
2259 1402 2625 1487 (suffectus)
2672 1422 2818 1467 cum
2865 1401 2938 1467 C.
2983 1404 3180 1467 Lusio

601 1504 837 1590 Sparso
884 1503 1005 1569 sub
1051 1504 1169 1569 Pio
1216 1506 1388 1569 eirea
1432 1528 1489 1570 a.
1542 1506 1661 1570 157
1709 1511 1752 1570 t.
1798 1511 1855 1573 1.

472 1608 597 1673 342
644 1607 923 1672 Canutia
953 1606 1391 1689 Crescentina,
1426 1609 1614 1690 virgo
1641 1607 1944 1687 Vestalis,
1976 1629 2121 1673 eum
2155 1630 2194 1672 a
2224 1606 2555 1673 Caracallo
2606 1608 2831 1672 incesti
2880 1607 3184 1672 damnata

600 1720 785 1793 esset,
831 1731 900 1773 se
945 1711 1088 1795 ipsa
1125 1733 1166 1775 a
1209 1709 1491 1775 eulmine
1535 1709 1765 1775 domus
1812 1711 2263 1796 praecipitavit
2290 1709 2423 1775 Dio
2457 1716 2554 1786 77,
2588 1715 2685 1776 16.

472 1814 596 1879 343
642 1810 927 1897 Capella,
976 1823 1168 1898 poeta
1211 1823 1422 1877 aetate
1466 1812 1723 1877 Ovidii:
1776 1824 1946 1878 ‘eum
1984 1852 2061 1860 ——
2093 1848 2173 1860 —
2208 1812 2539 1878 clauderet
2585 1812 2937 1898 imparibus
2984 1812 3183 1878 verba

599 1913 870 2001 Capella
897 1915 1128 1980 modis‘
1170 1914 1348 1982 ovid.
1382 1938 1459 1980 ex
1489 1915 1694 1981 Ponto
1722 1923 1781 1993 4,
1815 1922 1912 1993 16,
1946 1920 2029 1980 36
2041 1936 2062 1994 ‚·
2105 1916 2359 1998 scripsit
2403 1917 2601 1998 iyitur
2644 1919 2840 1979 metro
2888 1914 3178 1997 eleymon.

493 2057 579 2065 ——
642 2017 965 2085 Antistius
1010 2016 1296 2104 Capella.

492 2158 579 2168 —-
644 2096 968 2187 Cssecilius
1013 2121 1299 2207 Capella.

491 2261 580 2271 —
646 2234 707 2289 C.
752 2232 1082 2287 NAEVIVS
1131 2233 1492 2289 CAPELLA.

495 2363 582 2374 --
645 2324 940 2392 Statilius
988 2324 1273 2411 Capella.

469 2429 597 2493 344
642 2436 1158 2493 CAPELLIANVS
1206 2426 1610 2510 (Καπελιανός
1654 2428 1829 2510 apud
1857 2427 2297 2493 Herodianum
2330 2434 2387 2505 7,
2421 2434 2481 2507 9,
2511 2433 2559 2496 2
2605 2429 2883 2494 traditur
2914 2430 2996 2511 cf.
3031 2429 3176 2495 adn.

591 2530 1110 2609 Mendclssohnii‚
1172 2532 1320 2595 item
1374 2529 1764 2616 Capelianus
1824 2552 1899 2595 ex
1944 2530 2318 2596 Herodiano
2380 2530 2825 2615 Capitolinus),
2882 2541 3000 2599 τῶν
3062 2536 3180 2599 ἀπὸ

596 2636 946 2720 συγκλήτου,
992 2637 1190 2719 ἡγεῖτο
1238 2636 1303 2698 δὲ
1347 2632 1747 2719 Μαυρουσίων
1792 2641 1910 2698 τῶν
1957 2636 2070 2699 ὑπὸ
2118 2630 2458 2720 Ῥωμαίοις,
2508 2633 2809 2719 Νομάδων
2859 2638 2924 2699 δὲ
2970 2632 3182 2700 κάλου-

596 2737 795 2823 μένων
855 2736 1209 2801 Herodian.
1272 2736 1313 2801 l.
1370 2736 1409 2801 l.
1499 2735 1672 2800 Vnde
1731 2757 1870 2800 cum
1916 2757 2260 2819 perperam
2320 2737 2729 2802 Herodianus
2788 2737 3065 2801 Mauros
3123 2742 3183 2801 et

600 2838 921 2904 Numidas
978 2839 1344 2921 conflasset,
1393 2837 1792 2923 Capitolinus
1846 2837 1942 2903 vel
1998 2844 2222 2904 auctor
2279 2841 2411 2904 eius
2465 2840 2703 2904 latinus
2760 2839 3017 2921 scripsit
3072 2839 3181 2902 vit.

599 2942 957 3007 Maximini
982 2946 1083 3020 19,
1113 2948 1173 3020 1,
1217 2941 1696 3007 Gordianorum
1739 2946 1835 3019 15,
1878 2947 1917 3006 1
1965 2940 2387 3028 Capelianum
2432 2941 2697 3006 Mauros
2742 2942 2988 3006 rexisse
3030 2962 3176 3006 nar·

595 3045 848 3109 ratione
889 3043 1251 3109 Herodiani
1289 3049 1363 3108 ut
1404 3064 1646 3127 semper
1687 3044 1822 3126 fere
1864 3044 2042 3108 haud
2084 3049 2381 3109 accurate
2423 3045 2493 3109 in
2546 3045 2792 3109 brevius
2836 3047 3181 3108 contracta.

600 3146 1040 3230 Capellianum
1099 3146 1371 3230 leyatwn
1420 3146 1767 3212 Numidiae
1821 3147 2021 3228 fuisse
2075 3168 2214 3211 cum
2258 3146 2405 3211 inde
2463 3147 2629 3229 quod
2685 3147 2765 3211 ab
2811 3145 3184 3211 Herodiano

600 3249 841 3315 ordinis
882 3249 1191 3315 senatorii
1233 3249 1486 3326 dicitur,
1548 3253 1679 3313 tum
1738 3271 1815 3313 ex
1856 3271 2070 3314 rerum
2115 3250 2195 3314 ab
2243 3270 2313 3314 eo
2353 3255 2675 3332 qestarum
2715 3253 2957 3314 natura
3001 3253 3183 3313 extra

597 3353 1087 3418 controversiam
1131 3357 1238 3417 est.

724 3455 1012 3538 Legatus
1043 3454 1388 3519 Numidiae
1434 3476 1603 3518 anno
1650 3455 1771 3520 238
1819 3465 2047 3520 eontra
2075 3454 2165 3522 M.
2198 3454 2552 3520 Antonium
2587 3454 2989 3522 Gordianum
3036 3475 3180 3538 pro-

592 3556 921 3622 consulem
975 3556 1237 3622 Afrieae
1291 3556 1628 3643 filiumque
1682 3558 1852 3640 eius,
1916 3568 2260 3643 postquam
2320 3567 2546 3622 eontra
2589 3556 3023 3621 Maximinum
3068 3556 3179 3619 im-

598 3660 849 3745 perium
892 3670 1322 3745 sumpserunt,
1372 3661 1724 3725 exereitum
1773 3660 1964 3724 duxit
2011 3671 2075 3724 et
2119 3659 2388 3725 rebelles
2434 3661 2572 3724 acie
2612 3661 2820 3724 victos
2864 3659 3186 3744 oppressit

598 3762 951 3830 Herodian.
999 3768 1058 3840 7,
1105 3768 1166 3840 9,
1225 3764 1333 3827 vit.
1383 3763 1741 3828 Maximini
1782 3768 1879 3840 19,
1938 3762 2414 3828 Gordianorum
2459 3767 2557 3830 15.
2602 3767 2699 3828 16.
2793 3760 3186 3826 Nominatur

596 3865 704 3932 vit.
752 3864 1111 3930 Maximini
1148 3870 1251 3942 20,
1303 3870 1360 3931 7.
1410 3903 1488 3919 —
1534 3866 1620 3931 In
1663 3870 1705 3932 t.
1748 3864 2094 3948 sepulcrali
2139 3865 2477 3931 Numidico
2523 3864 2711 3930 VIII
2741 3869 2912 3931 2170
2953 3885 3182 3929 memo-

598 3971 787 4031 ratur
831 3967 942 4050 qui
981 3989 1097 4052 pro
1144 3990 1363 4032 amore
1407 3970 1696 4033 Romano
1739 3970 1990 4055 quievit
2031 3968 2115 4033 ab
2160 3968 2282 4033 hoe
2321 3966 2673 4053 Capeliano
2717 3976 2964 4052 eaptus.

492 4106 581 4117 —-
647 4080 707 4137 C.
754 4078 1004 4135 IVLIVS
1052 4079 1388 4137 GEMINVS
1438 4080 1976 4136 CAPELLIANVS.

494 4210 575 4218 —
642 4171 850 4237 Iulius
896 4171 1221 4259 Capellus.

491 4311 578 4322 -
641 4273 911 4340 Flavius
958 4274 1189 4361 Caper.

473 4379 600 4444 345
645 4387 933 4442 CAPITO.
1011 4377 1280 4443 Nummi
1307 4378 1439 4443 eius
1471 4376 1809 4461 Cyrenaici
1836 4381 1916 4443 ab
1952 4378 2163 4444 altera
2193 4385 2387 4463 parte
2430 4381 2727 4464 inscripti
2767 4380 3183 4466 Imp(erator)

598 4478 993 4565 Aug(ustus)
1061 4481 1461 4563 tr(ibunieia)
1527 4482 1896 4566 pot(estate)
1966 4483 2047 4547 ab
2116 4482 2324 4548 altera
2393 4483 2460 4567 a)
2521 4483 2752 4570 Capito
2820 4482 3180 4569 q(uaestor)

601 4583 865 4660 Maller,
929 4582 1437 4667 Numismatique
1496 4583 1569 4648 de
1627 4583 1976 4650 Z'ancienne
2017 4585 2295 4667 Afrique
2339 4585 2391 4650 I
2410 4606 2481 4668 p.
2514 4590 2638 4651 168
2676 4608 2742 4651 n.
2772 4590 2914 4664 438,
2978 4584 3184 4651 ΟοῙιεη

600 4686 683 4751 1²
724 4685 1051 4769 Auyustus
1094 4707 1157 4751 n.
1192 4692 1347 4764 799;
1392 4686 1454 4770 b)
1498 4687 1758 4752 eandem
1801 4688 2273 4772 inscriptionem
2303 4709 2442 4752 cum
2467 4687 2628 4753 sella
2657 4688 2869 4753 curuli
2895 4688 3185 4753 exhibent

597 4789 841 4854 nummi
883 4788 1128 4854 Mulier
1172 4788 1611 4872 Supplements
1641 4812 1714 4874 p.
1743 4795 1826 4855 30
1869 4812 1934 4855 n.
1963 4794 2091 4855 438
2106 4812 2165 4866 a,
2216 4788 2422 4855 Oohen
2463 4812 2525 4855 n.
2559 4795 2698 4856 798.

726 4889 1051 4971 Quaestor
1094 4890 1501 4978 Cyrenarum
1545 4894 1668 4958 sub
1711 4892 2012 4977 Augusto
2056 4894 2315 4961 nummi.

468 4993 598 5058 346
643 5041 660 5057 .
686 5040 702 5057 .
727 5040 744 5056 .
771 5041 786 5056 .
836 5002 1119 5077 CAPITO,
1169 5044 1184 5059 .
1212 5042 1230 5059 .
1254 5042 1271 5059 .
1297 5045 1311 5059 .
1361 4995 1589 5079 (tribu)
1634 4995 1828 5079 [Cl]u.
1891 4996 2124 5082 Capito
2172 5045 2187 5061 .
2216 5044 2230 5060 .
2256 5045 2271 5060 .
2298 5043 2314 5060 .
2380 4994 2790 5081 [patr]on(us)
2851 4997 3177 5081 municipi,

601 5095 865 5180 [IHIvir
920 5099 1180 5161 viarum
1238 5098 1712 5183 curan]darum,
1776 5099 2134 5183 trib(unus)
2199 5097 2572 5182 [leg(ionis)]
2635 5147 2651 5162 .
2678 5148 2693 5162 .
2723 5148 2737 5163 .
2765 5148 2819 5183 .,
2881 5107 3184 5185 quaestor

597 5246 615 5266 .
646 5248 663 5264 .
690 5248 707 5265 .
733 5252 748 5267 .
774 5252 789 5268 .
835 5199 955 5265 IX
997 5204 1115 5265 731
1161 5205 1203 5268 t.
1248 5201 1536 5267 Larinas
1575 5201 1853 5271 mutilus.
