3859 5992
546 550 921 610 CLAVDIVS
1834 544 1963 612 377
2883 556 3257 614 CLAVDIVS

665 751 721 814 ii
765 752 879 834 qui
937 750 1164 834 tentplo
1206 750 1583 834 Aesculapii
1623 751 2015 834 Perqameno
2059 751 2452 835 praeerant),
2509 753 2679 836 quod
2728 751 2977 821 Galerio
3034 776 3256 822 curam

658 852 1095 936 yladiatorwm
1136 852 1616 930 mandaverant,
1663 853 1963 919 Labbeus
1991 874 2132 919 cum
2172 853 2527 921 sacerdotes
2554 855 2700 921 illos
2733 867 3029 923 ‘annuos’
3058 859 3256 941 fuisse

666 959 971 1020 statueret
988 1005 1004 1033 ,
1059 953 1375 1021 Galerium
1432 957 1702 1038 quinque
1756 976 1938 1021 sexve
1996 975 2199 1021 annos
2239 955 2547 1040 Peryami
2583 963 2901 1024 versatwm
2941 981 3069 1026 esse
3112 983 3255 1028 con·

668 1057 874 1123 clusit.
937 1057 1069 1124 Sed
1099 1079 1296 1142 neq-ue
1331 1057 1404 1122 id
1444 1063 1608 1124 certe
1649 1080 1727 1123 ea·
1753 1057 1855 1124 his
1884 1056 2125 1124 Galem'
2145 1059 2353 1124 verbis
2383 1059 2673 1143 colli9ere
2715 1061 2859 1127 licet
2900 1067 2962 1127 et
3007 1065 3257 1131 obstare

664 1160 914 1225 videtur
942 1160 1106 1226 alter
1134 1159 1305 1226 locus
1336 1160 1591 1238 Galcm}
1622 1182 1802 1245 quem
1834 1162 2045 1226 omisit
2071 1161 2388 1240 Labbeus,
2418 1166 2551 1249 περὶ
2592 1171 2710 1230 τῶν
2743 1166 2857 1252 οὐχ
2892 1168 3254 1254 ἑωραμένων

668 1260 1042 1351 Ἱπποκράτει
1084 1266 1442 1331 ἑκπτώσεων
1486 1265 1627 1330 init.
1672 1264 1744 1330 X
1760 1264 1902 1330 VII
1937 1271 1975 1330 1
2004 1286 2080 1348 p.
2109 1268 2262 1330 347.-
2315 1264 2466 1352 μετὰ
2505 1268 2574 1332 τὸ
2626 1271 2971 1354 τριακοστὸν
3017 1270 3147 1343 ἔτος
3187 1271 3252 1338 ἐν

667 1365 884 1454 Ῥώμῃ
943 1368 1225 1456 διέτριψα.
1312 1367 1406 1433 At
1460 1367 1579 1433 hoc
1634 1367 1769 1433 loco
1826 1388 2155 1432 numerum
2214 1389 2526 1433 annorum
2585 1375 2951 1453 corruptum
3009 1393 3139 1438 esse
3195 1379 3256 1440 et

664 1468 981 1536 Galerium
1021 1469 1168 1536 inde
1212 1471 1295 1535 ab
1343 1469 1607 1536 156l157
1645 1490 1839 1553 usque
1895 1469 1986 1535 ad
2026 1491 2088 1538 a.
2133 1470 2405 1537 1611162
2448 1470 2751 1555 Perqami
2797 1473 2996 1555 fuisse
3038 1478 3256 1542 statim

562 1589 574 1602 ·
665 1574 1007 1658 apparebit
1048 1595 1126 1639 ea·
1166 1574 1250 1638 iis
1291 1593 1455 1656 quae
1498 1571 1573 1637 de
1615 1573 1841 1638 itinere
1884 1571 2161 1637 Romam
2203 1572 2378 1654 facto
2422 1578 2586 1638 certe
2627 1578 2904 1641 statuere
2948 1577 3110 1643 licet.

793 1677 1089 1742 Primum
1146 1677 1417 1742 Romam
1479 1674 1804 1760 profectus
1866 1684 1966 1739 est
2017 1674 2140 1740 sub
2199 1676 2456 1741 initium
2513 1678 2767 1763 imperii
2827 1677 2918 1744 M.
2963 1679 3251 1749 Aurelii:

667 1781 876 1868 ἄρχειν
920 1778 1261 1868 ἀρχομένου
1306 1784 1410 1845 τοῦ
1453 1781 1553 1844 καὶ
1598 1784 1697 1844 νῦν
1744 1778 2038 1865 ἄρχοντος
2082 1774 2455 1844 Ἀντωνείνου
2516 1779 2653 1861 ipse
2701 1783 2832 1868 περὶ
2876 1783 3250 1869 ἀνατομικῶν

667 1885 1071 1971 ἐγχειρήσεων
1116 1886 1177 1959 1,
1222 1886 1262 1946 1
1311 1881 1405 1947 ΙΙ
1425 1902 1498 1963 p.
1543 1883 1692 1946 215.
1779 1879 1947 1945 Tres
2007 1901 2209 1945 annos
2271 1889 2423 1945 tune
2474 1879 2717 1947 Romae
2776 1894 3062 1950 moratus
3121 1897 3248 1952 est:

666 1985 823 2052 ἔτεσι
881 1988 948 2051 δὲ
1001 1987 1179 2072 τρισὶν
1224 1985 1428 2055 ἄλλοις
1484 1982 1550 2049 ἐν
1596 1981 1811 2069 Ῥώμῃ
1859 1985 2163 2070 διατρίψας
2208 1983 2537 2070 ἀρξαμένου
2581 1989 2687 2074 τοᾷ
2733 1989 2996 2072 μεγάλου
3044 1993 3254 2075 λοιμοῦ

666 2095 1038 2176 παραχρῆμα
1067 2096 1173 2174 τῆς
1208 2086 1446 2158 πόλεως
1487 2086 1739 2171 ἐξῆλθον
1770 2087 1904 2168 ipse
1934 2088 2065 2171 περὶ
2091 2092 2212 2151 τῶν
2242 2086 2317 2150 ἰδ.
2349 2087 2502 2175 βιβλ.
2533 2106 2581 2151 c.
2604 2092 2645 2151 1
2674 2092 2831 2154 extr.
2862 2088 2984 2154 XI
2990 2088 3052 2155 V
3054 2113 3129 2174 p.
3151 2095 3251 2170 15,

668 2190 863 2256 rediit
906 2202 1121 2256 autem
1167 2191 1235 2255 in
1278 2190 1571 2276 patriam,
1613 2189 1755 2255 ὅταν
1784 2187 2202 2274 ἐπυνθανόμην
2231 2190 2572 2255 πεπαῦσθαι
2611 2192 2718 2276 τὴν
2751 2193 2949 2257 στάσιν
2991 2189 3255 2273 (scilicet

668 2293 897 2359 bellum
926 2291 1326 2375 Parthiam)
1369 2293 1503 2375 ipse
1539 2294 1670 2377 περὶ
1713 2296 1818 2356 τοῦ
1862 2294 2283 2377 προγινώσκειν
2328 2311 2381 2356 c.
2418 2295 2459 2355 9
2488 2291 2609 2357 XI
2615 2290 2672 2356 V
2679 2313 2754 2375 p.
2778 2296 2918 2371 648,
2965 2303 3033 2360 et
3072 2305 3253 2361 ante-

666 2418 864 2484 quam
905 2394 984 2461 L.
1025 2395 1239 2461 Verus
1283 2416 1320 2459 e
1369 2393 1564 2479 Syria
1609 2395 1875 2458 Romam
1920 2414 2222 2457 reversus
2265 2407 2436 2459 esset
2478 2395 2561 2476 cf.
2603 2395 2798 2459 verba
2841 2395 3081 2462 Galeni
3122 2397 3163 2464 l.
3209 2397 3251 2463 l.

659 2521 734 2582 p.
775 2502 929 2564 649.-
989 2497 1139 2584 μετὰ
1178 2497 1397 2585 χρόνον
1443 2493 1499 2562 δ’
1535 2497 1604 2562 οὐ
1648 2497 1801 2561 πολὺ
1847 2495 2113 2580 (scilicet
2148 2500 2492 2579 postquam
2542 2498 2676 2580 ipse
2719 2497 2927 2563 Italia
2967 2501 3251 2584 excessit)

667 2599 1184 2688 ἐπανεληλυθότος
1216 2605 1319 2666 τοῦ
1348 2601 1600 2666 Λευκίου
1628 2603 1754 2665 κτλ.
1800 2596 1987 2663 Bello
2019 2603 2227 2663 autem
2255 2597 2563 2664 Parthico
2593 2600 2872 2681 confecto
2905 2623 2965 2668 a.
2989 2607 3254 2670 1641165

664 2705 743 2769 L.
775 2703 1003 2769 Verum
1023 2702 1298 2768 Romam
1325 2721 1634 2767 remeasse
1664 2723 1725 2770 a.
1748 2705 1871 2766 166
1898 2705 1961 2766 et
1989 2700 2199 2767 eodem
2229 2722 2399 2767 anno
2428 2722 2568 2766 cum
2595 2702 2805 2784 fratre
2834 2705 3254 2789 triumphasse

585 2858 592 2865 .
669 2828 809 2872 cwm
852 2827 930 2872 ex
972 2805 1125 2871 aliis
1168 2806 1542 2870 testimoniis
1585 2808 1716 2869 twm
1745 2825 1822 2869 ex
1854 2803 2010 2888 dipl.
2038 2803 2171 2869 md.
2201 2804 2336 2870 III
2355 2803 2427 2870 S.
2443 2826 2520 2889 p.
2540 2809 2702 2871 1991
2733 2808 3076 2873 certissime
3105 2830 3249 2875 con-

656 2915 806 2976 stat.
881 2910 1109 2993 Itaque
1153 2907 1439 2974 Galenus
1479 2907 1756 2973 Romam
1798 2929 1859 2972 a.
1898 2911 2029 2974 162
2070 2908 2242 2972 venit
2286 2911 2347 2973 et
2393 2908 2490 2972 ibi
2532 2930 2593 2973 a.
2631 2913 2925 2979 163-·-165
2965 2918 3252 2978 moratus

666 3035 727 3082 a.
767 3018 888 3080 165
919 3017 1177 3079 ecceunte
1216 3011 1312 3076 vel
1357 3033 1419 3076 a.
1450 3015 1573 3076 166
1614 3012 1868 3076 meunte
1908 3012 1980 3075 in
2011 3012 2308 3094 patriam
2348 3016 2625 3076 revectus
2669 3017 2778 3079 est.
2854 3013 3062 3079 Paulo
3105 3028 3253 3102 post

663 3138 862 3202 quam
907 3117 1188 3202 primum
1220 3115 1490 3180 Romam
1526 3113 1811 3197 advenit⁷
1857 3112 2087 3195 Elavio
2123 3113 2392 3196 Boetho,
2434 3113 2661 3198 Sergio
2693 3115 2917 3199 Paulo,
2953 3115 3251 3200 (Ceionio

541 3273 545 3276 .
667 3217 924 3299 Civica)
956 3218 1253 3284 Barbaro
1295 3218 1433 3302 (qui
1473 3238 1534 3282 a.
1565 3220 1688 3282 164.
1720 3217 1791 3280 in
1825 3216 2125 3281 orientem
2153 3217 2486 3298 profectus
2517 3221 2607 3282 est
2636 3217 2719 3299 cf.
2751 3238 2955 3302 supra
2992 3241 3055 3288 n.
3079 3221 3246 3304 500),

664 3319 939 3388 Claudio
972 3320 1234 3402 Severo,
1282 3321 1445 3384 viris
1485 3319 1877 3401 clarissimi&
1909 3316 2493 3383 demonstrationes
2521 3323 2917 3386 anatomieas
2949 3322 3248 3389 exhibuit

669 3425 877 3510 iisque
907 3423 1313 3489 familiariter
1342 3423 1437 3488 uti
1470 3424 1684 3507 eoepit
1711 3424 1846 3509 περὶ
1872 3426 1980 3487 τοῦ
2008 3425 2434 3508 προγινώσκειν
2482 3442 2535 3487 c.
2566 3427 2615 3488 2
2649 3422 2842 3488 XIV
2855 3446 2930 3507 p.
2961 3430 3092 3492 612
3118 3447 3246 3509 sqq.

793 3528 1056 3592 Litteris
1095 3528 1553 3612 imperatorum
1586 3523 1849 3606 (scilicet
1876 3523 2100 3590 Marci
2126 3527 2187 3588 et
2222 3522 2390 3611 Veri)
2422 3523 2730 3611 Aquileia
2759 3524 2928 3591 datis
2960 3527 3249 3595 Galenus

660 3629 728 3694 in
756 3628 1014 3695 Italiam
1043 3639 1386 3694 revocatus
1415 3650 1535 3715 per
1565 3625 1912 3692 Thraciam
1945 3636 2009 3690 et
2036 3625 2491 3692 Macedoniam
2521 3628 2752 3692 itinere
2781 3627 2951 3694 facto
2984 3629 3094 3712 (cf.
3117 3634 3250 3720 περὶ

659 3737 780 3799 τῶν
812 3735 1020 3799 ἁπλῶν
1041 3735 1379 3820 φαρμάκων
1408 3732 1577 3797 συνθ.
1606 3734 1665 3807 9,
1690 3734 1738 3795 2
1757 3728 1999 3810 XHp.
2018 3733 2164 3816 171)
2187 3729 2311 3794 sub
2341 3730 2599 3794 initium
2629 3729 2858 3797 hiemis
2888 3754 2946 3797 a.
2974 3733 3250 3800 1681169

662 3834 855 3921 paulo
914 3844 1066 3900 ante
1123 3856 1320 3920 quam
1377 3833 1458 3899 L.
1506 3832 1719 3898 Verus
1774 3842 2139 3897 moreretur
2183 3829 2321 3914 (qui
2362 3831 2694 3913 defunctus
2733 3838 2825 3898 est
2864 3854 3072 3901 mense
3113 3836 3249 3917 fere

660 3939 979 4019 Ianuario
1009 3959 1071 4005 a.
1089 3941 1214 4003 169
1243 3938 1327 4019 cf.
1349 3957 1552 4020 supra
1566 3957 1641 4020 p.
1659 3934 1829 4018 330),
1857 3932 2234 4021 Aquileiam
2253 3935 2469 4016 venit3
2502 3934 2677 4000 unde
2705 3945 2887 4022 peste
2911 3949 3250 4021 grassante

657 4040 852 4128 paulo
910 4050 1057 4128 post
1100 4039 1258 4104 Veri
1317 4050 1590 4104 mortem
1635 4040 1906 4103 Romam
1965 4059 2038 4101 se
2096 4036 2371 4103 eontulit
2432 4041 2562 4125 περὶ
2610 4045 2730 4105 τῶν
2781 4041 2857 4104 ἰδ.
2903 4041 3055 4128 βιβλ.
3102 4061 3153 4106 c.
3198 4046 3248 4108 2

659 4143 844 4211 XIX
868 4166 942 4228 p.
977 4147 1076 4210 18.

787 4247 970 4314 Haec
997 4267 1160 4330 quae
1190 4245 1266 4310 de
1296 4244 1536 4310 Galeni
1559 4244 1896 4310 itineribus
1924 4265 2003 4308 ea·
2028 4244 2235 4309 verbis
2276 4244 2480 4326 ipsius
2519 4244 2877 4320 statuimus,
2926 4244 3145 4310 docent
3188 4251 3249 4312 et

663 4351 991 4417 Labbeum
1019 4372 1093 4433 p.
1117 4354 1178 4415 6.
1210 4354 1254 4414 7
1285 4368 1550 4425 errasse,
1583 4368 1722 4412 cum
1747 4345 2066 4413 Galenum
2080 4347 2367 4430 primum
2395 4348 2573 4411 intra
2604 4368 2665 4411 a.
2688 4351 2980 4413 164-167
3000 4347 3249 4415 Romae

660 4455 893 4537 fuisse,
953 4452 1098 4518 dein
1155 4473 1324 4518 anno
1366 4455 1492 4517 168
1530 4452 1604 4517 in
1631 4451 1928 4534 patriam
1970 4449 2232 4514 rediisse
2248 4499 2264 4526 ,
2323 4450 2552 4515 iterum
2597 4470 2657 4516 a.
2701 4454 2824 4516 169
2865 4451 2936 4516 in
2978 4451 3248 4517 Italiam

653 4556 1019 4640 profectum
1077 4575 1206 4620 esse
1249 4558 1536 4638 poneret,
1596 4558 1656 4618 et
1697 4573 2045 4637 perperam
2083 4551 2483 4618 Glintonium
2527 4551 2682 4618 locis
2721 4572 2923 4636 supra
2964 4551 3249 4618 laudatis

658 4660 985 4742 scripsisse
1024 4658 1342 4724 Galenum
1383 4658 1498 4722 sub
1545 4656 1706 4721 dim's
1746 4656 2068 4738 fratribus
2111 4656 2242 4719 tria
2287 4656 2528 4719 itinera
2568 4655 2640 4720 in
2677 4655 2949 4721 Italiam
3003 4657 3245 4738 fecisse,

659 4763 945 4845 primum
980 4761 1256 4826 Romam
1301 4781 1363 4825 a.
1395 4764 1524 4827 162
1566 4759 1907 4835 advenisse,
1955 4758 2099 4823 dein
2139 4759 2369 4822 iterum
2413 4756 2644 4839 (nescio
2685 4757 2875 4840 unde)
2915 4760 2985 4822 in
3026 4760 3247 4824 urbem

660 4884 975 4930 reversum
1031 4865 1128 4929 ibi
1166 4885 1293 4948 per
1350 4885 1410 4931 a.
1453 4866 1751 4927 164-167
1788 4865 2107 4925 moratum
2164 4879 2293 4925 esse
2349 4866 2409 4926 et
2459 4861 2712 4927 tertium
2757 4882 2818 4925 a.
2862 4861 3132 4926 1681169
3176 4863 3247 4925 in

662 4967 933 5033 Italiam
971 4967 1255 5033 rediisse.
1341 4965 1515 5031 Vnde
1546 4986 1750 5050 porro
1792 4965 2075 5047 sequitur
2112 4967 2172 5029 et
2230 4985 2470 5029 annum
2522 4963 2806 5029 natalem
2858 4962 3097 5029 Galeni
3138 4962 3249 5044 qui

658 5070 844 5154 vulyo
886 5071 1195 5136 statuiw
1235 5068 1574 5134 secundum
1616 5067 1946 5133 Labbeum
1989 5087 2049 5131 a.
2095 5070 2238 5144 131,
2298 5088 2342 5131 a
2385 5065 2710 5133 Glintonio
2754 5088 2815 5134 a.
2858 5070 3001 5142 130,
3048 5065 3244 5129 corri-

656 5172 929 5258 yendmn
960 5192 1107 5241 esse.
1194 5171 1482 5238 Galenus
1523 5172 1689 5236 enim
1730 5170 1984 5254 scripsit
2027 5173 2157 5257 περὶ
2200 5175 2318 5236 τῶν
2346 5171 2421 5236 ἰδ.
2453 5172 2605 5260 βιβλ.
2637 5190 2690 5236 c.
2717 5175 2768 5236 2
2810 5169 2950 5237 init.
2990 5169 3245 5255 ἐπανῆλ-
