3859 5992
511 570 888 630 AVRELIVS
1808 566 1883 629 21
1896 565 1936 629 3
2847 571 3230 630 AVRELIVS

514 770 721 835 1285a
764 769 854 834 M.
885 769 1190 835 Aurelius
1224 768 1584 854 Philippus,
1630 768 1803 833 filius
1834 768 1921 833 M.
1958 767 2207 834 Aurelii
2241 767 2556 852 Cassiani,
2603 768 2808 834 frater
2847 769 2937 834 M.
2972 768 3225 835 Aurelii

640 873 952 955 Cassiani,
1002 874 1300 938 tribunus
1345 872 1627 937 cohortis
1672 873 1703 937 I
1749 871 2019 937 Flaviae
2074 870 2389 936 miliarias
2433 873 2823 957 Bryttonum
2870 870 3227 937 Maluensis

639 1000 771 1041 una
814 974 1206 1041 cumfratre
1245 977 1415 1061 patri
1461 976 1677 1061 posuit
1736 980 1776 1042 t.
1832 974 2449 1040 Thessalonicensem
2505 974 3225 1058 Archaoloyisch-Epi-

632 1076 1011 1162 yraphische
1042 1076 1348 1141 Mittheil.
1382 1098 1440 1143 a.
1471 1076 1858 1142 Oesterreiclz
1888 1076 1960 1140 X
1975 1076 2117 1140 VII
2141 1077 2353 1163 (1894)
2378 1098 2451 1160 p.
2482 1081 2610 1141 117
2633 1107 2714 1130 =
2746 1077 2880 1143 III
2903 1076 2977 1143 S.
3002 1082 3224 1143 13704.

512 1182 678 1247 1286
723 1188 1096 1244 AVRELIVS
1142 1188 1326 1262 PIVS,
1377 1188 1634 1244 senator
1676 1172 1733 1243 a.
1786 1180 1863 1244 15
1918 1179 2065 1245 Tae.
2107 1200 2167 1246 a.
2208 1185 2265 1256 1,
2309 1183 2405 1244 75.

515 1284 676 1349 1287
723 1281 1030 1348 Aurelius
1062 1281 1333 1363 Probus,
1382 1280 1641 1368 baphiis
1677 1283 2085 1367 praepositus
2122 1302 2327 1364 genus
2373 1304 2701 1368 purpurae
2745 1283 3012 1363 invenit,
3058 1305 3226 1368 quae

641 1384 840 1469 vulgo
885 1383 1214 1450 Probiana
1258 1383 1497 1449 dicitur
1538 1385 1645 1450 vit.
1691 1383 2057 1448 Alexandri
2100 1383 2320 1449 Severi
2360 1389 2459 1461 40,
2508 1389 2567 1461 6,
2612 1389 2820 1450 aetate
2862 1383 3229 1450 Alexandri

635 1493 709 1553 ut
750 1487 1013 1565 videtur,
1062 1488 1144 1569 cf.
1192 1486 1583 1568 Hirschfeld,
1631 1485 2183 1567 Untersuchunycn
2214 1508 2285 1569 p.
2317 1491 2441 1551 193
2486 1486 2630 1551 adn.
2671 1492 2729 1551 1.

520 1592 678 1657 1288
723 1601 877 1655 IMP.
920 1599 1216 1654 CAESAR
1260 1598 1341 1653 M.
1387 1598 1764 1653 AVRELIVS
1810 1597 2094 1652 PRossvs
2138 1598 2310 1652 Ave.
2380 1588 2593 1653 Plena
2633 1591 2894 1655 nomina
2937 1588 3224 1654 indicant

639 1693 812 1758 tituli
853 1694 1257 1776 imperatoris
1304 1696 1362 1756 et
1404 1693 1665 1756 nummi.
1753 1691 2061 1756 Aurelius
2105 1689 2408 1757 Valerius
2454 1691 2709 1757 Probus
2753 1694 2887 1757 vita
2926 1697 3025 1769 11,
3069 1696 3111 1757 5
3155 1693 3225 1756 in

640 1798 801 1862 actis
843 1800 1100 1861 senatus
1143 1795 1312 1878 fictis
1327 1844 1342 1871 ,
1404 1815 1671 1876 quorum
1723 1798 1947 1859 auctor
1990 1793 2250 1858 Aurelii
2292 1793 2535 1859 Valerii
2574 1794 2971 1860 Diocletiani
3010 1796 3224 1860 memi-

635 1901 803 1964 nisse
841 1897 1084 1963 videtur
1098 1917 1119 1975 ;
1163 1898 1466 1983 Equitius
1513 1894 1763 1961 Probus
1807 1892 2099 1978 Epitonie
2126 1901 2225 1972 36,
2257 1901 2321 1962 2.
2420 1896 2709 1962 Ceterum
2754 1896 3005 1962 Probus
3053 1896 3229 1979 apud

635 2003 990 2085 scriptores.
2452 2083 2460 2092 ,

765 2102 1099 2170 Oriundus
1160 2124 1242 2166 ex
1302 2101 1538 2188 oppido
1583 2102 1817 2167 Sirmio
1860 2104 1997 2167 vita
2037 2106 2095 2179 3,
2142 2107 2219 2180 1;
2260 2107 2366 2179 21,
2412 2108 2479 2177 2,
2542 2101 2755 2166 Victor
2792 2100 2973 2166 Cae-9.
3013 2106 3115 2178 37,
3160 2105 3220 2177 4,

643 2208 925 2291 ‘genitus
979 2214 1164 2292 patre
1220 2205 1459 2287 agresti
1516 2203 1849 2268 hortorum
1893 2204 2176 2269 studioso
2220 2203 2550 2269 Dalmatio
2595 2205 2877 2268 nornine‘
2927 2202 3224 2287 Epitome

606 2302 736 2388 ’37,
771 2316 844 2388 1,·
891 2309 1149 2389 ‘Prob0‚
1198 2318 1270 2372 ut
1314 2306 1576 2394 quidam
1622 2309 1692 2371 in
1734 2306 1981 2371 litteras
2028 2306 2432 2391 rettulerunt,
2482 2316 2669 2393 pater
2719 2308 2977 2371 nomine
3012 2306 3223 2371 Maxi-

635 2436 779 2478 mus
825 2411 963 2494 fuit,
1012 2413 1121 2497 qui
1169 2433 1317 2475 cum
1365 2409 1623 2474 ordines
1669 2409 2115 2475 honestissime
2145 2409 2456 2491 duxisset,
2504 2408 2902 2473 tribunatum
2949 2407 3223 2494 adeptus

634 2515 811 2602 apud
870 2514 1248 2601 Aegyptum
1304 2514 1441 2577 vita
1500 2512 1757 2576 functus
1817 2523 1913 2576 est
1968 2534 2172 2577 uxore
2231 2535 2307 2577 ac
2365 2512 2497 2576 filio
2558 2522 2622 2575 et
2677 2511 2814 2576 filia
2869 2510 3216 2576 derelictis‘

637 2620 771 2683 vita
814 2623 876 2694 3,
920 2623 986 2695 2,
1050 2615 1325 2683 Claudia
1383 2638 1567 2681 soror
1624 2615 1753 2682 ibd.
1797 2619 1858 2691 3,
1904 2621 1963 2680 4.
2062 2616 2238 2696 Quae
2297 2615 2371 2679 de
2426 2615 2792 2679 muneribus
2834 2613 3226 2678 militaribus

636 2721 842 2786 Probi
897 2725 956 2785 et
1016 2720 1090 2785 de
1145 2720 1333 2784 rebus
1395 2720 1475 2784 ab
1537 2741 1604 2783 eo
1665 2723 1813 2782 ante
1856 2719 2192 2801 imperium
2230 2719 2422 2801 yestis
2462 2719 2598 2782 vita
2638 2721 2772 2783 3-9
2815 2720 3221 2792 enarrantur,

606 2880 611 2883 .
629 2825 880 2908 partim
921 2825 1057 2888 sine
1102 2823 1293 2887 dubio
1334 2823 1510 2904 falsa
1553 2822 1823 2904 fictaque
1865 2826 2031 2905 sunt,
2068 2823 2316 2903 partim
2360 2825 2682 2903 suspectae
2724 2819 2892 2904 fidei.
2981 2818 3219 2884 Tribu-

636 2938 858 2992 natum
918 2948 1122 3012 prope
1185 2925 1493 2990 imberbis
1539 2947 1579 2988 a
1622 2914 1973 2990 Valeriano
2037 2924 2288 3010 accepit
2344 2923 2472 2990 ibd.
2517 2927 2576 3001 3,
2636 2921 2719 2987 ab
2779 2923 3005 2987 eodem
3049 2920 3219 2987 bello

636 3030 992 3095 Sarmatico
1038 3028 1222 3093 donis
1279 3025 1669 3092 militaribus
1714 3026 1991 3091 donatus
2053 3036 2117 3090 et
2171 3026 2412 3109 legioni
2456 3027 2556 3091 III
2600 3024 2803 3090 Felici
2850 3024 2988 3109 (sic)
3034 3046 3216 3111 prae-

632 3134 881 3219 positus
930 3140 1027 3196 est
1069 3131 1195 3196 ibd.
1234 3135 1295 3207 5,
1356 3129 1440 3195 ab
1485 3128 1837 3194 Aureliano
1902 3129 2254 3194 decimanis
2300 3129 2428 3195 ibd.
2474 3133 2548 3208 6,·
2606 3130 2875 3193 Tacitus
2918 3129 2977 3191 ei
3022 3128 3218 3193 totius

637 3236 900 3299 orientis
946 3234 1254 3298 ducatum
1295 3232 1434 3316 (sic)
1480 3232 1771 3296 decrevit
1812 3232 1941 3296 ibd.
1980 3238 2035 3295 7.
2100 3232 2328 3296 Tacito
2371 3240 2643 3313 mortu0,
2692 3252 2840 3295 cum
2872 3228 3217 3295 Florianus

634 3339 973 3423 imperium
1018 3336 1396 3422 arripuisset
1439 3346 1503 3399 et
1545 3357 1586 3399 a
1628 3345 1856 3399 senatu
1901 3336 2161 3418 agnitus
2207 3345 2403 3417 esset,
2450 3334 2701 3399 Probus
2761 3335 2828 3398 in
2888 3335 3134 3398 oriente
3178 3355 3218 3396 a

631 3439 943 3505 militibus
988 3440 1337 3524 imperator
1377 3437 1589 3502 factus
1636 3447 1764 3520 est3
1809 3441 1903 3503 καὶ
1937 3437 2169 3525 Πρόβος
2216 3439 2321 3523 μὲν
2369 3439 2498 3522 εἶχε
2527 3437 2744 3522 Συρίαν
2790 3441 2888 3502 καὶ
2930 3439 3213 3523 Φοινίκην

629 3546 723 3609 καὶ
758 3541 1151 3626 Παλαιστίνην
1182 3544 1277 3607 καὶ
1309 3544 1415 3628 τὴν
1451 3542 1740 3625 Αἴγυπτον
1774 3541 2028 3618 ἅπασαν,
2067 3541 2139 3604 τὰ
2180 3542 2245 3604 δὲ
2277 3543 2397 3606 ἀπὸ
2433 3538 2696 3611 Κιλικίας
2728 3540 2936 3626 μέχρις
2966 3537 3215 3611 Ἰταλίας

632 3645 1010 3732 Φλωριανός·
1058 3646 1358 3732 ὑπήκουον
1409 3646 1474 3709 δὲ
1519 3645 1683 3731 αὐτῷ
1728 3648 1824 3709 καὶ
1868 3644 1941 3707 τὰ
1986 3645 2131 3730 ὓπὲρ
2176 3644 2278 3714 τὰς
2316 3640 2546 3715 Ἄλπεις
2591 3642 2759 3729 ἔθνη,
2809 3644 3073 3709 Γαλάται
3116 3647 3214 3710 καὶ

626 3748 856 3837 Ἴβηρες
901 3744 1025 3834 ἅμα
1065 3759 1139 3831 τῇ
1184 3744 1552 3832 Βρεττανικῇ
1596 3751 1757 3834 νήσῳ
1802 3749 1899 3811 καὶ
1944 3747 2179 3832 προσέτι
2221 3770 2291 3832 γε
2338 3743 2541 3811 ἅπασα
2572 3745 2758 3833 Λιβῦη
2803 3749 2900 3811 καὶ
2945 3746 3018 3812 τὰ
3046 3744 3214 3812 Μαυ-

627 3852 831 3938 ρούσια
879 3856 1056 3937 φῦλα,
1102 3849 1449 3914 Florianus
1497 3851 1563 3913 in
1609 3848 1845 3934 oppido
1877 3848 2082 3913 Tarso
2129 3871 2169 3912 a
2214 3847 2425 3913 Probo
2473 3848 2770 3913 obsessus
2814 3871 2854 3913 a
2893 3848 3211 3913 militibus

627 3954 876 4019 occisus
930 3963 1026 4017 est
1070 3962 1134 4016 et
1178 3951 1430 4017 Probus
1474 3950 1649 4016 solus
1694 3953 2039 4036 imperium
2088 3952 2295 4016 tenuit
2337 3951 2572 4016 Zosim.
2621 3955 2677 4027 1,
2725 3955 2805 4015 64
2849 3949 3092 4030 (eadem
3134 3970 3212 4014 ex

628 4056 837 4123 eodem
896 4060 1150 4121 auctore
1197 4056 1442 4119 brevius
1488 4055 1729 4119 Zonar.
1767 4059 1872 4131 12,
1918 4059 2007 4119 29
2040 4076 2112 4136 p.
2148 4060 2269 4119 154
2313 4054 2407 4119 ed.
2451 4052 2795 4135 Dindorf).
2886 4050 3132 4119 Consul
3177 4052 3210 4117 I

626 4182 678 4223 a.
721 4159 866 4236 277,
927 4159 996 4224 11
1040 4180 1097 4222 a.
1144 4158 1287 4241 278,
1348 4158 1451 4222 ΠΙ
1496 4180 1553 4225 a.
1597 4158 1740 4240 279,
1804 4157 1941 4221 IIII
1986 4180 2043 4220 a.
2090 4157 2234 4239 280,
2282 4155 2347 4221 V
2390 4179 2447 4223 a.
2494 4156 2615 4221 281
2665 4156 2845 4238 fasti.
2934 4154 3208 4221 Occisus

625 4262 846 4327 Sirmii
889 4284 930 4325 a
971 4258 1287 4325 militibus
1329 4260 1464 4325 vita
1504 4264 1605 4338 37,
1654 4258 1865 4325 Victor
1904 4259 2083 4325 Caes.
2117 4263 2217 4336 37,
2248 4264 2308 4336 4,
2350 4258 2648 4342 Epitome
2685 4262 2786 4335 37,
2826 4262 2888 4336 4,
2931 4258 3204 4342 Eutrop.

626 4370 685 4443 9,
731 4369 831 4442 17,
878 4363 1119 4429 Zonar.
1164 4367 1268 4440 12,
1313 4367 1403 4428 29
1447 4367 1602 4429 extr.

752 4466 1078 4550 Regnavit
1120 4466 1306 4530 annis
1351 4466 1641 4551 quinque
1678 4466 1811 4529 vita
1838 4469 1946 4543 21,
1981 4470 2058 4543 3,·
2099 4469 2210 4542 22,
2243 4470 2307 4543 2,
2358 4462 2548 4550 paulo
2594 4464 2807 4527 minus
2851 4485 3045 4550 quam
3091 4484 3208 4528 sex

627 4593 828 4635 annos
876 4568 1090 4634 Victor
1130 4568 1310 4634 Caes.
1340 4573 1441 4644 37,
1472 4573 1532 4645 4,
1579 4568 1821 4633 Zonar.
1854 4567 1895 4633 l.
1928 4566 2010 4646 l.,·
2053 4589 2171 4632 sex
2201 4590 2403 4632 annos
2432 4567 2725 4651 Fspitome
2752 4570 2854 4643 37,
2884 4570 2961 4645 4,·
3004 4587 3207 4631 annos

626 4696 743 4738 sex
807 4693 1060 4736 menses
1128 4680 1437 4757 quattuor
1499 4670 1771 4753 Eutrop.
1825 4676 1883 4747 9,
1937 4675 2037 4747 17,
2111 4670 2429 4735 Eusebius
2451 4706 2478 4717 -
2501 4669 2927 4753 Hieronymus
2992 4669 3206 4736 chron.

617 4799 690 4860 p.
726 4780 865 4842 184.
900 4777 1023 4840 185
1053 4773 1144 4841 ed.
1179 4773 1459 4851 Scho'ne,·
1504 4795 1707 4837 annos
1753 4796 1871 4837 sex
1900 4795 2154 4837 menses
2185 4772 2347 4837 duos
2377 4772 2514 4836 dies
2546 4771 2885 4836 duodecim
2919 4771 3207 4839 Chrono-

617 4876 933 4962 9raphu3,
1004 4887 1249 4964 septem
1317 4899 1518 4941 annos
1587 4898 1712 4940 non
1785 4878 2071 4959 integros
2137 4875 2379 4941 Iulian.
2443 4875 2623 4941 Caes.
2678 4896 2752 4957 p.
2798 4878 2938 4940 314.
3043 4873 3207 4940 Cum

622 4980 1017 5045 Florianum
1048 4985 1201 5063 post
1241 5000 1504 5062 reynum
1548 4979 1817 5043 duorum
1859 4979 1994 5060 fere
2034 4979 2338 5043 mensium
2383 4982 2619 5043 aestate
2664 5000 2723 5042 a.
2764 4982 2892 5044 276
2937 4979 3207 5043 occisum

620 5103 748 5149 esse
779 5087 1015 5147 constet
1043 5080 1151 5164 (cf.
1183 5082 1249 5146 A
1277 5082 1444 5157 488),
1491 5081 1742 5146 Probus
1776 5085 2019 5146 aestate
2062 5080 2335 5145 eiusdem
2380 5082 2539 5146 anni
2579 5082 2831 5146 ineunte
2873 5081 3205 5164 imperium

618 5185 786 5268 iniit.
870 5184 1066 5251 Cuius
1111 5206 1348 5251 annum
1393 5190 1677 5250 octavum
1718 5184 1963 5249 nummi
2003 5182 2438 5273 Alexandrini
2482 5204 2621 5249 cwm
2665 5183 3022 5261 exhibeant,
3065 5204 3205 5248 eum
