3859 5992
582 524 915 580 CLAVDIA
1869 518 1996 584 405
2962 526 3293 583 CLAVDIA

579 721 706 787 848
750 720 1027 788 Claudia
1068 721 1253 788 Acte.
1336 721 1566 788 Tituli:
1605 725 1751 807 ipsa
1781 723 2006 807 posuit
2045 723 2359 789 Pisanum
2401 723 2522 790 XI
2550 728 2711 791 1414
2756 725 2865 811 (1),
2909 728 3295 790 memoratur

707 825 778 890 in
805 824 1038 908 fistulis
1052 824 1373 908 plumbeis
1399 826 1666 909 repertis
1703 824 1961 891 Velitris
1989 827 2331 904 Lamiani,
2362 826 2597 911 sylloye
2627 827 2906 910 aquaria
2934 848 2998 891 n.
3023 831 3154 892 214
3175 825 3291 909 (2),

707 924 991 992 Puteolis
1030 948 1093 994 n.
1123 932 1262 994 226
1301 926 1411 1012 (3),
1456 928 1527 993 in
1570 932 1614 993 t.
1654 927 2023 994 laer-torm
2061 927 2347 995 VIsreo
2378 927 2489 1015 (4).
2540 934 2743 996 15137
2782 929 2896 1013 (5).
2939 933 3138 995 15176
3181 928 3290 1013 (6),

706 1027 782 1093 X
820 1033 981 1094 7640
1023 1028 1134 1113 (7).
1195 1032 1359 1095 7984
1402 1029 1523 1115 (8),
1584 1029 1868 1096 Olbiensi
1926 1030 2181 1097 Notieie
2238 1031 2406 1115 deyli
2459 1034 2634 1097 soavi
2687 1036 2859 1099 1892
2899 1054 2975 1115 p.
3012 1036 3135 1098 105
3179 1030 3290 1114 (9),

706 1132 876 1195 servi
920 1130 1025 1197 VI
1040 1134 1249 1198 17898
1276 1135 1444 1218 (10),·
1489 1131 1763 1198 Claudia
1804 1132 1976 1217 Aug.
2022 1132 2065 1198 l.
2112 1132 2386 1219 Pythias
2425 1133 2789 1201 Acteniana
2825 1134 2894 1200 X
2936 1137 3098 1200 7980
3141 1131 3291 1217 (11).

837 1232 1115 1300 Claudia
1140 1234 1308 1300 Acte
1339 1236 1407 1302 in
1442 1234 1646 1300 titulis
1676 1235 2017 1320 plerisque,
2063 1236 2230 1302 Acte
2275 1237 2452 1319 apud
2490 1238 2850 1320 scriptores.
2884 1274 2966 1284 -
2995 1237 3103 1302 Ex
3131 1237 3293 1303 Asia

709 1357 899 1400 serva
930 1338 1201 1402 Romam
1231 1337 1499 1404 vendita
1526 1338 1662 1404 Dio
1690 1344 1790 1417 61,
1825 1344 1880 1422 7,
1912 1338 2146 1405 liberta
2175 1339 2325 1405 Tae.
2353 1362 2411 1405 a.
2436 1345 2535 1418 13,
2560 1346 2665 1418 12,
2700 1340 2955 1407 Sueten.
2985 1337 3161 1404 Nero
3182 1340 3288 1420 28,

705 1459 903 1505 mann
944 1441 1144 1506 missa
1183 1440 1433 1507 videtwr
1476 1441 1557 1506 ab
1601 1442 1985 1525 imperatore
2029 1438 2304 1509 Claudio
2347 1441 2443 1509 vel
2487 1464 2529 1508 a
2575 1442 2847 1520 Nerone,
2895 1462 3037 1508 enm
3080 1440 3296 1508 liberti

709 1541 843 1606 eius
886 1547 930 1607 t.
964 1546 1024 1609 5.
1054 1547 1113 1609 6.
1146 1547 1204 1608 7.
1234 1547 1296 1610 8.
1331 1549 1372 1609 9
1425 1543 1676 1610 Tiberio
1707 1545 2128 1627 praenomine
2168 1549 2472 1624 sitantum·
2514 1545 2687 1610 Nero
2735 1567 2877 1610 eam
2922 1545 2991 1609 in
3031 1552 3292 1627 gentem

706 1642 910 1710 Attali
941 1644 1191 1711 rettulit
1218 1644 1351 1711 Dio
1384 1645 1425 1714 Ζ.
1460 1645 1520 1729 Ζ.,
1566 1648 1925 1712 summissis
1962 1646 2415 1713 consularibus
2445 1648 2629 1727 viris,
2675 1646 2787 1733 qui
2833 1648 3010 1730 regio
3052 1666 3293 1731 genere

706 1768 848 1811 eam
879 1757 1085 1812 ortam
1128 1749 1496 1834 peierarent
1526 1748 1783 1815 Sueten.
1815 1748 1857 1817 Ζ.
1890 1747 1930 1817 Ζ.
1995 1750 2131 1831 Quo
2162 1750 2489 1833 pertinere
2528 1749 2778 1814 videtur
2814 1748 2983 1831 quod
3022 1750 3092 1814 in
3137 1752 3179 1813 t.
3210 1752 3291 1813 11

708 1848 939 1915 liberta
980 1848 1291 1933 quaedam
1333 1849 1615 1933 Anyusti
1656 1851 1736 1916 ab
1783 1871 1860 1916 ea
1903 1870 2240 1935 coynomen
2278 1851 2548 1917 alterum
2591 1851 2794 1916 traxit
2836 1849 3038 1934 plane
3077 1848 3293 1916 eadem

704 1954 957 2018 ratione
978 1956 1164 2035 atque
1186 1951 1418 2030 liberti,
1448 1953 1563 2035 qui
1575 1952 1869 2036 pluriam
1898 1953 2188 2037 deinceps
2215 1953 2537 2019 hominum
2568 1953 3103 2037 amplissimorum
3129 1952 3297 2019 sewi

704 2055 965 2137 fuerant
1007 2053 1118 2137 (cf.
1164 2054 1414 2121 Halsen
1456 2054 1793 2121 Romz'sehe
1838 2055 2335 2140 Mittheilumyen
2376 2056 2511 2122 III
2529 2079 2602 2141 p.
2633 2061 2777 2123 222
2801 2060 2979 2139 sqq).

835 2156 1003 2223 Cum
1047 2156 1219 2223 Nero
1266 2158 1334 2221 in
1377 2178 1663 2223 amorem
1708 2157 1906 2224 Actes
1951 2158 2304 2242 incidisset,
2345 2157 2656 2225 Annaeus
2702 2159 2988 2225 Serenus
3032 2180 3070 2223 e
3112 2157 3293 2222 fami-

705 2257 974 2325 liaribus
1035 2259 1322 2326 Senecae
1381 2259 1791 2325 simulatione
1849 2262 2088 2325 amoris
2146 2260 2461 2326 adversus
2520 2282 2662 2325 eam
2721 2259 2893 2325 illius
2953 2259 3292 2346 cupidines

706 2361 952 2428 velavit
993 2361 1426 2449 praebuitque
1468 2383 1721 2447 nomen,
1773 2372 1848 2428 ut
1890 2384 2059 2449 quae
2103 2363 2406 2450 princeps
2449 2362 2676 2429 furtim
2720 2362 3141 2428 mulierculae
3183 2362 3291 2428 tri·

707 2464 965 2549 buebat‚
1025 2463 1136 2529 ille
1178 2464 1392 2551 palam
1441 2463 1827 2549 largireture,
1885 2468 2090 2530 amori
2150 2466 2288 2531 eius
2331 2465 2896 2531 vehementissime
2950 2465 3294 2531 adversata

707 2577 806 2632 est
848 2565 1219 2655 Agrippina
1269 2567 1417 2634 Tae.
1464 2588 1525 2633 a.
1571 2573 1669 2646 13,
1717 2572 1956 2636 12-13.
2048 2568 2287 2633 Postea
2344 2567 2611 2655 paulum
2669 2569 2867 2651 afuit,
2913 2570 3075 2657 quin
3118 2568 3292 2634 Nero

705 2672 872 2737 iusto
916 2672 1324 2736 matrimonio
1371 2693 1513 2736 eam
1557 2671 1683 2736 sibi
1729 2671 2105 2737 conciliaret
2150 2672 2408 2741 Sueten.
2442 2672 2482 2739 Ζ.
2516 2671 2555 2739 Ζ.
2641 2673 2971 2737 Incestum
3013 2670 3292 2735 Neronis

707 2783 773 2838 et
814 2771 1220 2860 Agrippinae
1264 2777 1638 2840 interventu
1678 2776 1816 2839 eius
1859 2773 2260 2861 prohibitum
2305 2784 2404 2840 est
2439 2774 2681 2849 Tac.,a.
2712 2779 2814 2854 14,
2842 2778 2910 2841 2.
2983 2772 3292 2839 Amorem

706 2877 847 2942 eius
890 2877 1136 2943 Neroni
1183 2875 1620 2965 exprobrabat
1653 2877 1962 2964 Poppaea
1992 2876 2237 2944 Sabina
2276 2877 2406 2943 ibd.
2437 2881 2536 2955 13,
2567 2881 2664 2943 46.
2733 2876 2987 2963 Corpus
3016 2876 3292 2942 Neronis

711 2981 1070 3066 composuit
1115 2981 1371 3048 Sueten.
1422 2979 1600 3046 Nero
1641 2985 1743 3048 50.
1793 3017 1870 3027 -
1917 2980 2132 3064 Ayros
2175 3001 2315 3046 eam
2364 2981 2433 3046 in
2476 2978 2684 3046 Italia
2739 2983 2800 3045 et
2853 2980 2926 3046 in
2977 2978 3296 3047 Sardinia

697 3083 1055 3165 possedisse
1098 3083 1320 3149 docent
1363 3086 1407 3148 t.
1447 3088 1515 3149 2.
1551 3086 1611 3150 3.
1660 3088 1719 3148 7.
1761 3087 1823 3151 8.
1872 3087 1932 3150 9.
1973 3088 2075 3148 11.

595 3221 683 3230 -
744 3194 1038 3252 MARCIA
1083 3194 1416 3250 CLAVDIA
1460 3195 1689 3249 ALCIA
1731 3194 2116 3250 ATHENAIS
2160 3194 2478 3250 GAVIDIA
2522 3193 2894 3251 LATIARIS.

576 3305 704 3370 849
752 3355 766 3370 .
794 3357 808 3371 .
869 3315 1202 3371 CLAVDIA
1254 3353 1438 3371 .....
1464 3314 1565 3369 LA
1622 3314 1937 3369 ALFIDIA
1994 3355 2010 3371 .
2037 3355 2051 3371 .
2079 3355 2095 3371 .
2122 3353 2137 3370 .
2162 3314 2305 3370 NIS.
2417 3304 2572 3370 Tres
2631 3305 2805 3370 tituli
2858 3305 3099 3370 urbani
3151 3324 3291 3372 eon-

709 3410 911 3473 iuneti
950 3407 1227 3473 dominis
1272 3407 1751 3491 benignissimis
1793 3429 1836 3473 a
1876 3428 2054 3473 servo
2101 3408 2308 3491 positi
2347 3413 2496 3473 sunt
2539 3406 2643 3473 VI
2673 3411 2876 3473 1429.·
2927 3428 2971 3471 a
3026 3406 3292 3472 sinistra

699 3516 896 3593 parte
939 3510 1029 3577 ad
1066 3510 1231 3576 hanc
1261 3511 1559 3594 pertinet,
1609 3531 1653 3576 a
1696 3509 1926 3576 dextra
1970 3511 2059 3576 ad
2098 3511 2176 3576 L.
2208 3511 2519 3575 Insteium
2564 3508 3005 3594 Flaccianum,
3048 3508 3292 3573 medius

703 3612 1019 3679 Claudiae
1060 3613 1303 3699 Papiae
1345 3612 1662 3677 Netoniae
1704 3612 1986 3677 Insteiae
2032 3612 2494 3678 Praenestinae
2533 3610 2857 3678 dedicatus
2885 3615 2995 3676 est.
3060 3610 3291 3694 Itaque

698 3716 809 3781 ale
849 3717 1138 3793 maritus,
1184 3715 1339 3780 haee
1379 3714 1526 3799 filia
1571 3713 1889 3781 Claudiae
1932 3714 2219 3799 Alfidiae
2260 3714 2524 3781 videtur.

593 3856 682 3868 —
747 3818 1133 3903 (CLAVDIA)
1176 3825 1519 3882 ANTONIA
1562 3837 1618 3882 v.
1663 3826 2025 3882 ANTONIA.

573 3939 700 4003 850
745 3948 1076 4003 CLAVDIA
1121 3946 1462 4002 ANTONIA
1519 3946 1886 4020 TATIANA,
1950 3941 1987 4024 ἠ
2032 3940 2309 4026 κρατίστη
2369 3938 2583 4026 ἀνεψιὰ
2628 3935 2929 4003 Κλαυδίου
2974 3936 3287 4023 Διογένους

705 4041 813 4125 (cf.
845 4062 1044 4124 supra
1071 4061 1135 4105 n.
1172 4039 1323 4121 684)
1354 4043 1451 4106 καὶ
1484 4037 1759 4106 Ἀττάλου
1791 4040 1898 4123 (cf.
1930 4061 1993 4107 n.
2019 4043 2163 4126 651)
2197 4039 2648 4127 συνκλητι[κῶ]ν
2681 4038 2938 4123 publice
2973 4037 3289 4103 honorata

701 4148 743 4212 t.
792 4143 1285 4227 Aphrodisiensi
1321 4141 1488 4208 CIG
1532 4143 1757 4208 28191)
1806 4142 2100 4212 Addend.
2136 4164 2208 4226 p.
2254 4147 2417 4209 1115
2462 4173 2545 4196 =
2591 4140 3288 4223 Lebas-Waddinyton

705 4250 889 4312 1597.
987 4245 1295 4312 Fortasse
1361 4245 1578 4319 eadem
1633 4245 1943 4328 Tatiana‚
2007 4243 2281 4311 Achillis
2342 4266 2540 4328 uxor,
2607 4245 2711 4312 Ti.
2772 4242 3030 4310 Claudii
3081 4241 3286 4309 Attali

702 4371 921 4431 nurus,
969 4370 1131 4432 quae
1172 4353 1559 4414 memoratur
1601 4349 1671 4413 in
1713 4352 1755 4413 t.
1802 4352 1862 4413 et
1903 4348 2045 4432 ipso
2088 4346 2583 4433 Aphrodisiensi
2622 4345 2724 4413 01
2723 4345 2786 4413 G
2827 4349 3014 4413 2831.

572 4469 688 4535 851
743 4479 887 4536 ΤΙΒ.
935 4469 1322 4553 GL(AVD1A)
1366 4476 1692 4550 ARSASIS‚
1754 4490 1790 4532 e
1832 4467 2101 4533 Xantho
2159 4478 2224 4533 et
2272 4468 2529 4533 Pinaris
2572 4466 2846 4531 oriunda
2888 4465 3147 4549 (Ξανθία
3190 4468 3287 4531 καὶ

704 4570 985 4658 Πιναρίς),
1040 4575 1078 4658 ἡ
1121 4573 1396 4659 κρατίστη
1443 4573 1730 4655 ὑπατική,
1778 4593 1945 4635 uxor
1988 4569 2138 4636 Tib.
2184 4569 2445 4636 Claudii
2488 4567 2887 4652 Telemachi,
2933 4578 3139 4632 mater
3181 4567 3284 4633 Ti.

701 4672 955 4740 Claudii
1000 4672 1474 4740 Stasithemidis
1518 4684 1584 4739 et
1629 4672 1946 4739 Claudiae
1988 4673 2301 4740 Arsinoes
2347 4672 2604 4758 publice
2646 4671 2964 4738 honorata
3006 4675 3049 4736 t.
3097 4670 3284 4755 Sidy-

700 4777 902 4842 mensi
933 4775 1288 4858 Benndorf,
1333 4774 1569 4841 Reisen
1612 4775 1683 4840 in
1725 4775 1972 4859 Lykien
2004 4797 2075 4859 p.
2107 4780 2195 4841 67
2229 4796 2295 4841 n.
2322 4780 2421 4841 41.

573 4897 698 4962 852
745 4906 1077 4963 CLAVDIA
1106 4905 1455 4979 ARSINOE,
1503 4899 1543 4982 ἡ
1574 4898 1872 4983 κρατίστη,
1911 4896 2046 4962 filia
2078 4897 2179 4962 Ti.
2213 4895 2470 4963 Claudii
2500 4893 2870 4962 Telemachi
2898 4897 3286 4960 mem-oratur

700 5001 770 5064 in
814 5004 857 5065 t.
905 4999 1268 5084 Sidymensi
1293 4999 1514 5082 patris
1555 4997 1911 5082 Benndorf,
1960 4998 2198 5064 Reisen
2238 4999 2310 5064 in
2353 4998 2596 5082 Lykien
2625 5019 2699 5081 p.
2731 5001 2816 5062 67
2854 5018 2918 5063 n.
2947 5002 3054 5063 42.

574 5121 701 5186 853
747 5121 1136 5204 CL(AVD1A)
1164 5127 1686 5201 ARTEMIDORA,
1737 5118 2095 5185 clarissima
2129 5119 2389 5201 femina,
2441 5140 2609 5184 uxor
2647 5117 2725 5183 L.
2754 5116 2948 5183 Marii
2979 5118 3281 5200 Vegetini
