3859 5992
547 552 921 614 cmvmvs
1848 542 1976 615 389
2896 558 3269 618 cmvmvs

672 759 1060 820 memoratur
1113 755 1183 818 in
1242 759 1284 819 t.
1330 755 1556 819 Liviae
1603 754 2004 821 Medullinae
2054 776 2323 838 sponsae
2360 756 2434 823 X
2472 762 2631 822 6561
2674 757 2787 842 (4).
2880 758 3272 824 Nominatur

678 862 1022 941 praeterea
1063 858 1135 921 in
1179 862 1221 921 t.
1259 858 1426 922 servi
1452 857 1590 922 III
1619 861 1747 924 321
1791 857 1901 944 (5),
1934 859 2185 941 passim
2228 860 2298 923 in
2342 864 2384 924 t.
2433 859 2803 925 libertorum
2847 866 2907 925 et
2948 881 3268 928 servorum

676 960 747 1026 in
801 964 1196 1025 monumento
1246 958 1456 1024 Drusi
1514 958 1617 1024 VI
1647 964 1812 1025 4334
1856 958 1965 1043 (6).
2009 964 2191 1025 4338.
2231 965 2413 1028 4340.
2459 966 2638 1028 4346.
2682 967 2848 1029 4348
2890 960 3042 1052 (10).
3086 967 3266 1031 4356.

675 1067 856 1128 4359.
899 1067 1091 1129 4362.
1134 1066 1314 1131 4363.
1359 1066 1524 1129 4376
1566 1062 1715 1147 (15).

809 1165 908 1230 Τί.
968 1164 1284 1232 Claudius
1342 1165 1515 1230 Nero
1577 1167 2008 1232 Germanicus
2067 1171 2111 1231 t.
2157 1171 2216 1233 1.
2260 1172 2328 1233 2.
2370 1172 2432 1233 3.
2477 1173 2544 1251 4,
2605 1168 2707 1236 Ti.
2750 1167 3064 1235 Claudius
3109 1167 3270 1235 Ger-

676 1270 968 1334 manicus
999 1275 1044 1333 t.
1071 1273 1131 1336 5.
1164 1273 1222 1334 6.
1254 1274 1355 1334 10.
1387 1266 1599 1353 15(ἓ);
1627 1268 1730 1334 Ti.
1762 1267 2195 1335 Germanicus
2224 1271 2296 1335 in
2328 1270 2530 1335 titulis
2557 1271 2834 1354 reliquis.
2883 1270 3269 1359 Appellatus

679 1381 777 1436 est
818 1373 1104 1457 primum
1149 1372 1251 1436 Ti.
1296 1369 1612 1436 Claudius
1657 1371 1934 1451 Drusus,
1978 1393 2135 1436 mox
2177 1370 2378 1437 fratre
2421 1374 2666 1437 maiore
2709 1373 3157 1457 (Germanico)
3203 1375 3271 1438 in

679 1472 913 1539 Iuliam
945 1473 1252 1538 familiam
1282 1472 1589 1560 adoptato
1619 1472 1814 1557 (anno
1835 1479 1877 1539 4
1892 1496 1966 1558 Ρ.
2001 1473 2103 1561 G.)
2128 1473 2503 1541 Germanici
2536 1496 2891 1558 cognomen
2923 1477 3273 1563 assumpsit

676 1573 930 1641 Sueten.
964 1575 1064 1646 Ol.
1095 1581 1144 1643 2
1185 1577 1396 1642 minus
1441 1581 1769 1654 accurate,
1831 1577 1999 1658 qaod
2038 1576 2355 1642 Claudius
2399 1583 2564 1643 certe
2601 1583 2752 1661 post
2780 1580 3155 1661 pueritiam,
3200 1582 3273 1642 ut

682 1677 858 1742 timii
895 1679 1133 1757 docent,
1164 1684 1434 1762 praeter
1473 1678 1925 1745 Germanicum
1960 1679 2239 1746 Neronis
2272 1682 2653 1764 cognomine,
2698 1701 3023 1763 nunquam
3065 1679 3277 1745 Drusi

679 1799 836 1845 usus
878 1786 986 1847 est.
1063 1782 1164 1847 Ti.
1198 1780 1511 1848 Claudius
1563 1781 1735 1847 Nero
1782 1782 2210 1849 Germanicus
2255 1782 2388 1849 Dio
2432 1788 2532 1863 60,
2578 1788 2628 1851 2
2671 1783 2995 1868 (Zonaras
3036 1788 3137 1862 11,
3180 1786 3270 1869 8),

681 1882 782 1947 Ti.
829 1882 1142 1949 Claudius
1185 1884 1359 1950 Nero
1405 1884 1493 1949 id.
1532 1888 1632 1963 55,
1678 1889 1784 1961 27,
1832 1888 2105 1949 ceterum
2132 1884 2504 1968 plerumque
2548 1884 2882 1954 Claudius.

807 1986 1017 2051 Natus
1063 1997 1162 2052 est
1203 1986 1505 2052 kalendis
1549 1986 1866 2070 Augustis
1909 2009 1966 2051 a.
2003 1988 2126 2053 744
2171 2016 2251 2041 =
2299 1990 2380 2052 10
2424 2010 2482 2053 a.
2517 1987 2591 2055 C.
2638 1988 2897 2055 Sueten.
2939 1987 3173 2053 Claud.
3203 1992 3270 2066 2,

681 2087 843 2168 fasti
884 2088 1202 2154 Vallenses
1234 2088 1384 2155 CIL
1411 2089 1494 2154 1²
1512 2111 1587 2173 Ρ.
1612 2094 1759 2166 240,
1789 2087 2090 2154 Antiates
2118 2110 2191 2172 Ρ.
2220 2093 2390 2169 248,·
2434 2090 2793 2174 Luguduni
2825 2089 3080 2157 Sueten.
3116 2088 3268 2168 iba„

681 2190 924 2257 Seneca
951 2214 1127 2276 apoc·
1150 2198 1209 2258 6.
1271 2194 1397 2258 Per
1425 2214 1677 2257 omnem
1708 2194 2025 2278 pueritiae
2055 2203 2250 2278 atque
2279 2192 2758 2258 adulescentiae
2786 2203 3043 2280 tempus
3073 2194 3271 2257 variis

681 2303 746 2358 et
792 2294 1124 2361 tenacibus
1167 2294 1410 2360 morbis
1455 2294 1860 2359 conflictatus
1905 2306 2020 2378 est,
2068 2293 2230 2360 adeo
2278 2305 2352 2359 ut
2392 2296 2605 2360 animo
2656 2295 2848 2360 simul
2894 2306 2959 2361 et
2999 2317 3271 2382 corpore

682 2394 982 2463 hebetato
1026 2420 1108 2463 ne
1152 2418 1499 2484 progressa
1542 2397 1800 2484 quidem
1847 2406 2060 2462 aetate
2105 2395 2219 2462 ulli
2273 2396 2536 2483 publico
2581 2399 2967 2484 privatoque
3012 2400 3269 2463 muneri

680 2498 917 2565 habilis
979 2502 1462 2566 existimaretur
1506 2500 1762 2568 Sueten.
1811 2499 1853 2564 l.
1900 2500 1965 2577 l„
2028 2500 2326 2565 Zonaras
2369 2506 2468 2579 11,
2513 2504 2558 2565 8
2584 2522 2658 2584 Ρ.
2689 2506 2778 2568 24
2821 2500 2915 2566 ed.
2962 2500 3269 2584 Dindorf.

681 2600 788 2667 Ob
819 2602 987 2668 hanc
1019 2602 1461 2669 valetudinem
1506 2615 1571 2668 et
1613 2601 2000 2686 gladiatorio
2045 2624 2332 2686 munere,
2367 2602 2540 2689 quod
2586 2625 2755 2668 anno
2787 2604 2829 2668 6
2868 2626 2932 2690 p.
2974 2602 3048 2669 C.
3080 2603 3270 2669 simul

685 2727 830 2770 cum
884 2705 1089 2771 fratre
1129 2707 1478 2771 memoriae
1524 2706 1726 2791 patris
1771 2704 2023 2788 edebat,
2070 2703 2437 2791 palliolatus
2480 2705 2808 2790 praesedit
2834 2704 3088 2771 Sueten.
3129 2704 3173 2772 l.
3206 2704 3269 2784 l„

679 2807 817 2873 Dio
851 2812 952 2886 55,
1000 2814 1093 2876 27
1133 2819 1199 2874 et
1243 2819 1432 2893 togae
1474 2807 1682 2873 virilis
1736 2807 1842 2874 die
1899 2809 2078 2872 circa
2131 2807 2412 2873 mediam
2470 2816 2724 2874 noctem
2782 2809 2921 2872 sine
2977 2806 3271 2873 sollemni

682 2910 893 2976 officio
956 2910 1187 2977 lectica
1243 2914 1309 2975 in
1355 2909 1750 2998 Capitolium
1808 2909 1978 2975 latus
2040 2920 2168 2994 est3
2229 2910 2567 2994 Augustus
2615 2913 2673 2975 ei
2721 2909 2969 2975 nullum
3015 2920 3271 2995 praeter

679 3014 1011 3097 auguralis
1067 3014 1409 3080 sacerdotii
1467 3014 1781 3079 honorem
1838 3014 2154 3099 impertiit
2215 3013 2298 3095 cf.
2346 3018 2390 3077 t.
2439 3016 2474 3077 1
2507 3014 2793 3096 positwm
2838 3015 3014 3078 mea
3057 3035 3119 3079 a.
3168 3012 3271 3078 718

675 3137 747 3199 Ρ.
790 3116 882 3194 G„
926 3118 1043 3183 ubi
1081 3119 1345 3184 nomina
1383 3117 1551 3182 nude
1582 3120 1931 3200 ponuntur,
1980 3121 2038 3181 et
2077 3120 2119 3180 t.
2150 3120 2217 3183 2.
2246 3120 2306 3193 3,
2350 3116 2466 3180 ubi
2501 3115 2738 3181 dieitw·
2779 3137 3025 3199 augur3
3069 3138 3148 3181 ac
3191 3137 3273 3179 ne

685 3217 985 3285 heredem
1030 3220 1294 3307 quidem
1353 3221 1477 3284 nisi
1536 3240 1742 3304 paene
1800 3219 1972 3282 inter
2027 3227 2369 3283 extraneos
2413 3220 2816 3305 nuncupavit
2857 3217 3071 3302 legato
3114 3240 3271 3304 quo·

683 3342 810 3407 que
852 3323 1163 3389 mediocri
1208 3331 1592 3409 prosecutus
1635 3325 1886 3388 Sueten.
1937 3318 2038 3387 ΟΖ.
2080 3326 2123 3385 4
2167 3326 2323 3386 extr.

810 3426 1031 3513 Eques
1075 3428 1408 3492 Romanus
1466 3447 1675 3511 usque
1727 3423 1809 3488 ad
1856 3425 2203 3511 imperium
2249 3424 2376 3490 Gai
2422 3423 2681 3492 Sueton.
2738 3422 2946 3507 Galiy.
2994 3428 3092 3501 15,
3138 3423 3271 3489 Dio

681 3531 782 3606 59,
822 3534 897 3608 6,·
953 3529 1112 3594 ordo
1180 3540 1481 3616 equester
1538 3550 1685 3593 eum
1743 3537 2088 3614 patronum
2148 3525 2576 3613 perferendae
2633 3548 2752 3612 pro
2814 3549 2883 3591 se
2929 3527 3271 3612 legationis

683 3630 895 3716 elegit,
942 3655 1091 3698 cum
1130 3631 1602 3719 deportandum
1631 3631 1903 3695 Romam
1935 3651 2169 3715 corpus
2198 3628 2482 3713 Augusti
2530 3628 2816 3694 humeris
2861 3631 2995 3694 suis
3040 3652 3080 3695 a
3123 3650 3270 3693 con·

683 3732 934 3800 sulibus
967 3745 1351 3822 exposceret
1377 3734 1466 3800 id.
1507 3733 1608 3802 Ol.
1638 3738 1695 3800 6.
1747 3734 1944 3798 Anno
1980 3734 2060 3798 14
2090 3731 2174 3797 ad
2213 3753 2555 3797 numerum
2598 3731 2917 3797 sodalium
2947 3732 3269 3816 Augusta·

681 3835 842 3902 lium
886 3849 1058 3903 sorte
1103 3839 1445 3904 ductorum
1488 3847 1678 3902 extra
1711 3836 2006 3901 ordinem
2043 3835 2332 3900 adiectus
2365 3844 2461 3899 est
2500 3834 2646 3901 Tac.
2681 3855 2740 3900 a.
2773 3840 2832 3912 1,
2862 3838 2961 3910 54,
3010 3833 3270 3899 Sueton.

683 3938 780 4007 ΟΖ.
811 3946 870 4006 6.
946 3940 1251 4007 Tiberius
1295 3943 1355 4005 ei
1401 3940 1643 4027 petenti
1691 3938 1967 4002 honores
2013 3935 2378 4001 consularia
2420 3946 2800 4001 ornamenta
2843 3935 3095 4014 detulit,
3155 3935 3269 4001 sed

683 4045 1028 4109 instantius
1057 4043 1379 4129 legitimos
1410 4042 1730 4127 flagitanti
1760 4038 1995 4106 abnuit
2023 4038 2354 4105 irridendo
2378 4038 2549 4106 Suet.
2578 4037 2676 4103 Ol.
2707 4043 2784 4118 5,·
2826 4061 2977 4104 cum
3008 4049 3270 4103 senatus

683 4149 1057 4231 censuisset,
1092 4157 1166 4212 ut
1193 4149 1249 4211 ei
1285 4146 1597 4212 dicendae
1627 4146 1794 4210 inter
1824 4142 2195 4208 consulares
2225 4143 2581 4207 sententiae
2611 4144 2713 4206 ius
2747 4151 2933 4225 esset,
2964 4140 3268 4206 Tiberius

681 4248 1016 4316 decretum
1058 4248 1344 4316 abolevit
1384 4249 1512 4316 ibd.
1546 4254 1605 4314 6.
1672 4245 1836 4312 Cum
1883 4268 2054 4310 anno
2088 4247 2172 4310 20
2215 4245 2465 4309 cineres
2496 4244 2869 4311 Germanici
2915 4242 2998 4309 ad
3042 4242 3271 4308 urbem

681 4363 1125 4438 portarentur,
1187 4353 1446 4418 Drusus
1491 4350 1737 4415 Tiberii
1797 4348 1969 4413 filius
2032 4369 2179 4412 cum
2225 4345 2503 4413 Claudio
2546 4346 2968 4411 Tarracinam
3014 4345 3270 4410 obviam

682 4476 1065 4541 progressus
1109 4464 1209 4520 est
1244 4456 1392 4521 Tac.
1439 4476 1499 4520 a.
1541 4458 1601 4531 3,
1647 4458 1714 4520 2.
1755 4456 1816 4517 3.
1892 4450 2138 4516 Eodem
2185 4471 2356 4514 anno
2402 4471 2551 4515 cum
2595 4449 2662 4513 in
2707 4458 2938 4514 senatu
2966 4446 3269 4513 Valerius

673 4557 1061 4624 Messalinus
1120 4560 1477 4623 censuisset
1533 4556 1616 4621 ob
1675 4554 2033 4620 vindictam
2081 4552 2454 4620 Germanici
2497 4549 2765 4616 Tiberio
2828 4561 2893 4615 et
2935 4549 3269 4634 Augustae

681 4659 957 4747 aliisque
989 4659 1364 4727 Germanici
1409 4659 1910 4743 consanguineis
1954 4666 2172 4740 grates
2217 4677 2358 4720 esse
2401 4653 2687 4737 agendas
2732 4657 2969 4719 omissa
3012 4651 3269 4718 Claudii

675 4765 1023 4845 mentione,
1069 4786 1305 4829 nomen
1344 4764 1482 4828 eius
1521 4773 1748 4848 postea
1777 4759 2071 4825 additum
2103 4768 2201 4823 est
2229 4757 2356 4823 iod.
2387 4761 2446 4835 3,
2479 4760 2598 4835 18;
2641 4779 2758 4843 per
2802 4755 2972 4820 idem
3018 4765 3271 4840 tempus

682 4865 939 4933 Claudii
980 4866 1113 4933 filio
1160 4866 1463 4950 (Claudio
1508 4866 1725 4930 Druso
1772 4864 1854 4948 ef.
1895 4884 1960 4929 n.
1994 4863 2143 4944 688)
2187 4860 2323 4926 filia
2367 4859 2589 4926 Seiani
2634 4859 2958 4945 desponsa
3002 4868 3100 4923 est
3136 4857 3268 4923 ibd.

678 4974 739 5047 3,
781 4974 889 5037 29.
974 4971 1167 5035 Anno
1212 4972 1291 5036 31
1343 4969 1579 5036 Seiano
1641 4988 1951 5054 oppresso
2012 4966 2246 5030 iterum
2305 4974 2619 5050 patronus
2664 4963 2911 5027 ordinis
2956 4961 3273 5048 equestris

683 5073 860 5159 apud
905 5073 1201 5139 consules
1245 5071 1611 5159 gratulatus
1642 5080 1742 5135 est
1768 5069 2020 5136 Sueton.
2060 5067 2169 5133 Ol.
2202 5073 2260 5135 6.
2335 5065 2643 5132 Tiberius
2688 5063 2812 5130 sub
2855 5065 3050 5129 finem
3093 5064 3271 5128 vitae

680 5178 876 5247 etiam
933 5176 1018 5241 de
1060 5174 1335 5243 Claudio
1387 5173 1706 5241 tradenda
1762 5193 1833 5235 re
1887 5169 2150 5258 publica
2207 5168 2528 5254 agitabat,
2583 5168 2760 5255 quod
2806 5169 2861 5231 is
2907 5166 3264 5252 composita
