<?xml version="1.0" encoding="UTF-8"?>
<!DOCTYPE html PUBLIC "-//W3C//DTD XHTML 1.0 Transitional//EN"
    "http://www.w3.org/TR/xhtml1/DTD/xhtml1-transitional.dtd">
<html xmlns="http://www.w3.org/1999/xhtml" xml:lang="en" lang="en">
 <head>
  <title>
</title>
<meta http-equiv="Content-Type" content="text/html;charset=utf-8" />
  <meta name='ocr-system' content='tesseract 3.04.00' />
  <meta name='ocr-capabilities' content='ocr_page ocr_carea ocr_par ocr_line ocrx_word'/>
</head>
<body>
  <div class='ocr_page' id='page_1' title='image "./prosopographiai01dessgoog_0436.png"; bbox 0 0 3859 5992; ppageno 0'>
   <div class='ocr_carea' id='block_1_1' title="bbox 691 471 3380 536">
    <p class='ocr_par' dir='ltr' id='par_1_1' title="bbox 691 471 3380 536">
     <span class='ocr_line' id='line_1_1' title="bbox 691 471 3380 536; baseline -0 0"><span class='ocrx_word' id='word_1_1' title='bbox 691 479 1007 536; x_wconf 86' lang='lat' dir='ltr'>CLODIVS</span> <span class='ocrx_word' id='word_1_2' title='bbox 1975 471 2102 536; x_wconf 81' lang='grc'>418</span> <span class='ocrx_word' id='word_1_3' title='bbox 3069 478 3380 535; x_wconf 79' lang='lat' dir='ltr'>CLODIVS</span> 
     </span>
    </p>
   </div>
   <div class='ocr_carea' id='block_1_2' title="bbox 685 580 932 588">
    <p class='ocr_par' dir='ltr' id='par_1_2' title="bbox 685 580 932 588">
     <span class='ocr_line' id='line_1_2' title="bbox 685 580 932 588; baseline 0 5404"><span class='ocrx_word' id='word_1_4' title='bbox 685 580 932 588; x_wconf 95' lang='lat' dir='ltr'> </span> 
     </span>
    </p>
   </div>
   <div class='ocr_carea' id='block_1_3' title="bbox 677 692 3396 4991">
    <p class='ocr_par' dir='ltr' id='par_1_3' title="bbox 807 692 3389 1407">
     <span class='ocr_line' id='line_1_3' title="bbox 935 692 3387 781; baseline -0.001 -19"><span class='ocrx_word' id='word_1_5' title='bbox 935 695 1099 762; x_wconf 90' lang='lat' dir='ltr'>Cum</span> <span class='ocrx_word' id='word_1_6' title='bbox 1133 694 1349 763; x_wconf 84' lang='lat' dir='ltr'>Galba</span> <span class='ocrx_word' id='word_1_7' title='bbox 1376 694 1457 759; x_wconf 90' lang='lat' dir='ltr'>ad</span> <span class='ocrx_word' id='word_1_8' title='bbox 1503 694 1730 760; x_wconf 89' lang='lat' dir='ltr'>urbem</span> <span class='ocrx_word' id='word_1_9' title='bbox 1774 693 2173 777; x_wconf 81' lang='lat' dir='ltr'><strong>adventaret,</strong></span> <span class='ocrx_word' id='word_1_10' title='bbox 2204 692 2643 781; x_wconf 76' lang='lat' dir='ltr'>Nymphidius</span> <span class='ocrx_word' id='word_1_11' title='bbox 2675 692 2961 760; x_wconf 90' lang='lat' dir='ltr'>Sabinus</span> <span class='ocrx_word' id='word_1_12' title='bbox 2990 694 3049 757; x_wconf 90' lang='lat' dir='ltr'>ei</span> <span class='ocrx_word' id='word_1_13' title='bbox 3081 703 3387 760; x_wconf 88' lang='lat' dir='ltr'>terrorem</span> 
     </span>
     <span class='ocr_line' id='line_1_4' title="bbox 809 796 3387 863; baseline 0 -1"><span class='ocrx_word' id='word_1_14' title='bbox 809 800 1050 863; x_wconf 79' lang='lat' dir='ltr'>inicere</span> <span class='ocrx_word' id='word_1_15' title='bbox 1082 797 1330 862; x_wconf 85' lang='lat' dir='ltr'><strong>studuit</strong></span> <span class='ocrx_word' id='word_1_16' title='bbox 1360 796 1699 863; x_wconf 90' lang='lat' dir='ltr'>scribendo</span> <span class='ocrx_word' id='word_1_17' title='bbox 1731 796 2025 862; x_wconf 92' lang='lat' dir='ltr'>Macrum</span> <span class='ocrx_word' id='word_1_18' title='bbox 2056 798 2123 860; x_wconf 97' lang='lat' dir='ltr'>in</span> <span class='ocrx_word' id='word_1_19' title='bbox 2146 796 2371 861; x_wconf 85' lang='lat' dir='ltr'>Africa</span> <span class='ocrx_word' id='word_1_20' title='bbox 2400 819 2598 860; x_wconf 86' lang='lat' dir='ltr'>naves</span> <span class='ocrx_word' id='word_1_21' title='bbox 2629 796 3084 861; x_wconf 86' lang='lat' dir='ltr'>frumentarias</span> <span class='ocrx_word' id='word_1_22' title='bbox 3112 799 3387 863; x_wconf 85' lang='lat' dir='ltr'>retinere</span> 
     </span>
     <span class='ocr_line' id='line_1_5' title="bbox 807 898 3387 985; baseline 0 -19"><span class='ocrx_word' id='word_1_23' title='bbox 807 899 1143 966; x_wconf 78' lang='lat' dir='ltr'>Plutarch.</span> <span class='ocrx_word' id='word_1_24' title='bbox 1191 900 1232 965; x_wconf 95' lang='lat' dir='ltr'>l.</span> <span class='ocrx_word' id='word_1_25' title='bbox 1279 900 1319 968; x_wconf 90' lang='lat' dir='ltr'>l.</span> <span class='ocrx_word' id='word_1_26' title='bbox 1365 905 1464 966; x_wconf 83' lang='lat'>13.</span> <span class='ocrx_word' id='word_1_27' title='bbox 1551 898 1784 966; x_wconf 82' lang='lat' dir='ltr'>Calvia</span> <span class='ocrx_word' id='word_1_28' title='bbox 1828 898 2206 985; x_wconf 73' lang='lat' dir='ltr'>Crispinilla</span> <span class='ocrx_word' id='word_1_29' title='bbox 2264 900 2328 963; x_wconf 95' lang='lat' dir='ltr'>in</span> <span class='ocrx_word' id='word_1_30' title='bbox 2374 899 2667 963; x_wconf 87' lang='lat' dir='ltr'>Africam</span> <span class='ocrx_word' id='word_1_31' title='bbox 2718 909 3125 982; x_wconf 85' lang='lat' dir='ltr'>transgressa</span> <span class='ocrx_word' id='word_1_32' title='bbox 3167 912 3263 966; x_wconf 87' lang='lat' dir='ltr'>est</span> <span class='ocrx_word' id='word_1_33' title='bbox 3302 901 3387 967; x_wconf 89' lang='lat' dir='ltr'>ad</span> 
     </span>
     <span class='ocr_line' id='line_1_6' title="bbox 810 1002 3389 1090; baseline 0 -23"><span class='ocrx_word' id='word_1_34' title='bbox 810 1003 1248 1088; x_wconf 87' lang='lat' dir='ltr'>instigandum</span> <span class='ocrx_word' id='word_1_35' title='bbox 1295 1005 1362 1068; x_wconf 90' lang='lat' dir='ltr'>in</span> <span class='ocrx_word' id='word_1_36' title='bbox 1405 1025 1587 1069; x_wconf 91' lang='lat' dir='ltr'>arma</span> <span class='ocrx_word' id='word_1_37' title='bbox 1638 1002 1932 1067; x_wconf 88' lang='lat' dir='ltr'>Macrum</span> <span class='ocrx_word' id='word_1_38' title='bbox 1991 1002 2225 1067; x_wconf 88' lang='lat' dir='ltr'>famem</span> <span class='ocrx_word' id='word_1_39' title='bbox 2284 1002 2506 1090; x_wconf 91' lang='lat' dir='ltr'>populi</span> <span class='ocrx_word' id='word_1_40' title='bbox 2553 1004 2824 1068; x_wconf 89' lang='lat' dir='ltr'>Romani</span> <span class='ocrx_word' id='word_1_41' title='bbox 2884 1002 3059 1068; x_wconf 90' lang='lat' dir='ltr'>haud</span> <span class='ocrx_word' id='word_1_42' title='bbox 3120 1003 3389 1069; x_wconf 82' lang='lat' dir='ltr'>obscure</span> 
     </span>
     <span class='ocr_line' id='line_1_7' title="bbox 812 1104 3389 1184; baseline 0 -13"><span class='ocrx_word' id='word_1_43' title='bbox 812 1106 1036 1171; x_wconf 87' lang='lat' dir='ltr'>molita</span> <span class='ocrx_word' id='word_1_44' title='bbox 1074 1107 1223 1172; x_wconf 81' lang='lat' dir='ltr'>Tae.</span> <span class='ocrx_word' id='word_1_45' title='bbox 1268 1106 1329 1171; x_wconf 80' lang='lat' dir='ltr'>h.</span> <span class='ocrx_word' id='word_1_46' title='bbox 1369 1111 1429 1184; x_wconf 85' lang='lat'>1,</span> <span class='ocrx_word' id='word_1_47' title='bbox 1469 1111 1564 1171; x_wconf 84' lang='lat'>73.</span> <span class='ocrx_word' id='word_1_48' title='bbox 1653 1105 1852 1171; x_wconf 86' lang='lat' dir='ltr'><strong>Haud</strong></span> <span class='ocrx_word' id='word_1_49' title='bbox 1899 1105 2099 1170; x_wconf 90' lang='lat' dir='ltr'>dubie</span> <span class='ocrx_word' id='word_1_50' title='bbox 2140 1128 2245 1169; x_wconf 88' lang='lat' dir='ltr'>res</span> <span class='ocrx_word' id='word_1_51' title='bbox 2290 1105 2558 1170; x_wconf 86' lang='lat' dir='ltr'>turbans</span> <span class='ocrx_word' id='word_1_52' title='bbox 2604 1107 2670 1170; x_wconf 92' lang='lat' dir='ltr'>in</span> <span class='ocrx_word' id='word_1_53' title='bbox 2713 1104 2941 1170; x_wconf 88' lang='lat' dir='ltr'>Africa</span> <span class='ocrx_word' id='word_1_54' title='bbox 2983 1129 3024 1170; x_wconf 91' lang='lat' dir='ltr'>a</span> <span class='ocrx_word' id='word_1_55' title='bbox 3066 1104 3389 1171; x_wconf 82' lang='lat' dir='ltr'>Trebonio</span> 
     </span>
     <span class='ocr_line' id='line_1_8' title="bbox 809 1207 3386 1286; baseline -0.001 -10"><span class='ocrx_word' id='word_1_56' title='bbox 809 1209 1172 1276; x_wconf 84' lang='lat' dir='ltr'>Garutiano</span> <span class='ocrx_word' id='word_1_57' title='bbox 1219 1210 1399 1273; x_wconf 92' lang='lat' dir='ltr'>iussu</span> <span class='ocrx_word' id='word_1_58' title='bbox 1432 1208 1685 1275; x_wconf 83' lang='lat' dir='ltr'>Galbae</span> <span class='ocrx_word' id='word_1_59' title='bbox 1730 1209 1981 1272; x_wconf 87' lang='lat' dir='ltr'>occisus</span> <span class='ocrx_word' id='word_1_60' title='bbox 2026 1218 2123 1272; x_wconf 89' lang='lat' dir='ltr'>est</span> <span class='ocrx_word' id='word_1_61' title='bbox 2159 1209 2306 1273; x_wconf 74' lang='lat' dir='ltr'>Tae.</span> <span class='ocrx_word' id='word_1_62' title='bbox 2339 1207 2400 1273; x_wconf 77' lang='lat' dir='ltr'>h.</span> <span class='ocrx_word' id='word_1_63' title='bbox 2431 1214 2489 1285; x_wconf 89' lang='lat'>1,</span> <span class='ocrx_word' id='word_1_64' title='bbox 2526 1213 2583 1273; x_wconf 92' lang='grc'>7.</span> <span class='ocrx_word' id='word_1_65' title='bbox 2614 1213 2713 1273; x_wconf 93' lang='grc'>11.</span> <span class='ocrx_word' id='word_1_66' title='bbox 2742 1213 2844 1285; x_wconf 88' lang='grc'>37,</span> <span class='ocrx_word' id='word_1_67' title='bbox 2888 1207 3144 1276; x_wconf 79' lang='lat' dir='ltr'>Sueton.</span> <span class='ocrx_word' id='word_1_68' title='bbox 3177 1208 3255 1276; x_wconf 82' lang='lat' dir='ltr'>G.</span> <span class='ocrx_word' id='word_1_69' title='bbox 3286 1215 3386 1286; x_wconf 90' lang='lat'>11,</span> 
     </span>
     <span class='ocr_line' id='line_1_9' title="bbox 809 1311 2591 1407; baseline 0 -30"><span class='ocrx_word' id='word_1_70' title='bbox 809 1311 1146 1378; x_wconf 80' lang='lat' dir='ltr'>Plutarch.</span> <span class='ocrx_word' id='word_1_71' title='bbox 1183 1311 1262 1379; x_wconf 80' lang='lat' dir='ltr'>G.</span> <span class='ocrx_word' id='word_1_72' title='bbox 1295 1316 1394 1377; x_wconf 85' lang='lat'>15.</span> <span class='ocrx_word' id='word_1_73' title='bbox 2572 1372 2591 1407; x_wconf 53' lang='lat' dir='ltr'><em>l</em></span> 
     </span>
    </p>

    <p class='ocr_par' dir='ltr' id='par_1_4' title="bbox 681 1413 3390 1600">
     <span class='ocr_line' id='line_1_10' title="bbox 681 1413 3390 1499; baseline 0.001 -21"><span class='ocrx_word' id='word_1_74' title='bbox 681 1416 808 1480; x_wconf 80' lang='lat'>923</span> <span class='ocrx_word' id='word_1_75' title='bbox 855 1424 921 1492; x_wconf 80' lang='lat' dir='ltr'>Q.</span> <span class='ocrx_word' id='word_1_76' title='bbox 969 1423 1288 1479; x_wconf 88' lang='lat' dir='ltr'>CLODIVS</span> <span class='ocrx_word' id='word_1_77' title='bbox 1335 1423 1873 1479; x_wconf 84' lang='lat' dir='ltr'>MARCELLINVS</span> <span class='ocrx_word' id='word_1_78' title='bbox 1915 1436 2087 1478; x_wconf 91' lang='lat' dir='ltr'>anno</span> <span class='ocrx_word' id='word_1_79' title='bbox 2140 1414 2260 1478; x_wconf 80' lang='lat'>169</span> <span class='ocrx_word' id='word_1_80' title='bbox 2321 1422 2658 1499; x_wconf 88' lang='lat' dir='ltr'>cooptatus</span> <span class='ocrx_word' id='word_1_81' title='bbox 2703 1414 2773 1478; x_wconf 85' lang='lat' dir='ltr'>in</span> <span class='ocrx_word' id='word_1_82' title='bbox 2815 1413 3143 1497; x_wconf 73' lang='lat' dir='ltr'>colleyium</span> <span class='ocrx_word' id='word_1_83' title='bbox 3184 1435 3390 1480; x_wconf 84' lang='lat' dir='ltr'>sacer-</span> 
     </span>
     <span class='ocr_line' id='line_1_11' title="bbox 810 1515 2429 1600; baseline 0 -19"><span class='ocrx_word' id='word_1_84' title='bbox 810 1516 1024 1581; x_wconf 80' lang='lat' dir='ltr'><strong>dotum</strong></span> <span class='ocrx_word' id='word_1_85' title='bbox 1062 1518 1271 1583; x_wconf 81' lang='lat' dir='ltr'>nescio</span> <span class='ocrx_word' id='word_1_86' title='bbox 1306 1517 1474 1600; x_wconf 78' lang='lat' dir='ltr'>quod</span> <span class='ocrx_word' id='word_1_87' title='bbox 1515 1539 1590 1581; x_wconf 74' lang='lat' dir='ltr'>ex</span> <span class='ocrx_word' id='word_1_88' title='bbox 1635 1517 2051 1600; x_wconf 78' lang='lat' dir='ltr'>amplioribus</span> <span class='ocrx_word' id='word_1_89' title='bbox 2102 1515 2205 1581; x_wconf 68' lang='lat' dir='ltr'>VT</span> <span class='ocrx_word' id='word_1_90' title='bbox 2234 1521 2429 1582; x_wconf 89' lang='grc'><strong><em>2003.</em></strong></span> 
     </span>
    </p>

    <p class='ocr_par' dir='ltr' id='par_1_5' title="bbox 682 1617 3392 2107">
     <span class='ocr_line' id='line_1_12' title="bbox 682 1617 3392 1707; baseline 0.001 -24"><span class='ocrx_word' id='word_1_91' title='bbox 682 1620 809 1685; x_wconf 85' lang='grc'>924</span> <span class='ocrx_word' id='word_1_92' title='bbox 853 1618 1148 1702; x_wconf 86' lang='lat' dir='ltr'>(Clodius</span> <span class='ocrx_word' id='word_1_93' title='bbox 1164 1618 1226 1701; x_wconf 81' lang='lat'>?)</span> <span class='ocrx_word' id='word_1_94' title='bbox 1265 1619 1612 1696; x_wconf 88' lang='lat' dir='ltr'>Maximus,</span> <span class='ocrx_word' id='word_1_95' title='bbox 1653 1630 1840 1705; x_wconf 89' lang='lat' dir='ltr'>pater</span> <span class='ocrx_word' id='word_1_96' title='bbox 1867 1619 1958 1684; x_wconf 88' lang='grc' dir='ltr'>Μ.</span> <span class='ocrx_word' id='word_1_97' title='bbox 1992 1618 2199 1684; x_wconf 88' lang='lat' dir='ltr'>Clodii</span> <span class='ocrx_word' id='word_1_98' title='bbox 2242 1619 2519 1704; x_wconf 88' lang='lat' dir='ltr'>Pupieni</span> <span class='ocrx_word' id='word_1_99' title='bbox 2552 1617 2842 1701; x_wconf 81' lang='lat' dir='ltr'>Maximi,</span> <span class='ocrx_word' id='word_1_100' title='bbox 2890 1620 3005 1704; x_wconf 88' lang='lat' dir='ltr'>qui</span> <span class='ocrx_word' id='word_1_101' title='bbox 3050 1620 3392 1707; x_wconf 77' lang='lat' dir='ltr'>imperavit</span> 
     </span>
     <span class='ocr_line' id='line_1_13' title="bbox 813 1704 3392 1806; baseline 0.001 -20"><span class='ocrx_word' id='word_1_102' title='bbox 813 1744 981 1786; x_wconf 86' lang='lat' dir='ltr'>anno</span> <span class='ocrx_word' id='word_1_103' title='bbox 1027 1723 1187 1806; x_wconf 77' lang='lat'>2383</span> <span class='ocrx_word' id='word_1_104' title='bbox 1249 1720 1433 1786; x_wconf 90' lang='lat' dir='ltr'>faber</span> <span class='ocrx_word' id='word_1_105' title='bbox 1491 1722 1802 1787; x_wconf 88' lang='lat' dir='ltr'>ferrarius</span> <span class='ocrx_word' id='word_1_106' title='bbox 1863 1733 1939 1787; x_wconf 89' lang='lat' dir='ltr'>ut</span> <span class='ocrx_word' id='word_1_107' title='bbox 1984 1704 2276 1785; x_wconf 78' lang='lat' dir='ltr'>nonnulli</span> <span class='ocrx_word' id='word_1_108' title='bbox 2324 1721 2565 1804; x_wconf 88' lang='lat' dir='ltr'>dicunt,</span> <span class='ocrx_word' id='word_1_109' title='bbox 2626 1731 2700 1786; x_wconf 93' lang='lat' dir='ltr'>ut</span> <span class='ocrx_word' id='word_1_110' title='bbox 2742 1720 2851 1785; x_wconf 90' lang='lat' dir='ltr'>alii</span> <span class='ocrx_word' id='word_1_111' title='bbox 2895 1721 3250 1805; x_wconf 81' lang='lat' dir='ltr'>raedarius3</span> <span class='ocrx_word' id='word_1_112' title='bbox 3309 1746 3392 1788; x_wconf 82' lang='lat' dir='ltr'>ex</span> 
     </span>
     <span class='ocr_line' id='line_1_14' title="bbox 807 1824 3390 1911; baseline 0 -22"><span class='ocrx_word' id='word_1_113' title='bbox 807 1825 1029 1889; x_wconf 86' lang='lat' dir='ltr'>Prima</span> <span class='ocrx_word' id='word_1_114' title='bbox 1070 1847 1275 1889; x_wconf 87' lang='lat' dir='ltr'>uxore</span> <span class='ocrx_word' id='word_1_115' title='bbox 1319 1826 1606 1910; x_wconf 84' lang='lat' dir='ltr'>suscepit</span> <span class='ocrx_word' id='word_1_116' title='bbox 1647 1824 1849 1889; x_wconf 88' lang='lat' dir='ltr'>filium</span> <span class='ocrx_word' id='word_1_117' title='bbox 1883 1826 1994 1911; x_wconf 90' lang='lat' dir='ltr'>qui</span> <span class='ocrx_word' id='word_1_118' title='bbox 2043 1826 2407 1911; x_wconf 85' lang='lat' dir='ltr'>imperavit,</span> <span class='ocrx_word' id='word_1_119' title='bbox 2447 1825 2550 1889; x_wconf 87' lang='lat' dir='ltr'>cui</span> <span class='ocrx_word' id='word_1_120' title='bbox 2597 1824 2828 1888; x_wconf 88' lang='lat' dir='ltr'>fratres</span> <span class='ocrx_word' id='word_1_121' title='bbox 2859 1836 3171 1910; x_wconf 88' lang='lat' dir='ltr'>quattuor</span> <span class='ocrx_word' id='word_1_122' title='bbox 3207 1829 3390 1911; x_wconf 90' lang='lat' dir='ltr'>pueri</span> 
     </span>
     <span class='ocr_line' id='line_1_15' title="bbox 809 1925 3389 2014; baseline 0 -22"><span class='ocrx_word' id='word_1_123' title='bbox 809 1928 1089 2009; x_wconf 88' lang='lat' dir='ltr'>fuerunt,</span> <span class='ocrx_word' id='word_1_124' title='bbox 1137 1938 1444 2013; x_wconf 85' lang='lat' dir='ltr'>quattuor</span> <span class='ocrx_word' id='word_1_125' title='bbox 1487 1925 1760 2014; x_wconf 86' lang='lat' dir='ltr'>puellae,</span> <span class='ocrx_word' id='word_1_126' title='bbox 1806 1928 1920 2013; x_wconf 91' lang='lat' dir='ltr'>qui</span> <span class='ocrx_word' id='word_1_127' title='bbox 1966 1949 2188 1992; x_wconf 92' lang='lat' dir='ltr'>omnes</span> <span class='ocrx_word' id='word_1_128' title='bbox 2233 1928 2405 1990; x_wconf 90' lang='lat' dir='ltr'>intra</span> <span class='ocrx_word' id='word_1_129' title='bbox 2461 1925 2864 2012; x_wconf 86' lang='lat' dir='ltr'>pubertatem</span> <span class='ocrx_word' id='word_1_130' title='bbox 2910 1929 3242 2012; x_wconf 88' lang='lat' dir='ltr'>perierunt</span> <span class='ocrx_word' id='word_1_131' title='bbox 3279 1929 3389 1995; x_wconf 71' lang='lat' dir='ltr'>vit.</span> 
     </span>
     <span class='ocr_line' id='line_1_16' title="bbox 813 2030 1808 2107; baseline 0.001 -11"><span class='ocrx_word' id='word_1_132' title='bbox 813 2031 1098 2096; x_wconf 74' lang='lat' dir='ltr'>Maximi</span> <span class='ocrx_word' id='word_1_133' title='bbox 1138 2036 1196 2095; x_wconf 84' lang='lat' dir='ltr'>et</span> <span class='ocrx_word' id='word_1_134' title='bbox 1239 2030 1511 2095; x_wconf 78' lang='lat' dir='ltr'>Balbini</span> <span class='ocrx_word' id='word_1_135' title='bbox 1547 2034 1606 2107; x_wconf 85' lang='lat'>5,</span> <span class='ocrx_word' id='word_1_136' title='bbox 1651 2034 1808 2097; x_wconf 83' lang='grc'><strong><em>1-2.</em></strong></span> 
     </span>
    </p>

    <p class='ocr_par' dir='ltr' id='par_1_6' title="bbox 677 2130 3388 2526">
     <span class='ocr_line' id='line_1_17' title="bbox 677 2130 3387 2216; baseline 0.001 -20"><span class='ocrx_word' id='word_1_137' title='bbox 677 2132 802 2198; x_wconf 86' lang='grc'>925</span> <span class='ocrx_word' id='word_1_138' title='bbox 850 2141 912 2197; x_wconf 90' lang='lat' dir='ltr'>C.</span> <span class='ocrx_word' id='word_1_139' title='bbox 961 2142 1279 2197; x_wconf 88' lang='lat' dir='ltr'>CLODIVS</span> <span class='ocrx_word' id='word_1_140' title='bbox 1325 2143 1672 2214; x_wconf 86' lang='lat' dir='ltr'>NVMMVS,</span> <span class='ocrx_word' id='word_1_141' title='bbox 1729 2130 1805 2198; x_wconf 96' lang='lat' dir='ltr'>C.</span> <span class='ocrx_word' id='word_1_142' title='bbox 1852 2132 1929 2215; x_wconf 87' lang='lat' dir='ltr'>f.‚</span> <span class='ocrx_word' id='word_1_143' title='bbox 1979 2133 2153 2197; x_wconf 88' lang='lat' dir='ltr'>tribu</span> <span class='ocrx_word' id='word_1_144' title='bbox 2200 2132 2485 2214; x_wconf 77' lang='lat' dir='ltr'>Maecia3</span> <span class='ocrx_word' id='word_1_145' title='bbox 2546 2131 2848 2197; x_wconf 91' lang='lat' dir='ltr'>tribunus</span> <span class='ocrx_word' id='word_1_146' title='bbox 2904 2132 3178 2216; x_wconf 88' lang='lat' dir='ltr'>legionis</span> <span class='ocrx_word' id='word_1_147' title='bbox 3220 2135 3387 2199; x_wconf 89' lang='lat' dir='ltr'>XIII</span> 
     </span>
     <span class='ocr_line' id='line_1_18' title="bbox 807 2234 3387 2322; baseline -0 -21"><span class='ocrx_word' id='word_1_148' title='bbox 807 2236 1157 2319; x_wconf 81' lang='lat' dir='ltr'>Geminae,</span> <span class='ocrx_word' id='word_1_149' title='bbox 1221 2237 1394 2301; x_wconf 89' lang='lat' dir='ltr'>Xvir</span> <span class='ocrx_word' id='word_1_150' title='bbox 1451 2235 1735 2300; x_wconf 88' lang='lat' dir='ltr'>stlitibus</span> <span class='ocrx_word' id='word_1_151' title='bbox 1795 2234 2194 2316; x_wconf 77' lang='lat' dir='ltr'>iudicandiS,</span> <span class='ocrx_word' id='word_1_152' title='bbox 2257 2245 2563 2322; x_wconf 85' lang='lat' dir='ltr'>quaestor</span> <span class='ocrx_word' id='word_1_153' title='bbox 2619 2237 2997 2322; x_wconf 81' lang='lat' dir='ltr'>provinciae</span> <span class='ocrx_word' id='word_1_154' title='bbox 3045 2238 3274 2319; x_wconf 79' lang='lat' dir='ltr'>Asiae3</span> <span class='ocrx_word' id='word_1_155' title='bbox 3328 2237 3387 2301; x_wconf 91' lang='lat' dir='ltr'>ei</span> 
     </span>
     <span class='ocr_line' id='line_1_19' title="bbox 809 2337 3388 2423; baseline 0 -20"><span class='ocrx_word' id='word_1_156' title='bbox 809 2338 907 2421; x_wconf 90' lang='lat' dir='ltr'>[L.</span> <span class='ocrx_word' id='word_1_157' title='bbox 942 2338 1314 2422; x_wconf 87' lang='lat' dir='ltr'>Ster]tinius</span> <span class='ocrx_word' id='word_1_158' title='bbox 1359 2338 1801 2420; x_wconf 80' lang='lat' dir='ltr'>Quintilianus</span> <span class='ocrx_word' id='word_1_159' title='bbox 1847 2337 1965 2423; x_wconf 86' lang='lat' dir='ltr'>[C.]</span> <span class='ocrx_word' id='word_1_160' title='bbox 2011 2337 2343 2404; x_wconf 86' lang='lat' dir='ltr'>Curiatius</span> <span class='ocrx_word' id='word_1_161' title='bbox 2388 2337 2722 2403; x_wconf 85' lang='lat' dir='ltr'>Maternus</span> <span class='ocrx_word' id='word_1_162' title='bbox 2767 2337 3030 2404; x_wconf 89' lang='lat' dir='ltr'>Clodius</span> <span class='ocrx_word' id='word_1_163' title='bbox 3076 2340 3388 2404; x_wconf 89' lang='lat' dir='ltr'>Nummus</span> 
     </span>
     <span class='ocr_line' id='line_1_20' title="bbox 807 2439 3133 2526; baseline 0.002 -22"><span class='ocrx_word' id='word_1_164' title='bbox 807 2439 1056 2505; x_wconf 90' lang='lat' dir='ltr'>Acilius</span> <span class='ocrx_word' id='word_1_165' title='bbox 1102 2441 1334 2506; x_wconf 85' lang='lat' dir='ltr'>Strabo</span> <span class='ocrx_word' id='word_1_166' title='bbox 1381 2442 1489 2525; x_wconf 80' lang='lat' dir='ltr'>(ef.</span> <span class='ocrx_word' id='word_1_167' title='bbox 1527 2441 1598 2506; x_wconf 90' lang='lat' dir='ltr'><strong>X</strong></span> <span class='ocrx_word' id='word_1_168' title='bbox 1641 2440 1826 2522; x_wconf 78' lang='grc'><strong><em>1486)</em></strong></span> <span class='ocrx_word' id='word_1_169' title='bbox 1869 2440 2040 2505; x_wconf 84' lang='lat' dir='ltr'>filius</span> <span class='ocrx_word' id='word_1_170' title='bbox 2091 2442 2303 2526; x_wconf 82' lang='lat' dir='ltr'>posuit</span> <span class='ocrx_word' id='word_1_171' title='bbox 2346 2440 2478 2505; x_wconf 94' lang='lat' dir='ltr'>III</span> <span class='ocrx_word' id='word_1_172' title='bbox 2509 2445 2637 2506; x_wconf 74' lang='grc'>429</span> <span class='ocrx_word' id='word_1_173' title='bbox 2681 2445 2723 2506; x_wconf 81' lang='lat' dir='ltr'>t.</span> <span class='ocrx_word' id='word_1_174' title='bbox 2768 2440 3133 2523; x_wconf 79' lang='lat' dir='ltr'>Ephesium.</span> 
     </span>
    </p>

    <p class='ocr_par' dir='ltr' id='par_1_7' title="bbox 700 2552 3389 2715">
     <span class='ocr_line' id='line_1_21' title="bbox 700 2552 3389 2621; baseline 0.001 -15"><span class='ocrx_word' id='word_1_175' title='bbox 700 2580 786 2589; x_wconf 93' lang='lat'>—</span> <span class='ocrx_word' id='word_1_176' title='bbox 846 2553 914 2607; x_wconf 91' lang='lat' dir='ltr'>L.</span> <span class='ocrx_word' id='word_1_177' title='bbox 963 2552 1403 2607; x_wconf 86' lang='lat' dir='ltr'>STERTINIVS</span> <span class='ocrx_word' id='word_1_178' title='bbox 1452 2553 1990 2621; x_wconf 78' lang='lat' dir='ltr'>QVINTILIANVS</span> <span class='ocrx_word' id='word_1_179' title='bbox 2036 2552 2333 2607; x_wconf 83' lang='lat' dir='ltr'>ACILIVS</span> <span class='ocrx_word' id='word_1_180' title='bbox 2382 2552 2668 2608; x_wconf 84' lang='lat' dir='ltr'>STRABO</span> <span class='ocrx_word' id='word_1_181' title='bbox 2715 2552 2778 2610; x_wconf 87' lang='lat' dir='ltr'>C.</span> <span class='ocrx_word' id='word_1_182' title='bbox 2812 2552 3207 2609; x_wconf 82' lang='lat' dir='ltr'>CVRIATIVS</span> <span class='ocrx_word' id='word_1_183' title='bbox 3252 2556 3389 2608; x_wconf 76' lang='lat' dir='ltr'>MA-</span> 
     </span>
     <span class='ocr_line' id='line_1_22' title="bbox 807 2633 2405 2715; baseline 0.004 -6"><span class='ocrx_word' id='word_1_184' title='bbox 807 2655 1101 2710; x_wconf 84' lang='lat' dir='ltr'>TERNVS</span> <span class='ocrx_word' id='word_1_185' title='bbox 1150 2656 1464 2711; x_wconf 83' lang='lat' dir='ltr'>cLomvs</span> <span class='ocrx_word' id='word_1_186' title='bbox 1510 2656 1850 2715; x_wconf 78' lang='lat' dir='ltr'>NVMMVS.</span> <span class='ocrx_word' id='word_1_187' title='bbox 2394 2633 2405 2643; x_wconf 82' lang='grc'><strong><em>’</em></strong></span> 
     </span>
    </p>

    <p class='ocr_par' dir='ltr' id='par_1_8' title="bbox 678 2748 3386 2918">
     <span class='ocr_line' id='line_1_23' title="bbox 678 2748 3386 2836; baseline -0 -22"><span class='ocrx_word' id='word_1_188' title='bbox 678 2749 805 2814; x_wconf 83' lang='grc'>926</span> <span class='ocrx_word' id='word_1_189' title='bbox 852 2757 1170 2814; x_wconf 88' lang='lat' dir='ltr'>CLODIVS</span> <span class='ocrx_word' id='word_1_190' title='bbox 1215 2758 1505 2833; x_wconf 89' lang='lat' dir='ltr'>POLLIO,</span> <span class='ocrx_word' id='word_1_191' title='bbox 1549 2750 1909 2834; x_wconf 88' lang='lat' dir='ltr'>praetorius</span> <span class='ocrx_word' id='word_1_192' title='bbox 1955 2750 2076 2831; x_wconf 85' lang='lat' dir='ltr'>vir,</span> <span class='ocrx_word' id='word_1_193' title='bbox 2126 2749 2193 2813; x_wconf 97' lang='lat' dir='ltr'>in</span> <span class='ocrx_word' id='word_1_194' title='bbox 2224 2771 2417 2834; x_wconf 89' lang='lat' dir='ltr'>quem</span> <span class='ocrx_word' id='word_1_195' title='bbox 2463 2758 2560 2813; x_wconf 91' lang='lat' dir='ltr'>est</span> <span class='ocrx_word' id='word_1_196' title='bbox 2602 2770 2833 2834; x_wconf 89' lang='lat' dir='ltr'>poema</span> <span class='ocrx_word' id='word_1_197' title='bbox 2872 2748 3171 2828; x_wconf 76' lang='lat' dir='ltr'>NeroniS,</span> <span class='ocrx_word' id='word_1_198' title='bbox 3217 2749 3386 2836; x_wconf 89' lang='lat' dir='ltr'>quod</span> 
     </span>
     <span class='ocr_line' id='line_1_24' title="bbox 808 2850 2267 2918; baseline 0.001 -3"><span class='ocrx_word' id='word_1_199' title='bbox 808 2851 1186 2917; x_wconf 85' lang='lat' dir='ltr'>inscribitur</span> <span class='ocrx_word' id='word_1_200' title='bbox 1226 2852 1467 2917; x_wconf 92' lang='lat' dir='ltr'>Luscio</span> <span class='ocrx_word' id='word_1_201' title='bbox 1512 2851 1766 2918; x_wconf 73' lang='lat' dir='ltr'>Sueton.</span> <span class='ocrx_word' id='word_1_202' title='bbox 1811 2850 2170 2917; x_wconf 76' lang='lat' dir='ltr'>Domitian.</span> <span class='ocrx_word' id='word_1_203' title='bbox 2209 2856 2267 2916; x_wconf 85' lang='lat'>1.</span> 
     </span>
    </p>

    <p class='ocr_par' dir='ltr' id='par_1_9' title="bbox 680 2953 3385 3037">
     <span class='ocr_line' id='line_1_25' title="bbox 680 2953 3385 3037; baseline 0.001 -19"><span class='ocrx_word' id='word_1_204' title='bbox 680 2954 804 3020; x_wconf 84' lang='lat'>927</span> <span class='ocrx_word' id='word_1_205' title='bbox 851 2963 1168 3019; x_wconf 79' lang='lat' dir='ltr'>CLODIVS</span> <span class='ocrx_word' id='word_1_206' title='bbox 1201 2964 1701 3037; x_wconf 84' lang='lat' dir='ltr'>POMPEIANVS,</span> <span class='ocrx_word' id='word_1_207' title='bbox 1751 2953 2109 3018; x_wconf 85' lang='lat' dir='ltr'>consularis</span> <span class='ocrx_word' id='word_1_208' title='bbox 2140 2954 2398 3018; x_wconf 90' lang='lat' dir='ltr'>aedium</span> <span class='ocrx_word' id='word_1_209' title='bbox 2427 2976 2760 3018; x_wconf 85' lang='lat' dir='ltr'>sacrarum</span> <span class='ocrx_word' id='word_1_210' title='bbox 2791 2977 2847 3020; x_wconf 89' lang='lat' dir='ltr'>a.</span> <span class='ocrx_word' id='word_1_211' title='bbox 2874 2957 3001 3018; x_wconf 75' lang='lat'>244</span> <span class='ocrx_word' id='word_1_212' title='bbox 3026 2955 3077 3019; x_wconf 97' lang='lat' dir='ltr'>I</span> <span class='ocrx_word' id='word_1_213' title='bbox 3077 2954 3193 3020; x_wconf 79' lang='lat' dir='ltr'>GI</span> <span class='ocrx_word' id='word_1_214' title='bbox 3210 2960 3385 3022; x_wconf 70' lang='grc'><strong><em>1045.</em></strong></span> 
     </span>
    </p>

    <p class='ocr_par' dir='ltr' id='par_1_10' title="bbox 680 3055 3386 3245">
     <span class='ocr_line' id='line_1_26' title="bbox 680 3055 3386 3144; baseline 0.001 -23"><span class='ocrx_word' id='word_1_215' title='bbox 680 3057 804 3122; x_wconf 86' lang='grc'>928</span> <span class='ocrx_word' id='word_1_216' title='bbox 850 3057 941 3122; x_wconf 88' lang='grc' dir='ltr'>Μ.</span> <span class='ocrx_word' id='word_1_217' title='bbox 989 3056 1255 3122; x_wconf 87' lang='lat' dir='ltr'>Clodius</span> <span class='ocrx_word' id='word_1_218' title='bbox 1300 3058 1682 3137; x_wconf 78' lang='lat' dir='ltr'>PostumuS,</span> <span class='ocrx_word' id='word_1_219' title='bbox 1726 3059 2155 3144; x_wconf 85' lang='lat' dir='ltr'>epistrategus</span> <span class='ocrx_word' id='word_1_220' title='bbox 2201 3055 2607 3139; x_wconf 83' lang='lat' dir='ltr'>(Thebaidis)</span> <span class='ocrx_word' id='word_1_221' title='bbox 2654 3079 2823 3122; x_wconf 85' lang='lat' dir='ltr'>anno</span> <span class='ocrx_word' id='word_1_222' title='bbox 2875 3060 2903 3122; x_wconf 97' lang='lat'>1</span> <span class='ocrx_word' id='word_1_223' title='bbox 2953 3079 3013 3142; x_wconf 95' lang='lat' dir='ltr'>p.</span> <span class='ocrx_word' id='word_1_224' title='bbox 3047 3057 3119 3123; x_wconf 86' lang='lat' dir='ltr'>C.</span> <span class='ocrx_word' id='word_1_225' title='bbox 3166 3080 3386 3123; x_wconf 86' lang='lat' dir='ltr'>memo-</span> 
     </span>
     <span class='ocr_line' id='line_1_27' title="bbox 805 3159 2198 3245; baseline 0.004 -22"><span class='ocrx_word' id='word_1_226' title='bbox 805 3164 994 3224; x_wconf 78' lang='lat' dir='ltr'>ratur</span> <span class='ocrx_word' id='word_1_227' title='bbox 1033 3159 1138 3225; x_wconf 84' lang='lat' dir='ltr'>CI</span> <span class='ocrx_word' id='word_1_228' title='bbox 1138 3159 1200 3226; x_wconf 81' lang='lat' dir='ltr'><em>G</em></span> <span class='ocrx_word' id='word_1_229' title='bbox 1242 3166 1405 3226; x_wconf 77' lang='lat'><strong><em>4715</em></strong></span> <span class='ocrx_word' id='word_1_230' title='bbox 1451 3166 1493 3229; x_wconf 84' lang='lat' dir='ltr'>t.</span> <span class='ocrx_word' id='word_1_231' title='bbox 1546 3162 1854 3245; x_wconf 78' lang='lat' dir='ltr'>Tentyrae</span> <span class='ocrx_word' id='word_1_232' title='bbox 1896 3166 2198 3245; x_wconf 56' lang='lat' dir='ltr'>repertus.</span> 
     </span>
    </p>

    <p class='ocr_par' dir='ltr' id='par_1_11' title="bbox 678 3263 3396 4875">
     <span class='ocr_line' id='line_1_28' title="bbox 678 3263 3387 3348; baseline -0 -21"><span class='ocrx_word' id='word_1_233' title='bbox 678 3263 805 3327; x_wconf 81' lang='lat'>929</span> <span class='ocrx_word' id='word_1_234' title='bbox 849 3273 928 3327; x_wconf 91' lang='lat' dir='ltr'>M.</span> <span class='ocrx_word' id='word_1_235' title='bbox 977 3272 1293 3328; x_wconf 87' lang='lat' dir='ltr'>CLODIVS</span> <span class='ocrx_word' id='word_1_236' title='bbox 1335 3274 1706 3329; x_wconf 85' lang='lat' dir='ltr'>PVPIENVS</span> <span class='ocrx_word' id='word_1_237' title='bbox 1767 3266 1919 3348; x_wconf 67' lang='lat' dir='ltr'>(Sive</span> <span class='ocrx_word' id='word_1_238' title='bbox 1965 3264 2391 3345; x_wconf 83' lang='lat' dir='ltr'>PVPIENIVS)</span> <span class='ocrx_word' id='word_1_239' title='bbox 2432 3271 2776 3327; x_wconf 88' lang='lat' dir='ltr'>MAXIMVS</span> <span class='ocrx_word' id='word_1_240' title='bbox 2828 3292 2907 3315; x_wconf 62' lang='grc' dir='ltr'>-τ</span> <span class='ocrx_word' id='word_1_241' title='bbox 2951 3271 3387 3327; x_wconf 84' lang='lat' dir='ltr'>IMPERATOR</span> 
     </span>
     <span class='ocr_line' id='line_1_29' title="bbox 811 3364 3389 3432; baseline -0 -1"><span class='ocrx_word' id='word_1_242' title='bbox 811 3376 1104 3431; x_wconf 84' lang='lat' dir='ltr'>CAESAR</span> <span class='ocrx_word' id='word_1_243' title='bbox 1148 3376 1228 3431; x_wconf 87' lang='lat' dir='ltr'>M.</span> <span class='ocrx_word' id='word_1_244' title='bbox 1262 3376 1579 3432; x_wconf 89' lang='lat' dir='ltr'>CLODIVS</span> <span class='ocrx_word' id='word_1_245' title='bbox 1627 3377 1993 3431; x_wconf 89' lang='lat' dir='ltr'>PVPIENVS</span> <span class='ocrx_word' id='word_1_246' title='bbox 2040 3376 2386 3430; x_wconf 81' lang='lat' dir='ltr'>MAXIMVS</span> <span class='ocrx_word' id='word_1_247' title='bbox 2418 3375 2824 3429; x_wconf 84' lang='lat' dir='ltr'>AVGVSTVS.</span> <span class='ocrx_word' id='word_1_248' title='bbox 2897 3364 3107 3430; x_wconf 70' lang='lat' dir='ltr'>Plena</span> <span class='ocrx_word' id='word_1_249' title='bbox 3133 3366 3389 3430; x_wconf 74' lang='lat' dir='ltr'>nomina</span> 
     </span>
     <span class='ocr_line' id='line_1_30' title="bbox 810 3466 3388 3553; baseline -0 -19"><span class='ocrx_word' id='word_1_250' title='bbox 810 3470 984 3534; x_wconf 77' lang='lat' dir='ltr'>tituli</span> <span class='ocrx_word' id='word_1_251' title='bbox 1022 3471 1379 3552; x_wconf 79' lang='lat' dir='ltr'>nunzmique</span> <span class='ocrx_word' id='word_1_252' title='bbox 1422 3471 1827 3553; x_wconf 80' lang='lat' dir='ltr'>imperatoris</span> <span class='ocrx_word' id='word_1_253' title='bbox 1869 3470 2174 3536; x_wconf 79' lang='lat' dir='ltr'>indicant.</span> <span class='ocrx_word' id='word_1_254' title='bbox 2260 3468 2489 3534; x_wconf 81' lang='lat' dir='ltr'>Tituli:</span> <span class='ocrx_word' id='word_1_255' title='bbox 2530 3489 2663 3533; x_wconf 85' lang='lat' dir='ltr'>una</span> <span class='ocrx_word' id='word_1_256' title='bbox 2693 3489 2832 3533; x_wconf 83' lang='lat' dir='ltr'>eum</span> <span class='ocrx_word' id='word_1_257' title='bbox 2860 3466 2949 3535; x_wconf 90' lang='lat' dir='ltr'>D.</span> <span class='ocrx_word' id='word_1_258' title='bbox 2989 3467 3208 3533; x_wconf 85' lang='lat' dir='ltr'>Caelio</span> <span class='ocrx_word' id='word_1_259' title='bbox 3248 3468 3388 3534; x_wconf 83' lang='lat' dir='ltr'>Cal·</span> 
     </span>
     <span class='ocr_line' id='line_1_31' title="bbox 808 3569 3387 3657; baseline 0 -23"><span class='ocrx_word' id='word_1_260' title='bbox 808 3572 953 3637; x_wconf 81' lang='lat' dir='ltr'>vino</span> <span class='ocrx_word' id='word_1_261' title='bbox 994 3571 1277 3638; x_wconf 82' lang='lat' dir='ltr'>Balbino</span> <span class='ocrx_word' id='word_1_262' title='bbox 1317 3573 1607 3657; x_wconf 74' lang='lat' dir='ltr'>Auyusto</span> <span class='ocrx_word' id='word_1_263' title='bbox 1653 3578 1712 3637; x_wconf 82' lang='lat' dir='ltr'>et</span> <span class='ocrx_word' id='word_1_264' title='bbox 1759 3573 1856 3640; x_wconf 85' lang='lat' dir='ltr'>M.</span> <span class='ocrx_word' id='word_1_265' title='bbox 1902 3573 2185 3637; x_wconf 82' lang='lat' dir='ltr'>Antonio</span> <span class='ocrx_word' id='word_1_266' title='bbox 2226 3571 2558 3638; x_wconf 81' lang='lat' dir='ltr'>Gordiano</span> <span class='ocrx_word' id='word_1_267' title='bbox 2597 3569 2875 3636; x_wconf 81' lang='lat' dir='ltr'>Caesare</span> <span class='ocrx_word' id='word_1_268' title='bbox 2915 3572 3281 3635; x_wconf 77' lang='lat' dir='ltr'>nominatur</span> <span class='ocrx_word' id='word_1_269' title='bbox 3322 3573 3387 3635; x_wconf 87' lang='lat' dir='ltr'>in</span> 
     </span>
     <span class='ocr_line' id='line_1_32' title="bbox 809 3672 3384 3758; baseline 0 -20"><span class='ocrx_word' id='word_1_270' title='bbox 809 3675 1111 3740; x_wconf 81' lang='lat' dir='ltr'>miliariis</span> <span class='ocrx_word' id='word_1_271' title='bbox 1139 3675 1594 3741; x_wconf 80' lang='lat' dir='ltr'>Mauretaniae</span> <span class='ocrx_word' id='word_1_272' title='bbox 1630 3675 1815 3741; x_wconf 84' lang='lat' dir='ltr'>VIII</span> <span class='ocrx_word' id='word_1_273' title='bbox 1833 3680 2043 3740; x_wconf 75' lang='grc'><strong><em>10342</em></strong></span> <span class='ocrx_word' id='word_1_274' title='bbox 2073 3676 2182 3758; x_wconf 89' lang='grc'><strong><em>(1).</em></strong></span> <span class='ocrx_word' id='word_1_275' title='bbox 2228 3680 2430 3739; x_wconf 76' lang='grc'><strong><em>10343</em></strong></span> <span class='ocrx_word' id='word_1_276' title='bbox 2459 3676 2571 3758; x_wconf 90' lang='grc'><strong><em>(2).</em></strong></span> <span class='ocrx_word' id='word_1_277' title='bbox 2612 3678 2817 3739; x_wconf 87' lang='grc'><em>10365</em></span> <span class='ocrx_word' id='word_1_278' title='bbox 2846 3673 2955 3755; x_wconf 89' lang='grc'><em>(3),</em></span> <span class='ocrx_word' id='word_1_279' title='bbox 2991 3672 3263 3756; x_wconf 78' lang='lat' dir='ltr'>Ephem.</span> <span class='ocrx_word' id='word_1_280' title='bbox 3296 3697 3384 3757; x_wconf 85' lang='lat' dir='ltr'>ep.</span> 
     </span>
     <span class='ocr_line' id='line_1_33' title="bbox 816 3775 3393 3862; baseline 0 -21"><span class='ocrx_word' id='word_1_281' title='bbox 816 3783 873 3854; x_wconf 85' lang='lat'>7,</span> <span class='ocrx_word' id='word_1_282' title='bbox 906 3784 1026 3843; x_wconf 87' lang='grc'>660</span> <span class='ocrx_word' id='word_1_283' title='bbox 1057 3778 1169 3862; x_wconf 81' lang='lat'>(4).</span> <span class='ocrx_word' id='word_1_284' title='bbox 1216 3784 1336 3843; x_wconf 90' lang='grc'>675</span> <span class='ocrx_word' id='word_1_285' title='bbox 1365 3777 1491 3860; x_wconf 90' lang='grc'><strong><em>(5);</em></strong></span> <span class='ocrx_word' id='word_1_286' title='bbox 1533 3780 1793 3843; x_wconf 89' lang='lat' dir='ltr'>nomina</span> <span class='ocrx_word' id='word_1_287' title='bbox 1825 3778 2029 3861; x_wconf 83' lang='lat' dir='ltr'>plena</span> <span class='ocrx_word' id='word_1_288' title='bbox 2073 3778 2376 3843; x_wconf 71' lang='lat' dir='ltr'>extabant</span> <span class='ocrx_word' id='word_1_289' title='bbox 2419 3777 2490 3841; x_wconf 90' lang='lat' dir='ltr'>in</span> <span class='ocrx_word' id='word_1_290' title='bbox 2536 3777 2850 3853; x_wconf 85' lang='lat' dir='ltr'>omnibus,</span> <span class='ocrx_word' id='word_1_291' title='bbox 2896 3775 3080 3841; x_wconf 77' lang='lat' dir='ltr'>hodie</span> <span class='ocrx_word' id='word_1_292' title='bbox 3122 3775 3393 3859; x_wconf 78' lang='lat' dir='ltr'>Pupieni</span> 
     </span>
     <span class='ocr_line' id='line_1_34' title="bbox 816 3879 3392 3965; baseline -0 -20"><span class='ocrx_word' id='word_1_293' title='bbox 816 3886 1034 3946; x_wconf 71' lang='lat' dir='ltr'>extant</span> <span class='ocrx_word' id='word_1_294' title='bbox 1079 3887 1138 3946; x_wconf 84' lang='lat' dir='ltr'>et</span> <span class='ocrx_word' id='word_1_295' title='bbox 1180 3886 1342 3946; x_wconf 78' lang='lat' dir='ltr'>certe</span> <span class='ocrx_word' id='word_1_296' title='bbox 1387 3881 1704 3965; x_wconf 75' lang='lat' dir='ltr'>descripta</span> <span class='ocrx_word' id='word_1_297' title='bbox 1748 3887 1894 3946; x_wconf 80' lang='lat' dir='ltr'>sunt</span> <span class='ocrx_word' id='word_1_298' title='bbox 1937 3882 2006 3945; x_wconf 88' lang='lat' dir='ltr'>in</span> <span class='ocrx_word' id='word_1_299' title='bbox 2053 3886 2094 3948; x_wconf 84' lang='lat' dir='ltr'>t.</span> <span class='ocrx_word' id='word_1_300' title='bbox 2125 3886 2184 3947; x_wconf 88' lang='lat'>3.</span> <span class='ocrx_word' id='word_1_301' title='bbox 2215 3885 2274 3957; x_wconf 73' lang='lat'>4,</span> <span class='ocrx_word' id='word_1_302' title='bbox 2320 3879 2703 3945; x_wconf 79' lang='lat' dir='ltr'>ubidicitur</span> <span class='ocrx_word' id='word_1_303' title='bbox 2736 3880 3112 3964; x_wconf 76' lang='lat' dir='ltr'>PupieniuS.</span> <span class='ocrx_word' id='word_1_304' title='bbox 3186 3879 3392 3944; x_wconf 84' lang='lat' dir='ltr'>Plane</span> 
     </span>
     <span class='ocr_line' id='line_1_35' title="bbox 818 3981 3392 4068; baseline 0 -19"><span class='ocrx_word' id='word_1_305' title='bbox 818 3984 1026 4049; x_wconf 80' lang='lat' dir='ltr'>eodem</span> <span class='ocrx_word' id='word_1_306' title='bbox 1071 3985 1254 4050; x_wconf 79' lang='lat' dir='ltr'>modo</span> <span class='ocrx_word' id='word_1_307' title='bbox 1291 3986 1552 4051; x_wconf 84' lang='lat' dir='ltr'>nomina</span> <span class='ocrx_word' id='word_1_308' title='bbox 1583 3986 1776 4050; x_wconf 80' lang='lat' dir='ltr'>trium</span> <span class='ocrx_word' id='word_1_309' title='bbox 1810 3987 2031 4068; x_wconf 79' lang='lat' dir='ltr'>posita</span> <span class='ocrx_word' id='word_1_310' title='bbox 2061 3988 2243 4049; x_wconf 77' lang='lat' dir='ltr'>erant</span> <span class='ocrx_word' id='word_1_311' title='bbox 2274 3984 2337 4047; x_wconf 86' lang='lat' dir='ltr'>in</span> <span class='ocrx_word' id='word_1_312' title='bbox 2369 3982 2675 4048; x_wconf 83' lang='lat' dir='ltr'>miliariis</span> <span class='ocrx_word' id='word_1_313' title='bbox 2706 3981 3153 4064; x_wconf 76' lang='lat' dir='ltr'>Cappadociae</span> <span class='ocrx_word' id='word_1_314' title='bbox 3180 3982 3312 4047; x_wconf 93' lang='lat' dir='ltr'>III</span> <span class='ocrx_word' id='word_1_315' title='bbox 3329 3981 3392 4050; x_wconf 89' lang='lat' dir='ltr'>S.</span> 
     </span>
     <span class='ocr_line' id='line_1_36' title="bbox 816 4083 3396 4171; baseline -0.002 -18"><span class='ocrx_word' id='word_1_316' title='bbox 816 4094 995 4156; x_wconf 85' lang='lat'><strong>6913.</strong></span> <span class='ocrx_word' id='word_1_317' title='bbox 1028 4094 1208 4154; x_wconf 78' lang='grc'><strong><em>6934.</em></strong></span> <span class='ocrx_word' id='word_1_318' title='bbox 1243 4094 1423 4158; x_wconf 87' lang='grc'><strong><em>6936.</em></strong></span> <span class='ocrx_word' id='word_1_319' title='bbox 1456 4093 1614 4155; x_wconf 88' lang='grc'>6953</span> <span class='ocrx_word' id='word_1_320' title='bbox 1642 4088 1806 4153; x_wconf 85' lang='lat' dir='ltr'>male</span> <span class='ocrx_word' id='word_1_321' title='bbox 1834 4088 2111 4171; x_wconf 74' lang='lat' dir='ltr'>seriptiS,</span> <span class='ocrx_word' id='word_1_322' title='bbox 2157 4089 2227 4151; x_wconf 85' lang='lat' dir='ltr'>in</span> <span class='ocrx_word' id='word_1_323' title='bbox 2271 4087 2496 4169; x_wconf 78' lang='lat' dir='ltr'>quibus</span> <span class='ocrx_word' id='word_1_324' title='bbox 2538 4083 2728 4165; x_wconf 81' lang='lat' dir='ltr'>(certe</span> <span class='ocrx_word' id='word_1_325' title='bbox 2757 4085 2826 4149; x_wconf 89' lang='lat' dir='ltr'>in</span> <span class='ocrx_word' id='word_1_326' title='bbox 2858 4089 2898 4148; x_wconf 83' lang='lat' dir='ltr'>t.</span> <span class='ocrx_word' id='word_1_327' title='bbox 2931 4087 3111 4170; x_wconf 81' lang='lat'><em>6953)</em></span> <span class='ocrx_word' id='word_1_328' title='bbox 3140 4086 3396 4149; x_wconf 84' lang='lat' dir='ltr'>nomina</span> 
     </span>
     <span class='ocr_line' id='line_1_37' title="bbox 815 4187 3392 4275; baseline -0 -21"><span class='ocrx_word' id='word_1_329' title='bbox 815 4190 1098 4275; x_wconf 79' lang='lat' dir='ltr'>Pupieni</span> <span class='ocrx_word' id='word_1_330' title='bbox 1141 4197 1198 4256; x_wconf 80' lang='lat' dir='ltr'>et</span> <span class='ocrx_word' id='word_1_331' title='bbox 1241 4191 1516 4256; x_wconf 83' lang='lat' dir='ltr'>Balbini</span> <span class='ocrx_word' id='word_1_332' title='bbox 1548 4196 1778 4274; x_wconf 75' lang='lat' dir='ltr'>postea</span> <span class='ocrx_word' id='word_1_333' title='bbox 1829 4210 2018 4256; x_wconf 85' lang='lat' dir='ltr'>erasa</span> <span class='ocrx_word' id='word_1_334' title='bbox 2060 4194 2208 4254; x_wconf 82' lang='lat' dir='ltr'>sunt</span> <span class='ocrx_word' id='word_1_335' title='bbox 2252 4210 2466 4253; x_wconf 82' lang='lat' dir='ltr'>errore</span> <span class='ocrx_word' id='word_1_336' title='bbox 2497 4187 2995 4271; x_wconf 80' lang='lat' dir='ltr'>provincialium</span> <span class='ocrx_word' id='word_1_337' title='bbox 3037 4188 3122 4269; x_wconf 82' lang='lat' dir='ltr'>ef.</span> <span class='ocrx_word' id='word_1_338' title='bbox 3168 4188 3300 4253; x_wconf 94' lang='lat' dir='ltr'>III</span> <span class='ocrx_word' id='word_1_339' title='bbox 3329 4187 3392 4253; x_wconf 89' lang='lat' dir='ltr'>S.</span> 
     </span>
     <span class='ocr_line' id='line_1_38' title="bbox 807 4288 3395 4378; baseline -0.002 -18"><span class='ocrx_word' id='word_1_340' title='bbox 807 4318 879 4378; x_wconf 91' lang='lat' dir='ltr'>p.</span> <span class='ocrx_word' id='word_1_341' title='bbox 927 4299 1121 4360; x_wconf 88' lang='grc'><strong><em>1252.</em></strong></span> <span class='ocrx_word' id='word_1_342' title='bbox 1218 4293 1568 4358; x_wconf 75' lang='lat' dir='ltr'>Praeterea</span> <span class='ocrx_word' id='word_1_343' title='bbox 1624 4293 1882 4357; x_wconf 87' lang='lat' dir='ltr'>nomina</span> <span class='ocrx_word' id='word_1_344' title='bbox 1945 4291 2191 4356; x_wconf 73' lang='lat' dir='ltr'>eaehibet</span> <span class='ocrx_word' id='word_1_345' title='bbox 2246 4291 2393 4354; x_wconf 67' lang='lat' dir='ltr'>item</span> <span class='ocrx_word' id='word_1_346' title='bbox 2450 4290 2785 4354; x_wconf 81' lang='lat' dir='ltr'>coniuncta</span> <span class='ocrx_word' id='word_1_347' title='bbox 2829 4309 2967 4353; x_wconf 83' lang='lat' dir='ltr'>cum</span> <span class='ocrx_word' id='word_1_348' title='bbox 3012 4288 3297 4354; x_wconf 83' lang='lat' dir='ltr'>Balbino</span> <span class='ocrx_word' id='word_1_349' title='bbox 3338 4294 3395 4354; x_wconf 79' lang='lat' dir='ltr'>et</span> 
     </span>
     <span class='ocr_line' id='line_1_39' title="bbox 816 4391 3395 4480; baseline -0.002 -18"><span class='ocrx_word' id='word_1_350' title='bbox 816 4397 1148 4464; x_wconf 78' lang='lat' dir='ltr'>Gordiano</span> <span class='ocrx_word' id='word_1_351' title='bbox 1181 4416 1474 4479; x_wconf 80' lang='lat' dir='ltr'>papyrus</span> <span class='ocrx_word' id='word_1_352' title='bbox 1513 4417 1738 4480; x_wconf 75' lang='lat' dir='ltr'>yraeee</span> <span class='ocrx_word' id='word_1_353' title='bbox 1781 4395 2027 4477; x_wconf 84' lang='lat' dir='ltr'>scripta</span> <span class='ocrx_word' id='word_1_354' title='bbox 2070 4392 2562 4476; x_wconf 76' lang='lat' dir='ltr'>Mitiheilunyen</span> <span class='ocrx_word' id='word_1_355' title='bbox 2606 4412 2723 4457; x_wconf 85' lang='lat' dir='ltr'>aus</span> <span class='ocrx_word' id='word_1_356' title='bbox 2753 4391 2864 4456; x_wconf 78' lang='lat' dir='ltr'>der</span> <span class='ocrx_word' id='word_1_357' title='bbox 2890 4391 3260 4474; x_wconf 75' lang='lat' dir='ltr'>Sammluny</span> <span class='ocrx_word' id='word_1_358' title='bbox 3289 4391 3395 4456; x_wconf 80' lang='lat' dir='ltr'>der</span> 
     </span>
     <span class='ocr_line' id='line_1_40' title="bbox 817 4493 3390 4583; baseline -0.002 -18"><span class='ocrx_word' id='word_1_359' title='bbox 817 4501 1115 4583; x_wconf 82' lang='lat' dir='ltr'>Papyrus</span> <span class='ocrx_word' id='word_1_360' title='bbox 1158 4499 1519 4581; x_wconf 63' lang='lat' dir='ltr'>Erzherzoy</span> <span class='ocrx_word' id='word_1_361' title='bbox 1563 4498 1812 4563; x_wconf 83' lang='lat' dir='ltr'>Rainer</span> <span class='ocrx_word' id='word_1_362' title='bbox 1850 4497 1950 4562; x_wconf 87' lang='lat' dir='ltr'>IL</span> <span class='ocrx_word' id='word_1_363' title='bbox 1996 4497 2129 4562; x_wconf 92' lang='lat' dir='ltr'>III</span> <span class='ocrx_word' id='word_1_364' title='bbox 2163 4519 2234 4580; x_wconf 90' lang='lat' dir='ltr'>p.</span> <span class='ocrx_word' id='word_1_365' title='bbox 2281 4502 2387 4572; x_wconf 87' lang='grc'>23,</span> <span class='ocrx_word' id='word_1_366' title='bbox 2433 4495 2549 4560; x_wconf 82' lang='lat' dir='ltr'>ubi</span> <span class='ocrx_word' id='word_1_367' title='bbox 2591 4499 2763 4559; x_wconf 73' lang='lat' dir='ltr'>eoetal</span> <span class='ocrx_word' id='word_1_368' title='bbox 2820 4494 3071 4581; x_wconf 81' lang='grc' dir='ltr'><strong>Μάρκου</strong></span> <span class='ocrx_word' id='word_1_369' title='bbox 3118 4493 3390 4560; x_wconf 81' lang='grc' dir='ltr'>Κλωδίου</span> 
     </span>
     <span class='ocr_line' id='line_1_41' title="bbox 815 4597 3392 4689; baseline -0.003 -20"><span class='ocrx_word' id='word_1_370' title='bbox 815 4603 1175 4689; x_wconf 81' lang='grc' dir='ltr'><strong><em>Πουπιηνοῢ.</em></strong></span> <span class='ocrx_word' id='word_1_371' title='bbox 1278 4600 1566 4683; x_wconf 79' lang='lat' dir='ltr'>Denique</span> <span class='ocrx_word' id='word_1_372' title='bbox 1613 4601 1914 4683; x_wconf 80' lang='lat' dir='ltr'>privatus</span> <span class='ocrx_word' id='word_1_373' title='bbox 1979 4603 2365 4663; x_wconf 80' lang='lat' dir='ltr'>memoratur</span> <span class='ocrx_word' id='word_1_374' title='bbox 2424 4600 2493 4663; x_wconf 88' lang='lat' dir='ltr'>in</span> <span class='ocrx_word' id='word_1_375' title='bbox 2553 4603 2592 4662; x_wconf 81' lang='lat' dir='ltr'>t.</span> <span class='ocrx_word' id='word_1_376' title='bbox 2654 4597 2830 4681; x_wconf 73' lang='lat' dir='ltr'>filiae</span> <span class='ocrx_word' id='word_1_377' title='bbox 2890 4597 2992 4663; x_wconf 82' lang='lat' dir='ltr'>VI</span> <span class='ocrx_word' id='word_1_378' title='bbox 3026 4601 3197 4662; x_wconf 86' lang='grc'>1087</span> <span class='ocrx_word' id='word_1_379' title='bbox 3210 4619 3252 4662; x_wconf 91' lang='lat' dir='ltr'>a</span> <span class='ocrx_word' id='word_1_380' title='bbox 3308 4597 3392 4681; x_wconf 82' lang='grc'>(6)</span> 
     </span>
     <span class='ocr_line' id='line_1_42' title="bbox 812 4698 3393 4790; baseline -0.002 -21"><span class='ocrx_word' id='word_1_381' title='bbox 812 4705 1087 4790; x_wconf 87' lang='lat' dir='ltr'>Pupieni</span> <span class='ocrx_word' id='word_1_382' title='bbox 1133 4703 1405 4768; x_wconf 84' lang='lat' dir='ltr'>Maximi</span> <span class='ocrx_word' id='word_1_383' title='bbox 1451 4726 1505 4768; x_wconf 90' lang='lat' dir='ltr'>c.</span> <span class='ocrx_word' id='word_1_384' title='bbox 1538 4724 1601 4770; x_wconf 81' lang='lat' dir='ltr'>v,</span> <span class='ocrx_word' id='word_1_385' title='bbox 1636 4725 1765 4767; x_wconf 80' lang='lat' dir='ltr'>cos,</span> <span class='ocrx_word' id='word_1_386' title='bbox 1799 4703 1884 4783; x_wconf 90' lang='lat' dir='ltr'>II,</span> <span class='ocrx_word' id='word_1_387' title='bbox 1927 4707 1987 4766; x_wconf 84' lang='lat' dir='ltr'>et</span> <span class='ocrx_word' id='word_1_388' title='bbox 2024 4702 2093 4766; x_wconf 86' lang='lat' dir='ltr'>in</span> <span class='ocrx_word' id='word_1_389' title='bbox 2124 4706 2166 4766; x_wconf 84' lang='lat' dir='ltr'>t.</span> <span class='ocrx_word' id='word_1_390' title='bbox 2201 4701 2417 4766; x_wconf 83' lang='lat' dir='ltr'>liberti</span> <span class='ocrx_word' id='word_1_391' title='bbox 2441 4705 2515 4765; x_wconf 85' lang='lat' dir='ltr'>ut</span> <span class='ocrx_word' id='word_1_392' title='bbox 2540 4699 2821 4764; x_wconf 79' lang='lat' dir='ltr'>videtur:</span> <span class='ocrx_word' id='word_1_393' title='bbox 2865 4698 2975 4783; x_wconf 64' lang='lat' dir='ltr'>[IL]</span> <span class='ocrx_word' id='word_1_394' title='bbox 3011 4698 3321 4780; x_wconf 76' lang='lat' dir='ltr'>(traditur</span> <span class='ocrx_word' id='word_1_395' title='bbox 3347 4702 3393 4783; x_wconf 94' lang='lat'>1)</span> 
     </span>
     <span class='ocr_line' id='line_1_43' title="bbox 816 4806 2012 4875; baseline -0.005 -1"><span class='ocrx_word' id='word_1_396' title='bbox 816 4825 1037 4875; x_wconf 78' lang='lat' dir='ltr'>emmo</span> <span class='ocrx_word' id='word_1_397' title='bbox 1081 4824 1216 4872; x_wconf 74' lang='lat' dir='ltr'>PVP.</span> <span class='ocrx_word' id='word_1_398' title='bbox 1262 4824 1317 4871; x_wconf 87' lang='lat' dir='ltr'>L.</span> <span class='ocrx_word' id='word_1_399' title='bbox 1361 4823 1630 4872; x_wconf 76' lang='lat' dir='ltr'>BELLAEO</span> <span class='ocrx_word' id='word_1_400' title='bbox 1675 4806 1792 4871; x_wconf 90' lang='lat' dir='ltr'>IX</span> <span class='ocrx_word' id='word_1_401' title='bbox 1831 4809 2012 4870; x_wconf 86' lang='lat'><strong>5765.</strong></span> 
     </span>
    </p>

    <p class='ocr_par' dir='ltr' id='par_1_12' title="bbox 941 4904 3392 4991">
     <span class='ocr_line' id='line_1_44' title="bbox 941 4904 3392 4991; baseline -0.003 -17"><span class='ocrx_word' id='word_1_402' title='bbox 941 4910 1026 4975; x_wconf 89' lang='lat' dir='ltr'>In</span> <span class='ocrx_word' id='word_1_403' title='bbox 1067 4910 1337 4974; x_wconf 83' lang='lat' dir='ltr'>nummis</span> <span class='ocrx_word' id='word_1_404' title='bbox 1375 4909 1701 4973; x_wconf 83' lang='lat' dir='ltr'>commatis</span> <span class='ocrx_word' id='word_1_405' title='bbox 1729 4907 2016 4972; x_wconf 83' lang='lat' dir='ltr'>Romani</span> <span class='ocrx_word' id='word_1_406' title='bbox 2043 4906 2277 4971; x_wconf 79' lang='lat' dir='ltr'>dieitur</span> <span class='ocrx_word' id='word_1_407' title='bbox 2309 4904 2678 4988; x_wconf 83' lang='lat' dir='ltr'>plerumque</span> <span class='ocrx_word' id='word_1_408' title='bbox 2708 4904 2796 4968; x_wconf 93' lang='lat' dir='ltr'>M.</span> <span class='ocrx_word' id='word_1_409' title='bbox 2830 4904 3014 4970; x_wconf 87' lang='lat' dir='ltr'>Clod.</span> <span class='ocrx_word' id='word_1_410' title='bbox 3048 4904 3392 4991; x_wconf 88' lang='lat' dir='ltr'>Pupienus,</span> 
     </span>
    </p>
   </div>
   <div class='ocr_carea' id='block_1_4' title="bbox 814 5006 3399 5098">
    <p class='ocr_par' dir='ltr' id='par_1_13' title="bbox 814 5006 3399 5098">
     <span class='ocr_line' id='line_1_45' title="bbox 814 5006 3399 5098; baseline -0.002 -18"><span class='ocrx_word' id='word_1_411' title='bbox 814 5015 1031 5080; x_wconf 84' lang='lat' dir='ltr'>rarius</span> <span class='ocrx_word' id='word_1_412' title='bbox 1063 5014 1396 5098; x_wconf 88' lang='lat' dir='ltr'>Pupienus</span> <span class='ocrx_word' id='word_1_413' title='bbox 1429 5012 1757 5077; x_wconf 82' lang='lat' dir='ltr'>Maximus</span> <span class='ocrx_word' id='word_1_414' title='bbox 1787 5010 2030 5076; x_wconf 79' lang='lat' dir='ltr'>Eckhel</span> <span class='ocrx_word' id='word_1_415' title='bbox 2059 5009 2203 5074; x_wconf 91' lang='lat' dir='ltr'>VII</span> <span class='ocrx_word' id='word_1_416' title='bbox 2221 5030 2294 5090; x_wconf 90' lang='lat' dir='ltr'>p.</span> <span class='ocrx_word' id='word_1_417' title='bbox 2326 5013 2451 5072; x_wconf 89' lang='grc'>306</span> <span class='ocrx_word' id='word_1_418' title='bbox 2478 5028 2627 5090; x_wconf 71' lang='lat' dir='ltr'>sqq„</span> <span class='ocrx_word' id='word_1_419' title='bbox 2673 5006 2884 5073; x_wconf 77' lang='lat' dir='ltr'>Gohen</span> <span class='ocrx_word' id='word_1_420' title='bbox 2922 5007 3015 5072; x_wconf 76' lang='lat' dir='ltr'>V²</span> <span class='ocrx_word' id='word_1_421' title='bbox 3033 5030 3107 5089; x_wconf 87' lang='lat' dir='ltr'>p.</span> <span class='ocrx_word' id='word_1_422' title='bbox 3136 5013 3212 5073; x_wconf 77' lang='lat'>14</span> <span class='ocrx_word' id='word_1_423' title='bbox 3232 5027 3358 5089; x_wconf 79' lang='lat' dir='ltr'>sqq.</span> <span class='ocrx_word' id='word_1_424' title='bbox 3377 5028 3399 5085; x_wconf 93' lang='lat'>‚·</span> 
     </span>
    </p>
   </div>
   <div class='ocr_carea' id='block_1_5' title="bbox 814 5109 3396 5199">
    <p class='ocr_par' dir='ltr' id='par_1_14' title="bbox 814 5109 3396 5199">
     <span class='ocr_line' id='line_1_46' title="bbox 814 5109 3396 5199; baseline -0.004 -14"><span class='ocrx_word' id='word_1_425' title='bbox 814 5120 884 5185; x_wconf 84' lang='lat' dir='ltr'>in</span> <span class='ocrx_word' id='word_1_426' title='bbox 924 5117 1195 5183; x_wconf 81' lang='lat' dir='ltr'>nummis</span> <span class='ocrx_word' id='word_1_427' title='bbox 1224 5115 1684 5180; x_wconf 70' lang='lat' dir='ltr'>Alexandrinis</span> <span class='ocrx_word' id='word_1_428' title='bbox 1719 5113 1789 5179; x_wconf 83' lang='lat' dir='ltr'>A.</span> <span class='ocrx_word' id='word_1_429' title='bbox 1825 5113 1897 5179; x_wconf 83' lang='lat' dir='ltr'>K.</span> <span class='ocrx_word' id='word_1_430' title='bbox 1931 5113 2016 5178; x_wconf 83' lang='lat' dir='ltr'>M.</span> <span class='ocrx_word' id='word_1_431' title='bbox 2051 5111 2220 5177; x_wconf 84' lang='grc' dir='ltr'><strong><em>Κλω.</em></strong></span> <span class='ocrx_word' id='word_1_432' title='bbox 2259 5111 2595 5199; x_wconf 78' lang='grc' dir='ltr'>[Ιουπιηνὸς</span> <span class='ocrx_word' id='word_1_433' title='bbox 2628 5111 2766 5178; x_wconf 62' lang='lat' dir='ltr'>liber.</span> <span class='ocrx_word' id='word_1_434' title='bbox 2806 5109 3151 5194; x_wconf 73' lang='lat' dir='ltr'>Cataloyue</span> <span class='ocrx_word' id='word_1_435' title='bbox 3198 5112 3274 5193; x_wconf 79' lang='lat' dir='ltr'>of</span> <span class='ocrx_word' id='word_1_436' title='bbox 3300 5109 3396 5175; x_wconf 78' lang='lat' dir='ltr'>the</span> 
     </span>
    </p>
   </div>
  </div>
 </body>
</html>
