3859 5992
628 515 925 575 BVBRVS
1937 511 2065 575 244
3089 520 3131 577 C
3158 562 3348 578 .....

632 717 757 781 153
801 716 1087 799 Burrus,
1154 718 1536 802 παιδαγωγὸς
1586 721 1691 781 τοῦ
1752 714 2032 802 Νέρωνος
2088 716 2241 787 τάξιν
2283 718 2389 800 τὴν
2436 723 2554 780 τῶν
2602 714 2969 800 Ἑλληνικῶν
3017 719 3347 783 ἐπιστολῶν

759 819 1225 905 πεπιστευμένος
1274 848 1353 871 =
1397 818 1480 882 ab
1540 816 1832 903 epistulis
1890 820 2140 901 graecis
2201 818 2476 882 Neronis
2534 818 2780 901 Ioseph.
2840 823 2971 885 ant.
3023 823 3132 895 20,
3177 824 3238 896 8,
3280 824 3344 883 9.

757 922 896 986 Aut
954 923 1202 987 erravit
1256 921 1562 1003 Iosephus
1620 923 1687 984 in
1746 942 2032 997 munere,
2093 941 2230 985 cum
2290 921 2365 985 de
2406 921 2693 1003 Afranio
2749 920 2968 985 Burro
3013 923 3346 1004 praesecto

752 1025 1091 1108 praetorio
1148 1025 1454 1107 coyitaret
1474 1073 1489 1100 ,
1566 1027 1682 1087 aut
1726 1028 1997 1106 propter
2055 1043 2281 1088 paunus
2296 1074 2311 1101 ,
2384 1045 2506 1106 quo
2574 1029 2720 1088 tunc
2776 1025 3072 1107 tenworis
3130 1024 3350 1088 liberii

761 1129 1212 1210 fanyebantur,
1252 1126 1355 1190 hic
1401 1127 1481 1190 ab
1528 1126 1815 1207 Afranio
1859 1125 2079 1191 Burro
2124 1125 2401 1191 diversus
2443 1128 2590 1209 fait.

634 1249 758 1313 154
804 1248 1078 1329 Burrus,
1126 1244 1297 1310 filius
1349 1247 1785 1332 quinquennis
1824 1245 2158 1311 Parthenii
2203 1247 2559 1312 Domitiani
2605 1245 3003 1329 cubicularii,
3050 1248 3118 1311 in
3161 1248 3346 1312 cuius

762 1351 933 1416 diem
982 1349 1261 1416 natalem
1310 1349 1627 1414 Martialis
1673 1350 1931 1435 scripsit
1975 1350 2364 1433 epiyramma
2407 1356 2466 1427 4,
2511 1354 2609 1426 45,
2655 1355 2696 1414 4
2709 1370 2730 1427 ;
2784 1355 3171 1415 memoratur
3213 1350 3340 1414 ibd.

753 1459 814 1532 5,
861 1459 919 1532 6,
968 1459 1026 1521 6.

648 1594 736 1604 -
799 1556 951 1623 Sex.
997 1555 1312 1621 Afranius
1357 1554 1629 1620 Burrus.

648 1695 737 1706 --
800 1669 869 1724 L.
914 1666 1312 1723 ANTISTIVS
1357 1666 1674 1723 BVRRVS.

645 1799 733 1810 —
797 1771 863 1826 L.
910 1770 1306 1826 ANTISTIVS
1353 1770 1646 1825 BVRRVS
1692 1769 2114 1826 ADVENTVS.

645 1901 733 1911 --
798 1873 868 1931 L.
912 1873 1309 1929 ANTISTIVS
1354 1872 1772 1928 MVNDICIVS
1815 1872 2130 1928 BVRRVS.

645 2003 732 2013 —
795 1976 1095 2032 ACILIVS
1142 1977 1358 2031 BVTA.

629 2088 751 2153 155
799 2087 1043 2168 Buten,
1105 2085 1359 2169 rhetor,
1422 2085 1711 2171 aequalis
1774 2085 1986 2149 Porcii
2049 2084 2351 2149 Latronis
2397 2085 2638 2151 Seneca
2689 2090 2960 2151 controv.
3009 2091 3068 2162 1,
3113 2093 3172 2163 1,
3219 2091 3342 2165 20,-

751 2195 818 2265 2,
847 2194 907 2265 5,
940 2194 1037 2265 15,
1082 2190 1373 2253 Passieni
1408 2187 1535 2252 ibd.
1567 2194 1632 2264 2,
1663 2194 1722 2263 5,
1758 2193 1857 2264 17,
1890 2188 2104 2252 Asinii
2140 2186 2448 2252 Pollionis
2481 2187 2606 2255 ibd.
2644 2193 2701 2264 7,
2730 2193 2790 2265 4,
2819 2192 2880 2252 3.
2947 2188 3337 2271 Sententiae,

756 2290 1130 2369 divisiones,
1178 2289 1426 2355 colores
1472 2292 1613 2353 eius
1647 2293 1895 2372 passim
1943 2290 2119 2373 apud
2161 2291 2464 2356 Senecam
2505 2290 2833 2357 rhetorem.

632 2412 753 2477 156
801 2410 1010 2475 Butra
1056 2420 1126 2474 ut
1170 2410 1415 2474 amicus
1460 2408 1663 2473 Manli
1711 2409 2026 2495 Torquati
2074 2411 2448 2474 nominatur
2488 2409 2722 2477 Horat.
2755 2411 2931 2492 epist.
2962 2414 3022 2487 1,
3053 2415 3114 2487 5,
3144 2414 3251 2476 26.

626 2531 748 2597 157
795 2530 1050 2616 Bythus
1097 2529 1562 2595 Durraehenus
1598 2528 1775 2594 Plin.
1816 2535 1948 2593 nat.
1988 2529 2130 2593 hist.
2177 2528 2304 2592 ind.
2354 2528 2396 2593 l.
2441 2533 2533 2593 28
2569 2528 2828 2611 (Bithus
2872 2529 3339 2596 Durraehenus

752 2633 882 2698 ibd.
929 2637 1036 2710 28,
1082 2634 1200 2713 82)
1247 2644 1479 2719 auctor
1519 2631 1718 2696 Plinii
1764 2632 1845 2695 de
1905 2631 2249 2695 medicinis
2305 2653 2390 2695 ex
2444 2630 2848 2698 animalibus,
2946 2633 3338 2714 Quamquam

753 2758 796 2799 a
856 2735 1080 2800 Ple'nio
1140 2736 1309 2799 inter
1366 2740 1655 2799 auctores
1711 2754 2009 2799 romanos
2062 2739 2434 2815 recensetur,
2497 2754 2636 2798 cum
2695 2735 2759 2798 in
2819 2734 3027 2799 indice
3069 2735 3336 2800 eiusdem

752 2838 907 2903 libri
943 2836 1297 2921 praecedat
1345 2838 1636 2901 ‘Sextius
1682 2836 1902 2920 Niger,
1951 2837 2063 2922 qui
2108 2857 2343 2919 graece
2386 2837 2688 2921 scripsit‘,
2729 2837 3003 2917 fortasse
3049 2837 3210 2902 idem
3253 2842 3343 2902 est

762 2939 995 3011 Βούτας
1060 2941 1247 3011 αἰτίας
1314 2941 1615 3025 μυθώδεις
1670 2940 1734 3005 ἐν
1802 2939 2084 3026 ἐλεγείοις
2152 2941 2284 3025 περὶ
2343 2946 2462 3004 τῶν
2530 2936 2888 3025 Ῥωμαϊκῶν
2956 2940 3340 3026 ἀναγράφων,

756 3044 937 3107 cuius
999 3042 1390 3125 epiyramma
1443 3062 1741 3125 ¹qraecum
1787 3041 2185 3107 Plutarchus
2246 3040 2440 3122 affert
2495 3042 2567 3107 in
2616 3045 2749 3107 vita
2791 3042 3057 3107 Romuli
3090 3048 3194 3126 30,
3238 3045 3349 3126 qui

756 3144 963 3209 Butas
1011 3146 1074 3208 in
1121 3143 1491 3209 causalibus
1536 3144 1774 3210 citatur
1813 3145 2063 3211 Arnob.
2107 3149 2167 3222 5,
2212 3148 2312 3210 18.

1947 3634 2040 3753 O

667 3890 698 3955 1
749 3888 825 3955 T.
875 3889 929 3955 C
956 3939 970 3954 .
1000 3939 1014 3955 .
1045 3939 1058 3953 .
1085 3938 1141 3972 .,
1192 3899 1574 3973 procurator
1606 3888 1886 3972 Augusti
1931 3910 1989 3955 a.
2028 3889 2150 3953 133
2192 3894 2580 3953 memoratur
2621 3889 2689 3952 in
2728 3892 2773 3952 t.
2803 3885 3046 3952 mutilis
3074 3886 3337 3954 Dacicvls

749 3993 883 4058 III
917 3992 986 4058 S.
1031 3997 1240 4057 12601
1286 4013 1326 4056 a
1359 3992 1469 4075 (1).
1519 3992 1555 4056 b
1587 3991 1703 4076 (2).
1788 3991 1915 4072 Qui
1960 3992 2215 4074 primus
2275 3996 2319 4056 t.
2365 3991 2524 4055 vidit
2566 3990 2895 4073 ediditque,
2954 3989 3173 4073 leyisse
3215 3991 3342 4056 sibi

745 4095 917 4158 visus
957 4098 1047 4157 cst
1095 4095 1157 4158 in
1205 4099 1246 4160 1⁴.
1282 4099 1321 4157 1
1365 4112 1417 4160 Τ.
1452 4094 1562 4159 cn!
1581 4099 1687 4159 0ss
1710 4111 1844 4160 v1cs
1882 4111 2061 4160 Pnoc.
2103 4112 2240 4170 Ave,
2289 4093 2400 4158 sed
2427 4093 2581 4158 haec
2608 4115 2729 4158 von
2756 4091 3232 4159 Domaszewski
3275 4094 3340 4157 in

750 4196 961 4279 lapide
1002 4217 1131 4261 non
1176 4198 1447 4279 aynovit.

664 4318 704 4381 2
750 4325 902 4380 IMP.
938 4316 1287 4397 c(AEsAR)
1322 4326 1379 4379 P.
1413 4325 1475 4380 c,
1623 4325 2106 4380 REGALIANVS
2140 4326 2545 4379 AvasTVS.
2598 4315 2894 4380 Nummi:
2921 4314 3164 4379 Eckhez
3201 4314 3340 4380 VII

746 4440 817 4500 p.
848 4423 994 4494 462,
1039 4417 1250 4483 Cohen
1297 4418 1429 4483 V12
1465 4441 1535 4501 p.
1568 4423 1666 4485 10.
1748 4420 1831 4483 In
1862 4418 2134 4482 nunemis
2162 4419 2362 4483 nauso-i
2393 4418 2888 4482 Vindobonensae's
2919 4437 3072 4498 quos
3099 4417 3338 4483 Eckhel

753 4520 1103 4602 descripsit,
1149 4522 1299 4585 item
1344 4522 1412 4584 in
1455 4521 1728 4584 nummis
1768 4521 1979 4585 Cohen
2021 4542 2086 4586 n.
2129 4526 2194 4586 2.
2240 4526 2282 4584 3
2327 4522 2642 4585 invenitur
2689 4521 2850 4604 Imp.
2900 4518 2972 4584 O.
3007 4520 3077 4583 P.
3113 4520 3188 4585 C.
3217 4521 3332 4610 Re·

749 4623 1064 4706 galianus,
1106 4624 1175 4687 in
1204 4644 1456 4687 nummo
1486 4644 1549 4687 n.
1574 4628 1615 4687 4
1648 4623 1858 4687 Gohen
1888 4623 2264 4688 Eckhclium
2295 4628 2613 4688 auctorem
2644 4621 2920 4686 laudans
2946 4620 3112 4685 male
3142 4620 3337 4685 edidit

746 4727 907 4811 Imp.
941 4725 1014 4791 O.
1048 4725 1120 4792 C.
1155 4726 1224 4792 P.
1262 4724 1671 4809 Regalianus.
1742 4727 1825 4791 In
1857 4727 2065 4792 altera
2096 4746 2151 4794 c.
2186 4729 2400 4792 littera
2445 4749 2666 4792 women
2707 4726 3100 4810 ycntilicium
3144 4726 3337 4790 latere

744 4828 1007 4894 videtur.
1073 4828 1275 4910 Apud
1312 4829 1693 4893 Trebellium
1738 4829 2090 4895 Pollionem
2137 4830 2418 4895 traditur
2463 4829 2841 4912 Regilianus
2885 4849 3013 4893 uno
3059 4828 3192 4893 loco
3235 4848 3336 4893 ex-

745 4935 918 5012 cepto
950 4931 1056 4998 vit.
1092 4932 1238 5013 trio.
1272 4936 1391 5014 tyr.
1423 4936 1524 5008 10,
1558 4937 1599 4997 5
1634 4942 1775 4996 ‘rex
1808 4934 1981 5015 regis
2009 4933 2143 5016 regi
2178 4933 2557 5017 Regaliano’
2588 4935 2705 5016 (sic
2737 4934 2791 4997 B
2816 4932 2935 5015 P);
2979 4930 3092 4996 sed
3118 4935 3337 4996 auctor

742 5038 1014 5117 propter
1053 5035 1259 5098 iocum
1308 5033 1682 5117 Regilianus
1721 5035 1817 5099 vel
1860 5035 2201 5118 Regiliano
2247 5039 2574 5122 scripsisse
2616 5036 2900 5114 videtum·
2943 5033 3336 5119 Regalianus

744 5136 936 5201 codex
976 5136 1373 5201 Bodleianus
1421 5137 1575 5205 Vict.
1620 5138 1801 5203 Caes.
1846 5143 1946 5215 33,
1988 5144 2054 5216 2,
2103 5139 2423 5204 Polemias
2470 5140 2715 5204 Silvius
2739 5162 2812 5222 p.
2843 5143 2973 5204 521
3016 5139 3335 5223 (chronica
