3859 5992
622 421 1015 477 CVRIATIVS
1912 411 2040 476 486
3009 419 3321 477 CVRTIVS

749 618 999 683 Vatinii
1043 620 1395 703 potentiam
1457 617 1623 703 fregi
1684 628 1750 684 et
1801 617 2027 701 hodie,
2087 618 2139 681 si
2184 616 2344 703 quid
2383 617 2572 682 nobis
2615 619 2882 684 notitiae
2926 640 3005 682 ac
3047 620 3324 684 nominis

749 732 861 806 est,
909 723 1118 806 magis
1148 721 1432 787 arbitror
1462 722 1819 788 carminum
1850 743 2045 807 quam
2082 722 2444 786 orationum
2488 719 2699 804 gloria
2735 730 3027 808 partum3
3076 744 3153 786 ac
3199 723 3325 786 iam

748 847 851 889 me
881 824 1235 909 deiungere
1265 847 1305 889 a
1333 824 1574 890 forensi
1605 822 1827 890 labore
1857 824 2160 889 constitui
2191 845 2312 888 nec
2341 824 2684 890 comitatus
2723 826 2879 890 istos
2926 834 2991 888 et
3031 846 3326 909 egressus

747 940 861 993 aut
920 928 1352 1015 frequentiam
1411 927 1829 994 salutantium
1888 929 2274 1013 concupisco
2333 948 2464 992 non
2522 928 2725 1010 magis
2773 949 2971 1016 quam
3017 950 3172 993 aera
3215 938 3328 992 aut

750 1032 1084 1115 imagines,
1131 1054 1299 1119 quae
1358 1034 1549 1096 etiam
1602 1053 1706 1095 me
1750 1029 2011 1096 nolente
2055 1034 2122 1096 in
2170 1030 2432 1096 domum
2475 1052 2684 1096 meam
2730 1032 3137 1117 inruperunt‘
3190 1054 3327 1097 eam

750 1135 1052 1200 dicentem
1073 1136 1236 1217 facit
1259 1136 1413 1201 Tac.
1433 1135 1588 1201 dial.
1607 1140 1705 1200 11.
1760 1133 2011 1216 Medea,
2037 1133 2376 1219 Thyestes,
2403 1134 2586 1217 Cato,
2604 1134 2935 1200 Domitius
2954 1134 3329 1218 tragoediae

742 1239 884 1302 eius
913 1237 1042 1306 ibd.
1073 1242 1139 1304 2.
1168 1243 1228 1304 3.
1275 1236 1705 1303 Interlocutor
1735 1235 1976 1319 dialogi
2008 1236 2238 1302 Taciti.
2274 1273 2350 1282 —
2375 1235 2688 1302 Diversus
2714 1236 2961 1302 videtur
2989 1236 3329 1303 Maternus

748 1340 970 1406 rhetor
997 1341 1358 1428 (σοφιστής),
1404 1342 1516 1427 qui
1563 1361 1711 1405 cum
1756 1349 1983 1405 contra
2026 1348 2338 1424 tyrannos
2376 1338 2819 1424 declamasset,
2867 1362 2909 1404 a
2949 1341 3327 1406 Domitiano

747 1467 916 1509 anno
958 1445 1034 1507 91
1087 1446 1337 1509 occisus
1382 1455 1480 1509 est
1521 1441 1654 1508 Dio
1697 1448 1796 1520 67,
1843 1447 1930 1508 12
1975 1440 2299 1522 (Zonaras
2341 1447 2440 1520 11,
2486 1443 2611 1525 19).

661 1585 748 1594 —-
791 1557 869 1614 M.
918 1555 1339 1611 CORNELIVS
1386 1554 1742 1610 NIGRINVS
1790 1555 2188 1611 CVRIATIVS
2234 1554 2668 1610 MATERNVS.

660 1688 747 1697 —-
789 1659 858 1717 L.
893 1658 1337 1713 STERTINIVS
1385 1657 1923 1727 QVINTILIANVS
1967 1658 2265 1712 ACILIVS
2314 1657 2601 1713 STRABO
2648 1658 2711 1714 C.
2745 1658 3143 1714 CVRIATIVS
3189 1660 3331 1714 MA-

753 1760 1049 1817 TERNVS
1097 1760 1414 1817 CLODIVS
1461 1761 1799 1817 NVMMVS.

660 1894 746 1902 —
788 1865 857 1920 L.
904 1863 1205 1920 OVINIVS
1254 1863 1519 1918 CVRIVS
1564 1862 1949 1919 PROCVLVS
1993 1862 2386 1918 MODIANVS
2429 1862 2874 1920 AFRICANVS.

661 1996 748 2005 —
792 1957 1050 2025 Caelius
1095 1957 1358 2025 Cursor.

625 2063 790 2127 1314
834 2070 901 2126 T.
943 2069 1336 2125 CVRTILIVS
1382 2069 1695 2143 MANCIA,
1743 2059 1969 2125 consul
2013 2061 2324 2126 suffectus
2371 2082 2539 2125 anno
2586 2062 2669 2126 55
2708 2083 2930 2126 mense
2974 2062 3331 2129 Decembri

747 2186 896 2228 cum
970 2163 1090 2229 Cn.
1157 2162 1435 2228 Lentulo
1510 2163 1871 2231 Gaetulico.
1984 2163 2070 2228 In
2133 2163 2497 2229 consulatu:
2565 2165 2642 2230 T.
2707 2163 3025 2230 Curtilius
3087 2166 3164 2230 M
3189 2217 3204 2231 .
3230 2217 3245 2232 .
3271 2216 3287 2232 .
3314 2218 3329 2231 .

757 2266 861 2331 VI
890 2271 1067 2332 2037
1106 2287 1268 2331 corr.
1300 2266 1565 2349 fflohem,
1599 2289 1694 2349 ep.
1724 2270 1768 2330 8
1796 2288 1869 2349 p.
1905 2270 2057 2344 328,
2098 2267 2175 2331 Τ.
2221 2265 2538 2332 Curtilius
2585 2268 2715 2332 tab.
2746 2288 2867 2333 cer.
2901 2268 3119 2352 Pomp.
3158 2275 3217 2338 7.
3254 2307 3331 2316 -

748 2371 823 2434 T.
873 2368 1186 2435 Curtilius
1224 2369 1486 2434 Mancia
1529 2368 1816 2452 Phleyon
1857 2370 2002 2433 mir.
2046 2374 2154 2446 27,
2202 2368 2517 2435 Curtilius
2561 2370 2822 2435 Mancia
2865 2371 3044 2437 alibi.

876 2471 1120 2537 Consul
1175 2494 1232 2539 a.
1278 2472 1361 2537 55
1405 2472 1568 2553 fasti
1577 2492 1598 2551 ;
1655 2471 1907 2555 legatus
1954 2469 2347 2537 Germaniae
2398 2473 2754 2559 superioris
2797 2497 2855 2538 a.
2902 2475 2986 2539 56
3032 2473 3331 2558 Phleyon

751 2579 791 2643 l.
824 2578 884 2660 L,
931 2599 989 2640 a.
1024 2576 1105 2640 58
1146 2575 1293 2641 Tac.
1327 2596 1387 2640 a.
1419 2579 1518 2651 13,
1548 2577 1648 2639 56.
1722 2575 2002 2639 Perosus
2039 2595 2353 2659 generum
2380 2596 2569 2640 suum
2597 2575 2961 2641 Domitium
2988 2577 3329 2642 Lucanum

747 2680 949 2745 filiam
995 2680 1133 2744 eius
1179 2678 1458 2742 instituit
1500 2676 1804 2742 heredem
1849 2677 2028 2745 Plin.
2073 2679 2252 2760 epist.
2296 2682 2357 2755 8,
2391 2682 2494 2757 18,
2522 2684 2585 2744 4.

626 2787 788 2851 1315
835 2783 913 2849 T.
960 2782 1313 2863 Curtisius,
1379 2780 1709 2866 quondam
1766 2782 2129 2867 praetoriae
2187 2780 2467 2846 cohortis
2523 2781 2708 2846 miles
2763 2805 2932 2847 anno
2979 2786 3064 2850 24
3117 2785 3329 2869 primo

746 2885 1039 2951 coetibus
1099 2883 1515 2949 clandestinis
1575 2883 1746 2970 apud
1797 2883 2217 2948 Brundisium
2261 2895 2327 2949 et
2367 2886 2784 2950 circumiecta
2842 2885 3115 2972 oppida,
3179 2910 3331 2951 mox

749 2990 972 3075 positis
1018 2985 1351 3074 propalam
1394 2985 1631 3051 libellis
1676 2985 1759 3051 ad
1803 2984 2175 3051 libertatem
2215 2988 2494 3053 vocabat
2535 2990 2821 3072 agrestia
2869 2991 3168 3073 servitia,
3220 2989 3332 3054 sed

746 3090 938 3176 paulo
984 3101 1131 3176 post
1174 3111 1520 3175 oppressus
1566 3100 1630 3153 et
1670 3090 1737 3153 in
1783 3087 2012 3154 urbem
2056 3100 2301 3155 tractus
2345 3100 2443 3155 est
2493 3091 2643 3156 Tac.
2691 3114 2753 3156 a.
2791 3097 2852 3168 4,
2897 3096 3007 3158 27.

624 3195 787 3259 1316
832 3192 1116 3276 Curtius,
1163 3214 1361 3279 eques
1405 3193 1755 3276 Romanus,
1802 3190 2054 3256 deliciis
2097 3191 2400 3257 diffluens
2445 3202 2659 3259 aetate
2700 3194 2983 3278 Augusti
3029 3195 3329 3260 Macrob.

746 3302 867 3361 sat.
913 3300 977 3374 2,
1022 3301 1084 3374 4,
1130 3301 1244 3362 22.

626 3400 786 3465 1317
833 3399 1117 3482 Curtius,
1164 3398 1530 3463 causidicus
1574 3398 1858 3466 Iuvenal.
1906 3404 2009 3476 11,
2045 3403 2127 3464 34
2170 3419 2311 3463 cum
2353 3398 2545 3465 schol.

623 3504 786 3569 1318
832 3502 1097 3568 Curtius
1157 3503 1445 3585 Atticus,
1509 3523 1704 3588 eques
1755 3501 2087 3567 Romanus
2145 3500 2445 3585 illustris,
2510 3503 2848 3568 Tiberium
2903 3524 3073 3567 anno
3118 3505 3207 3569 26
3265 3506 3331 3568 in

751 3605 1175 3692 Campaniam
1217 3607 1559 3670 comitatus
1606 3615 1704 3669 est
1740 3606 1888 3670 Tac.
1929 3626 1990 3669 a.
2034 3610 2096 3683 4,
2142 3609 2225 3671 58
2238 3625 2260 3683 ;
2305 3603 2579 3671 Seianus
2622 3604 2788 3670 Iulio
2833 3605 3089 3671 Marino
3131 3591 3355 3692 parti?

747 3711 892 3794 cipe
937 3732 1085 3774 eum
1131 3710 1450 3795 oppressit
1491 3707 1621 3773 ibd.
1667 3712 1725 3784 6,
1772 3713 1874 3772 10.

625 3814 788 3878 1319
836 3811 1149 3898 [C]urtius
1181 3812 1523 3898 Crispinus
1553 3813 1760 3877 nescio
1792 3812 1936 3895 quis·
1963 3817 2318 3877 recensetur
2345 3813 2417 3876 in
2445 3811 2750 3877 laterculo
2779 3812 3052 3895 quodam
3077 3813 3329 3877 urbano

749 3915 982 3981 inedito
1021 3937 1156 3981 una
1199 3936 1339 3980 cam
1375 3915 1701 3997 Quintilla
1747 3913 2150 3999 [Pffsibanio
2194 3914 2453 3998 Lepido,
2511 3913 2805 3980 Cornelio
2847 3913 3176 4000 Dact[ro].

628 4020 787 4084 1320
830 4018 952 4086 Cn.
1000 4018 1268 4084 Curtius
1329 4019 1705 4105 Dexippus,
1770 4029 2029 4083 curator
2076 4019 2401 4106 (λογιστής)
2447 4019 2730 4083 civitatis
2773 4017 3329 4083 Chaeronensium

747 4123 1203 4204 Inscriptiones
1241 4121 1555 4187 Graeciae
1599 4121 1912 4204 Septentr.
1949 4121 2002 4185 I
2029 4126 2200 4187 3426
2245 4125 2287 4188 t.
2328 4120 2813 4187 Chaeronensis.

623 4227 781 4289 1321
835 4233 895 4290 G.
960 4233 1273 4289 GV'RTIVS
1328 4233 1610 4289 IVSTVS.
1720 4224 1955 4289 Tituli:
2006 4224 2067 4288 ei
2107 4225 2364 4306 positus
2422 4229 2513 4289 est
2564 4223 2807 4289 V5809
2852 4225 2943 4310 (1)
3003 4225 3325 4291 Mediola-

745 4328 957 4392 nensi-s·
1027 4327 1287 4392 mutilas
1302 4378 1319 4406 ‚
1393 4332 1779 4392 memoratum·
1851 4327 1928 4391 in
1992 4332 2033 4392 t.
2095 4332 2533 4393 veteranorum
2590 4326 3016 4393 Viminacevesi
3070 4328 3204 4393 III
3254 4327 3324 4394 S.

749 4434 913 4495 8110
959 4430 1053 4514 (2)
1110 4430 1370 4496 honesta
1427 4431 1720 4495 missione
1777 4431 2144 4508 missorum,
2205 4431 2317 4512 qui
2371 4429 2652 4495 militare
2706 4436 3042 4513 coeperant
3100 4453 3163 4496 a.
3206 4435 3327 4496 134

750 4538 808 4598 et
853 4537 992 4599 135.

877 4635 1090 4700 Plena
1144 4637 1406 4700 nomina
1460 4656 1840 4719 quamquam
1898 4636 2128 4702 litteris
2170 4635 2485 4700 mutilatis
2528 4635 2776 4701 exhibet
2818 4642 2862 4701 t.
2907 4642 2947 4701 1
2964 4686 2981 4712 ‚
3038 4634 3325 4721 Cur[tius

744 4739 989 4823 Ius]tus
1021 4743 1063 4804 t.
1096 4745 1159 4803 2.
1196 4778 1272 4787 —
1309 4738 1384 4804 C.
1413 4739 1478 4821 f.,
1527 4738 1703 4804 tribu
1732 4737 1870 4807 Pol.
1905 4745 1950 4804 t.
1981 4745 2040 4804 1.
2072 4776 2157 4786 —
2188 4737 2432 4803 Consul
2478 4736 2801 4819 (suffectus
2835 4739 2951 4804 sub
2983 4738 3324 4804 Hadriano

747 4842 841 4906 vel
874 4840 1041 4925 Pio),
1087 4840 1327 4906 sodalis
1373 4841 1749 4925 Augustalis
1795 4849 1838 4907 t.
1869 4847 1946 4922 1;
1986 4842 2236 4927 legatus
2283 4843 2436 4928 imp.
2480 4840 2665 4907 Caes.
2697 4840 2774 4909 T.
2807 4841 2977 4906 Aelii
3013 4841 3323 4908 Antonini

753 4946 851 5010 Pii
900 4994 915 5009 .
943 4993 959 5008 .
986 4993 1001 5009 .
1028 4992 1044 5008 .
1072 4993 1088 5009 .
1116 4994 1130 5008 .
1177 4949 1222 5008 t.
1252 4949 1291 5009 1
1320 4974 1402 4997 Ξ
1441 4945 1588 5028 [leg.
1621 4944 1813 5031 Aug]
1859 4968 1958 5035 pr.
1991 4968 2086 5032 pr.
2123 4945 2435 5030 (Moesiae
2474 4945 2852 5035 superioris)
2898 4945 3071 5011 circa
3116 4967 3178 5013 a.
3210 4946 3323 5012 155

745 5048 840 5113 vel
871 5046 1073 5134 paulo
1107 5053 1258 5135 post
1300 5053 1343 5114 t.
1378 5051 1444 5117 2.
