3859 5992
548 555 828 612 Amuvs
1504 513 1513 520 ⁸
1864 548 1948 613 65
2984 554 3263 616 Asmvs

674 751 1022 819 ffibunicia
1048 754 1383 838 potestate,
1430 753 1678 832 consul,
1724 764 1909 840 pater
1953 756 2219 840 patriae,
2267 753 2613 840 proconsul
2659 758 2702 820 t.
2733 760 2793 833 1,
2841 755 2990 822 item
3032 756 3077 825 t.
3105 760 3173 825 2.
3200 760 3262 834 3,

673 855 807 921 m‘si
842 855 1012 939 quod
1054 856 1223 922 deest
1262 855 1335 921 in
1375 855 1478 921 his
1532 857 1785 935 consul,-
1837 858 1909 921 in
1950 858 2221 922 nummis·
2264 856 2529 923 honores
2575 858 2827 923 omnino
2867 878 2996 924 non
3036 879 3264 926 memo-

675 962 926 1024 rantur.
992 958 1174 1023 Dum
1216 958 1461 1025 bellum
1507 957 1698 1024 civile
1741 970 1967 1025 contra
2005 960 2095 1024 M.
2127 959 2464 1024 Aurelium
2496 958 2780 1025 Probum
2819 970 3025 1047 parat,
3073 959 3264 1028 Tarsi

676 1084 717 1126 a
756 1060 1071 1126 militibus
1115 1063 1367 1127 occisus
1413 1072 1509 1127 est
1537 1062 1645 1127 vit.
1686 1062 1901 1127 Taciti
1936 1069 2033 1139 14,
2065 1068 2132 1140 2,
2183 1063 2474 1128 Zosimus
2502 1069 2561 1141 1,
2593 1067 2689 1141 64,
2739 1063 3037 1129 Zonaras
3064 1070 3123 1143 1,
3155 1070 3261 1143 24,

679 1164 893 1229 Victor
945 1163 1128 1229 Caes.
1169 1167 1284 1240 36,
1329 1164 1612 1247 Epitom.
1658 1168 1745 1230 36
1805 1166 1946 1247 (ubi
2001 1165 2169 1247 falso
2228 1167 2447 1230 incisis
2509 1187 2549 1229 a
2605 1177 2806 1231 semet
2846 1168 2987 1252 ipso
3030 1168 3262 1251 venis),

675 1266 994 1332 Eusebius
1023 1266 1285 1333 Armen.
1319 1288 1379 1332 a.
1410 1266 1572 1334 Abr.
1600 1271 1794 1344 2294,
1833 1267 2201 1351 Hieronym.
2234 1290 2294 1334 a.
2326 1268 2489 1335 Abr.
2520 1272 2696 1334 2293
2723 1298 2808 1322 =
2850 1259 3031 1335 Oros.
3066 1273 3125 1351 7,
3153 1273 3262 1347 28,

679 1368 1031 1452 Chronoyr.
1063 1391 1139 1452 p.
1169 1373 1313 1434 148.
1400 1370 1725 1453 Regnavit
1780 1371 1897 1433 vix
1956 1370 2211 1436 duobus
2269 1370 2597 1436 mensibus
2640 1371 2749 1436 vit.
2796 1371 3008 1437 Taciti
3044 1376 3158 1449 14,
3203 1364 3262 1449 3,

679 1471 933 1538 duobus
961 1470 1290 1538 mensibus
1331 1481 1394 1536 et
1424 1471 1652 1537 diebus
1681 1473 1917 1556 viginti
1950 1472 2225 1556 Eutrop.
2259 1479 2318 1551 9,
2349 1477 2447 1550 16,
2493 1495 2623 1539 uno
2666 1495 2888 1538 mense
2925 1483 3040 1539 aut
3064 1474 3266 1540 altero

679 1576 793 1639 vix
836 1582 1090 1640 retenta
1138 1574 1578 1639 dominatione
1638 1573 1794 1640 Vict.
1837 1574 2019 1641 Caes.
2064 1580 2173 1653 36,
2234 1576 2372 1641 dies
2432 1576 2775 1659 sexaginta
2817 1576 3042 1660 (Vict.)
3086 1577 3265 1661 Epit.

680 1676 805 1743 οὐδ’
848 1677 987 1744 ὅλον
1031 1680 1305 1766 τρίμηνον
1350 1677 1573 1750 ἀνῦσας
1601 1676 1897 1742 Zonaras
1926 1684 2030 1755 12,
2064 1684 2172 1754 29,
2220 1678 2358 1743 dies
2402 1677 2737 1744 LXXXII
2777 1678 3013 1745 Euseb.
3057 1679 3264 1757 Arm„

681 1778 818 1844 dies
841 1778 1245 1846 LXXXIIII
1271 1778 1632 1846 Cassiodor.
1659 1779 1810 1858 chr„
1844 1780 1984 1845 dies
2007 1780 2438 1845 LXXXVIII
2471 1779 2843 1863 Chronoyr„
2869 1780 3264 1866 Hieronym„

683 1885 868 1948 tertio
897 1903 1121 1947 mense
1151 1882 1478 1948 extinctus
1520 1882 1700 1948 Oros.
1760 1882 2082 1965 Reynavit
2109 1883 2308 1965 iyitur
2338 1881 2494 1947 duos
2520 1883 2655 1962 fere
2682 1903 2921 1948 menses
2949 1883 3047 1949 vel
3060 1885 3265 1967 paulo

680 1984 955 2068 amplius
999 1989 1238 2050 aestate
1299 1985 1461 2050 anni
1499 1990 1629 2051 276
1675 1985 1761 2067 cf.
1807 1987 1870 2050 ἐν
1911 1992 2004 2072 τῷ
2043 1985 2210 2072 θέρει
2264 1984 2572 2072 γινομένου
2631 1984 2932 2072 καύματος
2976 1986 3267 2053 Zosimus

679 2094 738 2166 1,
785 2092 884 2165 64,
928 2092 997 2154 2.

550 2209 681 2273 489
722 2208 798 2274 Ρ.
828 2206 1088 2273 Annius
1118 2208 1372 2273 Florus.
1424 2208 1521 2274 ςΡ.
1565 2207 1764 2273 Annii
1809 2207 1992 2273 Flori
2024 2206 2341 2291 Virgilius
2386 2216 2605 2273 orator
2648 2230 2733 2273 an
2776 2216 2969 2299 poeta
3010 2209 3261 2297 incipit'

680 2310 1054 2394 inscriptum
1083 2316 1175 2376 est
1202 2310 1269 2375 in
1299 2310 1507 2376 codice
1534 2309 1964 2388 Bruxellensi,
2001 2311 2113 2393 qui
2142 2310 2621 2399 praefationem
2651 2309 3172 2377 declamatoriam
3209 2316 3269 2377 et

682 2414 935 2478 initium
975 2411 1456 2479 declamationis
1498 2413 1574 2479 de
1615 2414 2006 2496 quaestione,
2047 2417 2264 2478 utrum
2309 2412 2623 2497 Veryilius
2663 2413 2874 2479 maior
2920 2418 3139 2479 orator
3181 2435 3270 2481 an

685 2521 884 2600 poeta
925 2517 1141 2599 fuerit,
1190 2516 1456 2582 exhibet.
1548 2515 1629 2581 Vt
1681 2516 1830 2582 inde
1889 2521 2191 2599 apparet,
2253 2515 2486 2581 Florus
2537 2524 2731 2603 poeta
2786 2538 2864 2581 ac
2920 2515 3141 2583 rhetor
3184 2540 3268 2582 ex

683 2619 909 2684 Africa
937 2619 1250 2685 oriundus
1280 2618 1522 2684 Romae
1551 2640 1715 2706 puer
1745 2620 1813 2684 in
1841 2618 2013 2683 ludis
2044 2617 2429 2705 Capitolinis
2460 2641 2501 2684 a
2529 2619 2903 2683 Domitiano
2936 2631 3023 2705 (a.
3053 2623 3266 2706 86196)

687 2743 925 2786 corona
968 2723 1262 2807 privatus
1307 2732 1481 2803 erat3
1527 2722 1698 2787 unde
1728 2723 1938 2788 Roma
1975 2720 2204 2786 relicta
2245 2731 2391 2808 post
2433 2720 2668 2786 multos
2713 2744 2963 2787 errores
3008 2722 3266 2788 tandem

685 2826 749 2888 in
814 2823 977 2890 urbe
1034 2825 1395 2911 Hispaniae
1456 2825 1916 2910 (probabiliter
1976 2825 2363 2911 Tarracone)
2424 2823 2733 2890 consedit.
2835 2824 3268 2913 Triumphum

684 2927 1000 2992 Dacicum
1046 2926 1308 3007 (scilicet
1359 2929 1639 2994 Traiani
1680 2951 1739 2994 a.
1772 2933 1904 2995 102
1946 2928 2042 2993 vel
2085 2925 2227 3010 106)
2273 2925 2571 2991 versibus
2615 2925 2988 2994 celebravit.

806 3029 983 3095 Idem
1043 3031 1178 3097 sine
1237 3030 1426 3097 dubio
1485 3036 1577 3097 est
1636 3030 1869 3096 Florus
1930 3039 2151 3117 poeta,
2215 3031 2327 3116 qui
2373 3029 2672 3096 versibus
2732 3053 2877 3096 cum
2924 3030 3264 3097 Hadriano

682 3134 955 3198 certavit
996 3134 1105 3198 vit.
1137 3134 1463 3225 Hadrian.
1496 3140 1610 3213 16,·
1652 3133 1907 3199 Annius
1939 3132 2172 3198 Florus
2218 3132 2302 3198 ad
2333 3132 2557 3199 divum
2587 3132 3001 3199 Hadrianum
3031 3133 3268 3200 citatur

678 3235 933 3303 Charis.
977 3235 1262 3302 Gramm.
1306 3238 1454 3302 Lat.
1500 3238 1552 3303 I
1581 3241 1680 3315 35,
1727 3242 1842 3315 14;
1885 3242 2029 3313 140,
2071 3242 2130 3315 6,
2175 3235 2411 3301 Florus
2456 3235 2542 3300 ad
2588 3235 2811 3301 divum
2856 3236 3265 3302 Hadrianum

682 3338 809 3403 ibd.
824 3343 973 3417 123,
999 3345 1057 3403 7.
1104 3339 1297 3404 Floro
1330 3350 1557 3427 poetae
1588 3341 1958 3405 tribuantur
1985 3339 2278 3405 carmina
2299 3338 2640 3423 Antholoy.
2665 3338 2779 3404 lat.
2799 3343 2904 3403 87.
2928 3343 3260 3407 245-252.

806 3441 1055 3507 Auctor
1098 3441 1299 3508 libelli
1330 3442 1624 3508 historici
1647 3444 1760 3525 qui
1788 3443 2163 3508 inscribitur
2191 3443 2474 3528 epitoma
2503 3441 2585 3506 de
2616 3442 2691 3507 T.
2724 3442 2915 3507 Livio
2946 3441 3264 3507 bellorum

681 3545 967 3609 omnium
1026 3566 1345 3609 annorum
1404 3542 1584 3610 DCC
1642 3544 1740 3611 vel
1797 3546 2098 3632 epitoma·
2137 3543 2220 3609 de
2263 3544 2340 3610 T.
2383 3544 2577 3609 Livio
2632 3545 3003 3610 nominatur
3058 3543 3264 3610 Iulius

680 3647 914 3713 Florus
944 3648 1015 3712 in
1043 3647 1252 3713 codice
1274 3647 1750 3731 Bamberyensi,
1784 3647 1862 3712 L.
1886 3646 2255 3730 Ann(a)eus
2285 3646 2520 3712 Florus
2549 3647 2618 3712 in
2649 3646 2858 3712 codice
2882 3645 3264 3712 Nazariano

682 3754 741 3813 et
795 3750 865 3814 in
907 3749 1233 3833 plerisque
1285 3749 1434 3816 aliis
1492 3750 1601 3836 (cf.
1648 3749 1831 3817 Jahn
1879 3750 2099 3832 praef.
2147 3772 2220 3833 p.
2265 3748 2679 3837 XXXVII).
2784 3747 3136 3835 Scripsisse
3194 3772 3265 3813 se

682 3860 891 3917 aetate
948 3852 1267 3918 Hadriani
1328 3855 1467 3941 ipse
1531 3863 1807 3919 testatur
1857 3853 2052 3921 Flor.
2099 3854 2316 3936 praef.
2372 3857 2435 3917 8.
2542 3851 2727 3934 Quod
2784 3872 2860 3916 ex
2918 3855 3265 3934 tenuiorum

679 3956 928 4020 ratione
957 3977 1085 4039 per
1126 3976 1190 4022 se
1231 3958 1367 4022 veri
1398 3956 1604 4022 simile
1644 3956 1910 4034 videtur,
1944 3961 2107 4021 certe
2147 3955 2575 4021 demonstrare
2617 3954 2761 4020 licet
2801 3953 3109 4038 (qumvis
3150 3954 3264 4019 ad·

678 4056 798 4121 huc
826 4057 1005 4123 haud
1045 4059 1206 4124 satis
1246 4060 1333 4124 sit
1377 4059 1894 4145 deruonstratum)
1928 4058 2438 4142 proprietatibus
2479 4056 2784 4122 sermonis
2828 4056 3076 4122 collatis
3103 4078 3265 4139 quae

678 4165 823 4224 sunt
877 4181 1228 4227 communes
1285 4160 1734 4227 declamationi
1789 4166 1846 4227 et
1904 4160 2119 4227 libello
2176 4161 2475 4225 historico
2491 4209 2508 4238 ,
2565 4163 2885 4225 auctorem
2939 4159 3264 4240 utriusque

683 4262 966 4355 opusculi
994 4283 1122 4329 esse
1153 4264 1429 4329 eundem.
1494 4265 1723 4346 Itaque
1765 4285 1916 4329 vera
1962 4264 2242 4329 auctoris
2284 4263 2580 4346 epitomes
2619 4262 2881 4328 nomina
2921 4261 2994 4326 in
3034 4261 3264 4326 codici-

681 4364 797 4429 bus
826 4364 983 4448 plus
1024 4366 1233 4431 minus
1278 4366 1628 4455 depravata
1669 4372 1835 4432 sunt.

551 4482 677 4549 490
720 4483 975 4550 Annius
1019 4487 1301 4569 Fuscus,
1350 4486 1521 4551 filius
1566 4488 1884 4555 curatoris
1929 4485 2209 4572 Aquini,
2256 4486 2527 4550 maritus
2572 4482 3022 4570 Lampridiae,
3078 4492 3264 4569 pater

548 4598 559 4602 ’
680 4587 1020 4653 Pescennii
1083 4588 1308 4673 Nigri,
1377 4591 1489 4676 qui
1552 4591 1896 4677 imperium
1965 4589 2240 4673 sumpsit
2291 4589 2399 4652 vit.
2460 4586 2796 4652 Pescennii
2855 4585 3044 4669 Nigr.
3096 4590 3168 4663 1,
3222 4588 3265 4649 3

678 4689 877 4755 dubia
917 4691 1060 4774 fide.

552 4809 671 4873 491
718 4819 1001 4875 ANNIVS
1032 4820 1344 4896 GALLVS,
1385 4812 1521 4878 dux
1553 4811 1827 4879 Othonis
1863 4822 2092 4877 contra
2120 4809 2505 4877 Vitellianos
2544 4810 2690 4875 Tac.
2721 4808 2781 4875 lo.
2813 4814 2873 4886 1,
2903 4813 2993 4873 87
3000 4802 3034 4887 ,·’
3061 4813 3129 4885 2,
3160 4813 3261 4873 11.

675 4918 780 4980 23.
824 4919 937 4992 44,
997 4914 1337 4982 Plutarch.
1395 4914 1538 4982 oth.
1598 4920 1659 4980 5.
1720 4921 1775 4983 7.
1821 4921 1941 4995 13,-
2011 4925 2160 5001 post
2216 4934 2498 5001 pugnam
2558 4912 2733 4999 apud
2791 4913 3166 4978 Betriacum
3223 4934 3264 4975 a

677 5015 980 5082 Muciano
1040 5017 1176 5083 dux
1238 5028 1466 5084 contra
1509 5020 1870 5087 Germanos
1930 5017 2173 5084 electus
2226 5018 2374 5084 Tac.
2416 5017 2477 5082 h.
2518 5022 2577 5095 4,
2624 5019 2737 5093 68,
2799 5014 3048 5101 legatus
3098 5015 3259 5081 Ger-

674 5120 927 5186 maniae
971 5122 1323 5207 superioris
1366 5144 1425 5188 a.
1462 5121 1544 5187 70
1588 5120 1716 5187 ibd.
1760 5125 1821 5199 5,
1854 5127 1971 5200 19,·
2012 5122 2382 5186 nominatur
2422 5119 2550 5188 ibcl.
2582 5125 2649 5197 2,
2678 5124 2784 5185 33.
2862 5116 2965 5200 Cf.
3011 5138 3074 5184 n.
3105 5120 3255 5182 492.

650 5229 1071 5287 Prosopographia
1094 5229 1219 5284 nup.
1246 5231 1384 5274 Rom.
1437 5229 1477 5273 1.
2818 5220 2852 5273 5
