<?xml version="1.0" encoding="UTF-8"?>
<!DOCTYPE html PUBLIC "-//W3C//DTD XHTML 1.0 Transitional//EN"
    "http://www.w3.org/TR/xhtml1/DTD/xhtml1-transitional.dtd">
<html xmlns="http://www.w3.org/1999/xhtml" xml:lang="en" lang="en">
 <head>
  <title>
</title>
<meta http-equiv="Content-Type" content="text/html;charset=utf-8" />
  <meta name='ocr-system' content='tesseract 3.04.00' />
  <meta name='ocr-capabilities' content='ocr_page ocr_carea ocr_par ocr_line ocrx_word'/>
</head>
<body>
  <div class='ocr_page' id='page_1' title='image "./prosopographiai01dessgoog_0459.png"; bbox 0 0 3859 5992; ppageno 0'>
   <div class='ocr_carea' id='block_1_1' title="bbox 498 544 3195 632">
    <p class='ocr_par' dir='ltr' id='par_1_1' title="bbox 498 544 3195 632">
     <span class='ocr_line' id='line_1_1' title="bbox 498 544 3195 632; baseline -0.001 -25"><span class='ocrx_word' id='word_1_1' title='bbox 498 552 919 609; x_wconf 87' lang='lat' dir='ltr'><strong>CORNELIVS</strong></span> <span class='ocrx_word' id='word_1_2' title='bbox 1272 624 1281 632; x_wconf 27' lang='lat'><em>⁶</em></span> <span class='ocrx_word' id='word_1_3' title='bbox 1792 544 1911 608; x_wconf 87' lang='grc'>441</span> <span class='ocrx_word' id='word_1_4' title='bbox 2776 550 3195 606; x_wconf 84' lang='lat' dir='ltr'>CORNELIVS</span> 
     </span>
    </p>
   </div>
   <div class='ocr_carea' id='block_1_2' title="bbox 496 745 3219 5242">
    <p class='ocr_par' dir='ltr' id='par_1_2' title="bbox 621 745 3204 1556">
     <span class='ocr_line' id='line_1_2' title="bbox 627 745 3204 833; baseline -0.001 -20"><span class='ocrx_word' id='word_1_5' title='bbox 627 749 744 814; x_wconf 91' lang='grc'>741</span> <span class='ocrx_word' id='word_1_6' title='bbox 781 779 865 803; x_wconf 88' lang='lat'>=</span> <span class='ocrx_word' id='word_1_7' title='bbox 897 750 977 814; x_wconf 84' lang='lat'>13</span> <span class='ocrx_word' id='word_1_8' title='bbox 1022 772 1080 815; x_wconf 92' lang='lat' dir='ltr'>a.</span> <span class='ocrx_word' id='word_1_9' title='bbox 1123 748 1196 813; x_wconf 81' lang='lat' dir='ltr'><strong>C.</strong></span> <span class='ocrx_word' id='word_1_10' title='bbox 1243 748 1566 813; x_wconf 81' lang='lat' dir='ltr'><strong>theatrum</strong></span> <span class='ocrx_word' id='word_1_11' title='bbox 1613 748 1855 812; x_wconf 89' lang='lat' dir='ltr'>Romae</span> <span class='ocrx_word' id='word_1_12' title='bbox 1900 747 2228 811; x_wconf 84' lang='lat' dir='ltr'>dedicavit</span> <span class='ocrx_word' id='word_1_13' title='bbox 2271 746 2659 833; x_wconf 87' lang='lat' dir='ltr'>spectaculis</span> <span class='ocrx_word' id='word_1_14' title='bbox 2706 745 2894 811; x_wconf 85' lang='lat' dir='ltr'>editis</span> <span class='ocrx_word' id='word_1_15' title='bbox 2939 757 3004 812; x_wconf 88' lang='lat' dir='ltr'>et</span> <span class='ocrx_word' id='word_1_16' title='bbox 3048 757 3204 812; x_wconf 88' lang='lat' dir='ltr'>tunc</span> 
     </span>
     <span class='ocr_line' id='line_1_3' title="bbox 628 850 3203 935; baseline -0.001 -20"><span class='ocrx_word' id='word_1_17' title='bbox 628 853 695 916; x_wconf 88' lang='lat' dir='ltr'>in</span> <span class='ocrx_word' id='word_1_18' title='bbox 739 851 1050 915; x_wconf 81' lang='lat' dir='ltr'><strong>honorem</strong></span> <span class='ocrx_word' id='word_1_19' title='bbox 1084 850 1317 915; x_wconf 80' lang='lat' dir='ltr'>theatri</span> <span class='ocrx_word' id='word_1_20' title='bbox 1348 851 1653 917; x_wconf 89' lang='lat' dir='ltr'>Tiberius</span> <span class='ocrx_word' id='word_1_21' title='bbox 1686 873 1829 915; x_wconf 89' lang='lat' dir='ltr'>eum</span> <span class='ocrx_word' id='word_1_22' title='bbox 1877 853 2157 935; x_wconf 86' lang='lat' dir='ltr'>primum</span> <span class='ocrx_word' id='word_1_23' title='bbox 2203 852 2268 915; x_wconf 91' lang='lat' dir='ltr'>in</span> <span class='ocrx_word' id='word_1_24' title='bbox 2315 859 2542 914; x_wconf 87' lang='lat' dir='ltr'>senatu</span> <span class='ocrx_word' id='word_1_25' title='bbox 2588 850 2973 915; x_wconf 87' lang='lat' dir='ltr'>sententiam</span> <span class='ocrx_word' id='word_1_26' title='bbox 3017 870 3203 932; x_wconf 86' lang='lat' dir='ltr'>roga-</span> 
     </span>
     <span class='ocr_line' id='line_1_4' title="bbox 623 951 3199 1035; baseline 0 -17"><span class='ocrx_word' id='word_1_27' title='bbox 623 957 719 1020; x_wconf 84' lang='lat' dir='ltr'>vit</span> <span class='ocrx_word' id='word_1_28' title='bbox 747 953 881 1019; x_wconf 87' lang='lat' dir='ltr'>Dio</span> <span class='ocrx_word' id='word_1_29' title='bbox 907 958 1007 1031; x_wconf 98' lang='grc'>54,</span> <span class='ocrx_word' id='word_1_30' title='bbox 1037 957 1126 1019; x_wconf 89' lang='grc'><strong><em>25</em></strong></span> <span class='ocrx_word' id='word_1_31' title='bbox 1141 974 1159 1031; x_wconf 90' lang='grc'>,·</span> <span class='ocrx_word' id='word_1_32' title='bbox 1206 952 1528 1018; x_wconf 82' lang='lat' dir='ltr'><strong>theatrum</strong></span> <span class='ocrx_word' id='word_1_33' title='bbox 1558 952 1752 1017; x_wconf 84' lang='lat' dir='ltr'><strong>Balbi</strong></span> <span class='ocrx_word' id='word_1_34' title='bbox 1783 962 2179 1017; x_wconf 88' lang='lat' dir='ltr'>memoratur</span> <span class='ocrx_word' id='word_1_35' title='bbox 2209 952 2464 1018; x_wconf 75' lang='lat' dir='ltr'>Sueten.</span> <span class='ocrx_word' id='word_1_36' title='bbox 2489 951 2758 1035; x_wconf 75' lang='lat' dir='ltr'>Auyust.</span> <span class='ocrx_word' id='word_1_37' title='bbox 2792 955 2898 1030; x_wconf 89' lang='grc'>29,</span> <span class='ocrx_word' id='word_1_38' title='bbox 2956 953 3103 1017; x_wconf 83' lang='lat' dir='ltr'>Tac.</span> <span class='ocrx_word' id='word_1_39' title='bbox 3139 975 3199 1018; x_wconf 87' lang='lat' dir='ltr'>a.</span> 
     </span>
     <span class='ocr_line' id='line_1_5' title="bbox 624 1054 3200 1139; baseline -0 -17"><span class='ocrx_word' id='word_1_40' title='bbox 624 1064 683 1134; x_wconf 88' lang='lat'>3,</span> <span class='ocrx_word' id='word_1_41' title='bbox 721 1062 823 1133; x_wconf 91' lang='grc'>72,</span> <span class='ocrx_word' id='word_1_42' title='bbox 871 1056 1048 1124; x_wconf 87' lang='lat' dir='ltr'>Plin.</span> <span class='ocrx_word' id='word_1_43' title='bbox 1078 1078 1141 1121; x_wconf 85' lang='lat' dir='ltr'>n.</span> <span class='ocrx_word' id='word_1_44' title='bbox 1172 1056 1232 1123; x_wconf 77' lang='lat' dir='ltr'><strong>h.</strong></span> <span class='ocrx_word' id='word_1_45' title='bbox 1264 1061 1364 1132; x_wconf 85' lang='lat'><strong><em>36,</em></strong></span> <span class='ocrx_word' id='word_1_46' title='bbox 1398 1061 1495 1139; x_wconf 86' lang='lat'><strong><em>60,</em></strong></span> <span class='ocrx_word' id='word_1_47' title='bbox 1542 1055 1676 1121; x_wconf 88' lang='lat' dir='ltr'>Dio</span> <span class='ocrx_word' id='word_1_48' title='bbox 1706 1060 1802 1137; x_wconf 86' lang='lat'>66,</span> <span class='ocrx_word' id='word_1_49' title='bbox 1837 1060 1960 1133; x_wconf 74' lang='lat'><strong><em>24,-</em></strong></span> <span class='ocrx_word' id='word_1_50' title='bbox 2007 1055 2264 1120; x_wconf 81' lang='lat' dir='ltr'>Notitia</span> <span class='ocrx_word' id='word_1_51' title='bbox 2304 1057 2540 1139; x_wconf 76' lang='lat' dir='ltr'>reqion.</span> <span class='ocrx_word' id='word_1_52' title='bbox 2585 1056 2724 1120; x_wconf 84' lang='lat' dir='ltr'>urb.</span> <span class='ocrx_word' id='word_1_53' title='bbox 2771 1054 2904 1139; x_wconf 87' lang='grc' dir='ltr'>ΙΧ,</span> <span class='ocrx_word' id='word_1_54' title='bbox 2954 1055 3200 1122; x_wconf 82' lang='lat' dir='ltr'>Curios.</span> 
     </span>
     <span class='ocr_line' id='line_1_6' title="bbox 621 1158 3199 1245; baseline 0.001 -22"><span class='ocrx_word' id='word_1_55' title='bbox 621 1162 859 1243; x_wconf 71' lang='lat' dir='ltr'>reqion.</span> <span class='ocrx_word' id='word_1_56' title='bbox 892 1160 1012 1224; x_wconf 93' lang='lat' dir='ltr'>IX</span> <span class='ocrx_word' id='word_1_57' title='bbox 1023 1180 1043 1238; x_wconf 97' lang='grc'>,·</span> <span class='ocrx_word' id='word_1_58' title='bbox 1086 1181 1236 1224; x_wconf 91' lang='lat' dir='ltr'>num</span> <span class='ocrx_word' id='word_1_59' title='bbox 1281 1169 1512 1245; x_wconf 80' lang='lat' dir='ltr'>crypta</span> <span class='ocrx_word' id='word_1_60' title='bbox 1542 1158 1731 1224; x_wconf 81' lang='lat' dir='ltr'>Balbi</span> <span class='ocrx_word' id='word_1_61' title='bbox 1779 1180 1940 1241; x_wconf 80' lang='lat' dir='ltr'>quae</span> <span class='ocrx_word' id='word_1_62' title='bbox 1984 1158 2214 1223; x_wconf 83' lang='lat' dir='ltr'>ibidem</span> <span class='ocrx_word' id='word_1_63' title='bbox 2256 1159 2324 1221; x_wconf 79' lang='lat' dir='ltr'>in</span> <span class='ocrx_word' id='word_1_64' title='bbox 2364 1160 2616 1241; x_wconf 69' lang='lat' dir='ltr'>reqionc</span> <span class='ocrx_word' id='word_1_65' title='bbox 2645 1158 2765 1223; x_wconf 92' lang='lat' dir='ltr'>IX</span> <span class='ocrx_word' id='word_1_66' title='bbox 2799 1165 3199 1241; x_wconf 85' lang='lat' dir='ltr'>memoratur,</span> 
     </span>
     <span class='ocr_line' id='line_1_7' title="bbox 625 1259 3202 1346; baseline 0 -20"><span class='ocrx_word' id='word_1_67' title='bbox 625 1263 714 1327; x_wconf 82' lang='lat' dir='ltr'>ad</span> <span class='ocrx_word' id='word_1_68' title='bbox 759 1263 1071 1327; x_wconf 76' lang='lat' dir='ltr'>theatrum</span> <span class='ocrx_word' id='word_1_69' title='bbox 1115 1263 1469 1346; x_wconf 77' lang='lat' dir='ltr'>pertineat,</span> <span class='ocrx_word' id='word_1_70' title='bbox 1521 1262 1824 1326; x_wconf 76' lang='lat' dir='ltr'>incertum</span> <span class='ocrx_word' id='word_1_71' title='bbox 1870 1266 1978 1325; x_wconf 89' lang='lat' dir='ltr'>est.</span> <span class='ocrx_word' id='word_1_72' title='bbox 2035 1296 2112 1306; x_wconf 94' lang='lat'>—-</span> <span class='ocrx_word' id='word_1_73' title='bbox 2167 1259 2384 1325; x_wconf 86' lang='lat' dir='ltr'>Potest</span> <span class='ocrx_word' id='word_1_74' title='bbox 2445 1259 2608 1325; x_wconf 79' lang='lat' dir='ltr'>idem</span> <span class='ocrx_word' id='word_1_75' title='bbox 2667 1282 2806 1326; x_wconf 87' lang='lat' dir='ltr'>esse</span> <span class='ocrx_word' id='word_1_76' title='bbox 2863 1260 3202 1327; x_wconf 84' lang='lat' dir='ltr'>Cornelius</span> 
     </span>
     <span class='ocr_line' id='line_1_8' title="bbox 622 1362 3202 1451; baseline 0 -22"><span class='ocrx_word' id='word_1_77' title='bbox 622 1364 902 1449; x_wconf 86' lang='lat' dir='ltr'>Balbus,</span> <span class='ocrx_word' id='word_1_78' title='bbox 966 1368 1078 1451; x_wconf 90' lang='lat' dir='ltr'>qui</span> <span class='ocrx_word' id='word_1_79' title='bbox 1125 1367 1206 1429; x_wconf 84' lang='lat' dir='ltr'>(le</span> <span class='ocrx_word' id='word_1_80' title='bbox 1250 1366 1631 1451; x_wconf 80' lang='lat' dir='ltr'>Hymenaeo</span> <span class='ocrx_word' id='word_1_81' title='bbox 1678 1367 1916 1429; x_wconf 88' lang='lat' dir='ltr'>citatur</span> <span class='ocrx_word' id='word_1_82' title='bbox 1956 1364 2132 1431; x_wconf 81' lang='lat' dir='ltr'>Serv.</span> <span class='ocrx_word' id='word_1_83' title='bbox 2174 1363 2352 1446; x_wconf 72' lang='lat' dir='ltr'>Verq.</span> <span class='ocrx_word' id='word_1_84' title='bbox 2382 1362 2545 1427; x_wconf 83' lang='lat' dir='ltr'>Aen.</span> <span class='ocrx_word' id='word_1_85' title='bbox 2583 1369 2642 1440; x_wconf 88' lang='grc'>4,</span> <span class='ocrx_word' id='word_1_86' title='bbox 2685 1368 2832 1445; x_wconf 91' lang='grc'><strong><em>127,</em></strong></span> <span class='ocrx_word' id='word_1_87' title='bbox 2882 1363 2963 1427; x_wconf 90' lang='lat' dir='ltr'>de</span> <span class='ocrx_word' id='word_1_88' title='bbox 3009 1365 3202 1430; x_wconf 88' lang='lat' dir='ltr'>rebus</span> 
     </span>
     <span class='ocr_line' id='line_1_9' title="bbox 621 1466 2810 1556; baseline 0 -24"><span class='ocrx_word' id='word_1_89' title='bbox 621 1470 823 1533; x_wconf 88' lang='lat' dir='ltr'>sacris</span> <span class='ocrx_word' id='word_1_90' title='bbox 867 1470 1223 1556; x_wconf 76' lang='grc' dir='ltr'><strong>ἐξηγητικῶν</strong></span> <span class='ocrx_word' id='word_1_91' title='bbox 1270 1467 1436 1532; x_wconf 92' lang='lat' dir='ltr'>libro</span> <span class='ocrx_word' id='word_1_92' title='bbox 1483 1477 1712 1532; x_wconf 84' lang='lat' dir='ltr'>octavo</span> <span class='ocrx_word' id='word_1_93' title='bbox 1756 1467 2003 1531; x_wconf 89' lang='lat' dir='ltr'>decimo</span> <span class='ocrx_word' id='word_1_94' title='bbox 2047 1466 2339 1531; x_wconf 85' lang='lat' dir='ltr'>Macrob.</span> <span class='ocrx_word' id='word_1_95' title='bbox 2372 1470 2491 1532; x_wconf 90' lang='lat' dir='ltr'>sat.</span> <span class='ocrx_word' id='word_1_96' title='bbox 2524 1471 2584 1543; x_wconf 85' lang='lat'><strong><em>3,</em></strong></span> <span class='ocrx_word' id='word_1_97' title='bbox 2620 1470 2678 1543; x_wconf 88' lang='grc'>6,</span> <span class='ocrx_word' id='word_1_98' title='bbox 2713 1472 2810 1533; x_wconf 90' lang='grc'>16.</span> 
     </span>
    </p>

    <p class='ocr_par' dir='ltr' id='par_1_3' title="bbox 622 1565 3202 1756">
     <span class='ocr_line' id='line_1_10' title="bbox 751 1565 3202 1654; baseline -0.001 -19"><span class='ocrx_word' id='word_1_99' title='bbox 751 1571 861 1635; x_wconf 77' lang='lat' dir='ltr'>Ex</span> <span class='ocrx_word' id='word_1_100' title='bbox 906 1572 1184 1654; x_wconf 74' lang='lat' dir='ltr'>posteris</span> <span class='ocrx_word' id='word_1_101' title='bbox 1243 1572 1377 1635; x_wconf 89' lang='lat' dir='ltr'>eius</span> <span class='ocrx_word' id='word_1_102' title='bbox 1437 1569 1684 1634; x_wconf 82' lang='lat' dir='ltr'>videtur</span> <span class='ocrx_word' id='word_1_103' title='bbox 1739 1569 1817 1635; x_wconf 93' lang='lat' dir='ltr'>L.</span> <span class='ocrx_word' id='word_1_104' title='bbox 1865 1565 2204 1634; x_wconf 81' lang='lat' dir='ltr'>Cornelius</span> <span class='ocrx_word' id='word_1_105' title='bbox 2264 1567 2341 1634; x_wconf 91' lang='lat' dir='ltr'>L.</span> <span class='ocrx_word' id='word_1_106' title='bbox 2402 1567 2445 1631; x_wconf 89' lang='lat' dir='ltr'><strong>f.</strong></span> <span class='ocrx_word' id='word_1_107' title='bbox 2508 1567 2683 1633; x_wconf 88' lang='lat' dir='ltr'>tribu</span> <span class='ocrx_word' id='word_1_108' title='bbox 2744 1566 2897 1632; x_wconf 93' lang='lat' dir='ltr'>Pob.</span> <span class='ocrx_word' id='word_1_109' title='bbox 2956 1567 3202 1635; x_wconf 86' lang='lat' dir='ltr'>Balbus</span> 
     </span>
     <span class='ocr_line' id='line_1_11' title="bbox 622 1669 2372 1756; baseline -0.002 -20"><span class='ocrx_word' id='word_1_110' title='bbox 622 1672 985 1756; x_wconf 76' lang='lat' dir='ltr'>NorbanuS,</span> <span class='ocrx_word' id='word_1_111' title='bbox 1033 1675 1137 1738; x_wconf 88' lang='lat' dir='ltr'>cui</span> <span class='ocrx_word' id='word_1_112' title='bbox 1166 1675 1418 1756; x_wconf 90' lang='lat' dir='ltr'>positus</span> <span class='ocrx_word' id='word_1_113' title='bbox 1461 1678 1554 1737; x_wconf 87' lang='lat' dir='ltr'>est</span> <span class='ocrx_word' id='word_1_114' title='bbox 1597 1672 1660 1736; x_wconf 84' lang='lat' dir='ltr'><strong><em>V</em></strong></span> <span class='ocrx_word' id='word_1_115' title='bbox 1685 1675 1846 1736; x_wconf 86' lang='grc'><strong><em>3575</em></strong></span> <span class='ocrx_word' id='word_1_116' title='bbox 1888 1675 1928 1735; x_wconf 90' lang='lat' dir='ltr'>t.</span> <span class='ocrx_word' id='word_1_117' title='bbox 1978 1669 2372 1735; x_wconf 75' lang='lat' dir='ltr'>Veronensis.</span> 
     </span>
    </p>

    <p class='ocr_par' dir='ltr' id='par_1_4' title="bbox 500 1771 3203 2168">
     <span class='ocr_line' id='line_1_12' title="bbox 500 1771 3203 1858; baseline 0 -18"><span class='ocrx_word' id='word_1_118' title='bbox 500 1776 664 1840; x_wconf 83' lang='lat'>1074</span> <span class='ocrx_word' id='word_1_119' title='bbox 711 1775 1053 1842; x_wconf 81' lang='lat' dir='ltr'>Cornelius</span> <span class='ocrx_word' id='word_1_120' title='bbox 1098 1775 1409 1858; x_wconf 90' lang='lat' dir='ltr'>Bocchus,</span> <span class='ocrx_word' id='word_1_121' title='bbox 1458 1786 1684 1840; x_wconf 91' lang='lat' dir='ltr'>auctor</span> <span class='ocrx_word' id='word_1_122' title='bbox 1728 1772 1925 1839; x_wconf 90' lang='lat' dir='ltr'>Plinii</span> <span class='ocrx_word' id='word_1_123' title='bbox 1973 1771 2151 1837; x_wconf 88' lang='lat' dir='ltr'>Plin.</span> <span class='ocrx_word' id='word_1_124' title='bbox 2188 1794 2252 1837; x_wconf 92' lang='lat' dir='ltr'>n.</span> <span class='ocrx_word' id='word_1_125' title='bbox 2290 1772 2352 1837; x_wconf 77' lang='lat' dir='ltr'><strong>h.</strong></span> <span class='ocrx_word' id='word_1_126' title='bbox 2391 1772 2524 1837; x_wconf 84' lang='lat' dir='ltr'>ind.</span> <span class='ocrx_word' id='word_1_127' title='bbox 2567 1772 2605 1836; x_wconf 90' lang='lat' dir='ltr'>l.</span> <span class='ocrx_word' id='word_1_128' title='bbox 2652 1778 2751 1839; x_wconf 84' lang='lat'>16.</span> <span class='ocrx_word' id='word_1_129' title='bbox 2794 1778 2898 1838; x_wconf 88' lang='grc'>33.</span> <span class='ocrx_word' id='word_1_130' title='bbox 2947 1778 3047 1840; x_wconf 87' lang='grc'>34.</span> <span class='ocrx_word' id='word_1_131' title='bbox 3089 1780 3177 1840; x_wconf 88' lang='grc'>37</span> <span class='ocrx_word' id='word_1_132' title='bbox 3184 1797 3203 1854; x_wconf 95' lang='grc'>,·</span> 
     </span>
     <span class='ocr_line' id='line_1_13' title="bbox 625 1876 3203 1964; baseline -0 -21"><span class='ocrx_word' id='word_1_133' title='bbox 625 1880 865 1943; x_wconf 88' lang='lat' dir='ltr'>citatur</span> <span class='ocrx_word' id='word_1_134' title='bbox 896 1879 977 1943; x_wconf 89' lang='lat' dir='ltr'>de</span> <span class='ocrx_word' id='word_1_135' title='bbox 1023 1877 1218 1943; x_wconf 87' lang='lat' dir='ltr'>rebus</span> <span class='ocrx_word' id='word_1_136' title='bbox 1249 1878 1610 1964; x_wconf 83' lang='lat' dir='ltr'>Hispaniae</span> <span class='ocrx_word' id='word_1_137' title='bbox 1639 1876 1769 1942; x_wconf 81' lang='lat' dir='ltr'>ibd.</span> <span class='ocrx_word' id='word_1_138' title='bbox 1799 1880 1899 1952; x_wconf 88' lang='grc'>16,</span> <span class='ocrx_word' id='word_1_139' title='bbox 1931 1880 2063 1941; x_wconf 90' lang='grc'>216</span> <span class='ocrx_word' id='word_1_140' title='bbox 2076 1896 2097 1953; x_wconf 95' lang='grc'>,·</span> <span class='ocrx_word' id='word_1_141' title='bbox 2138 1880 2238 1951; x_wconf 92' lang='grc'>37,</span> <span class='ocrx_word' id='word_1_142' title='bbox 2272 1880 2376 1941; x_wconf 90' lang='grc'>24.</span> <span class='ocrx_word' id='word_1_143' title='bbox 2408 1879 2507 1941; x_wconf 90' lang='grc'>97.</span> <span class='ocrx_word' id='word_1_144' title='bbox 2538 1880 2683 1941; x_wconf 88' lang='grc'><strong><em>127.</em></strong></span> <span class='ocrx_word' id='word_1_145' title='bbox 2752 1876 2931 1941; x_wconf 80' lang='lat' dir='ltr'>Idem</span> <span class='ocrx_word' id='word_1_146' title='bbox 2958 1877 3203 1943; x_wconf 84' lang='lat' dir='ltr'>videtur</span> 
     </span>
     <span class='ocr_line' id='line_1_14' title="bbox 625 1977 3201 2068; baseline 0 -21"><span class='ocrx_word' id='word_1_147' title='bbox 625 1982 940 2065; x_wconf 86' lang='lat' dir='ltr'>Bocchus,</span> <span class='ocrx_word' id='word_1_148' title='bbox 989 2004 1073 2046; x_wconf 87' lang='lat' dir='ltr'>ex</span> <span class='ocrx_word' id='word_1_149' title='bbox 1101 2003 1229 2068; x_wconf 91' lang='lat' dir='ltr'>quo</span> <span class='ocrx_word' id='word_1_150' title='bbox 1260 1980 1716 2064; x_wconf 87' lang='lat' dir='ltr'>chronologica</span> <span class='ocrx_word' id='word_1_151' title='bbox 1748 1979 2069 2066; x_wconf 83' lang='lat' dir='ltr'>quaedam</span> <span class='ocrx_word' id='word_1_152' title='bbox 2109 1977 2328 2042; x_wconf 89' lang='lat' dir='ltr'>hausit</span> <span class='ocrx_word' id='word_1_153' title='bbox 2357 1977 2619 2044; x_wconf 80' lang='lat' dir='ltr'>Solinus</span> <span class='ocrx_word' id='word_1_154' title='bbox 2646 1983 2704 2055; x_wconf 91' lang='lat'><strong><em>1,</em></strong></span> <span class='ocrx_word' id='word_1_155' title='bbox 2734 1984 2816 2044; x_wconf 85' lang='lat'>97</span> <span class='ocrx_word' id='word_1_156' title='bbox 2828 2000 2849 2057; x_wconf 94' lang='grc'>,·</span> <span class='ocrx_word' id='word_1_157' title='bbox 2877 1986 2942 2058; x_wconf 84' lang='grc'>2,</span> <span class='ocrx_word' id='word_1_158' title='bbox 2966 1985 3066 2046; x_wconf 92' lang='grc'>11.</span> <span class='ocrx_word' id='word_1_159' title='bbox 3099 1986 3201 2047; x_wconf 94' lang='grc'>18.</span> 
     </span>
     <span class='ocr_line' id='line_1_15' title="bbox 624 2082 1049 2168; baseline -0.002 -19"><span class='ocrx_word' id='word_1_160' title='bbox 624 2082 722 2168; x_wconf 78' lang='lat' dir='ltr'>Cf.</span> <span class='ocrx_word' id='word_1_161' title='bbox 767 2105 832 2149; x_wconf 84' lang='lat' dir='ltr'>n.</span> <span class='ocrx_word' id='word_1_162' title='bbox 867 2088 1049 2149; x_wconf 88' lang='grc'><strong><em>1075.</em></strong></span> 
     </span>
    </p>

    <p class='ocr_par' dir='ltr' id='par_1_5' title="bbox 497 2184 3204 2679">
     <span class='ocr_line' id='line_1_16' title="bbox 497 2184 3203 2269; baseline 0 -17"><span class='ocrx_word' id='word_1_163' title='bbox 497 2188 662 2253; x_wconf 86' lang='grc'><strong><em>1075</em></strong></span> <span class='ocrx_word' id='word_1_164' title='bbox 708 2188 785 2253; x_wconf 92' lang='lat' dir='ltr'>L.</span> <span class='ocrx_word' id='word_1_165' title='bbox 820 2186 1159 2253; x_wconf 83' lang='lat' dir='ltr'>Cornelius</span> <span class='ocrx_word' id='word_1_166' title='bbox 1191 2185 1507 2251; x_wconf 90' lang='lat' dir='ltr'>Bocchus.</span> <span class='ocrx_word' id='word_1_167' title='bbox 1583 2184 1784 2250; x_wconf 81' lang='lat' dir='ltr'>Tituli</span> <span class='ocrx_word' id='word_1_168' title='bbox 1828 2185 1889 2248; x_wconf 89' lang='lat' dir='ltr'>ei</span> <span class='ocrx_word' id='word_1_169' title='bbox 1915 2184 2121 2266; x_wconf 85' lang='lat' dir='ltr'>positi</span> <span class='ocrx_word' id='word_1_170' title='bbox 2155 2187 2303 2247; x_wconf 88' lang='lat' dir='ltr'>sunt</span> <span class='ocrx_word' id='word_1_171' title='bbox 2330 2184 2635 2248; x_wconf 64' lang='lat' dir='ltr'>laisitani</span> <span class='ocrx_word' id='word_1_172' title='bbox 2659 2184 2752 2249; x_wconf 92' lang='lat' dir='ltr'>II</span> <span class='ocrx_word' id='word_1_173' title='bbox 2768 2188 2849 2250; x_wconf 87' lang='grc'><strong><em>35</em></strong></span> <span class='ocrx_word' id='word_1_174' title='bbox 2879 2185 2969 2269; x_wconf 91' lang='grc'>(1)</span> <span class='ocrx_word' id='word_1_175' title='bbox 3009 2186 3203 2253; x_wconf 81' lang='lat' dir='ltr'>Sala-</span> 
     </span>
     <span class='ocr_line' id='line_1_17' title="bbox 626 2283 3204 2369; baseline 0 -14"><span class='ocrx_word' id='word_1_176' title='bbox 626 2291 869 2367; x_wconf 87' lang='lat' dir='ltr'>ciensis,</span> <span class='ocrx_word' id='word_1_177' title='bbox 915 2290 1008 2356; x_wconf 93' lang='lat' dir='ltr'>II</span> <span class='ocrx_word' id='word_1_178' title='bbox 1042 2290 1112 2356; x_wconf 79' lang='lat' dir='ltr'><strong>S.</strong></span> <span class='ocrx_word' id='word_1_179' title='bbox 1156 2293 1321 2355; x_wconf 89' lang='grc'><strong><em>5184</em></strong></span> <span class='ocrx_word' id='word_1_180' title='bbox 1359 2287 1450 2369; x_wconf 89' lang='grc'><strong><em>(2)</em></strong></span> <span class='ocrx_word' id='word_1_181' title='bbox 1498 2283 2021 2369; x_wconf 70' lang='lat' dir='ltr'>Caetobriyensis.</span> <span class='ocrx_word' id='word_1_182' title='bbox 2056 2321 2133 2330; x_wconf 93' lang='lat'>—</span> <span class='ocrx_word' id='word_1_183' title='bbox 2182 2286 2258 2352; x_wconf 89' lang='lat' dir='ltr'>L.</span> <span class='ocrx_word' id='word_1_184' title='bbox 2308 2285 2649 2352; x_wconf 86' lang='lat' dir='ltr'>Cornelius</span> <span class='ocrx_word' id='word_1_185' title='bbox 2695 2285 2769 2357; x_wconf 78' lang='lat' dir='ltr'><strong>O.</strong></span> <span class='ocrx_word' id='word_1_186' title='bbox 2816 2287 2859 2352; x_wconf 89' lang='lat' dir='ltr'><strong>f.</strong></span> <span class='ocrx_word' id='word_1_187' title='bbox 2905 2289 3204 2356; x_wconf 88' lang='lat' dir='ltr'>Bocchus</span> 
     </span>
     <span class='ocr_line' id='line_1_18' title="bbox 625 2388 3203 2478; baseline 0 -21"><span class='ocrx_word' id='word_1_188' title='bbox 625 2398 666 2462; x_wconf 91' lang='lat' dir='ltr'>t.</span> <span class='ocrx_word' id='word_1_189' title='bbox 714 2399 784 2471; x_wconf 88' lang='lat'><strong><em>1,</em></strong></span> <span class='ocrx_word' id='word_1_190' title='bbox 849 2393 946 2476; x_wconf 90' lang='lat' dir='ltr'>[L.</span> <span class='ocrx_word' id='word_1_191' title='bbox 995 2391 1362 2476; x_wconf 86' lang='lat' dir='ltr'>C]ornelius</span> <span class='ocrx_word' id='word_1_192' title='bbox 1411 2390 1484 2456; x_wconf 81' lang='lat' dir='ltr'><strong>O.</strong></span> <span class='ocrx_word' id='word_1_193' title='bbox 1530 2392 1575 2458; x_wconf 89' lang='lat' dir='ltr'><strong>f.</strong></span> <span class='ocrx_word' id='word_1_194' title='bbox 1623 2389 1936 2473; x_wconf 80' lang='lat' dir='ltr'>(traditur</span> <span class='ocrx_word' id='word_1_195' title='bbox 1979 2389 2056 2453; x_wconf 90' lang='lat' dir='ltr'>L.</span> <span class='ocrx_word' id='word_1_196' title='bbox 2103 2388 2176 2470; x_wconf 87' lang='lat' dir='ltr'>f.)</span> <span class='ocrx_word' id='word_1_197' title='bbox 2221 2388 2520 2453; x_wconf 91' lang='lat' dir='ltr'>Bocchus</span> <span class='ocrx_word' id='word_1_198' title='bbox 2566 2394 2608 2453; x_wconf 91' lang='lat' dir='ltr'>t.</span> <span class='ocrx_word' id='word_1_199' title='bbox 2653 2394 2736 2468; x_wconf 89' lang='grc'>2,·</span> <span class='ocrx_word' id='word_1_200' title='bbox 2778 2389 3012 2455; x_wconf 89' lang='lat' dir='ltr'>flamen</span> <span class='ocrx_word' id='word_1_201' title='bbox 3059 2414 3203 2478; x_wconf 89' lang='lat' dir='ltr'>pro-</span> 
     </span>
     <span class='ocr_line' id='line_1_19' title="bbox 620 2491 3203 2578; baseline 0.001 -19"><span class='ocrx_word' id='word_1_202' title='bbox 620 2497 874 2561; x_wconf 86' lang='lat' dir='ltr'>vinciae</span> <span class='ocrx_word' id='word_1_203' title='bbox 932 2496 1378 2578; x_wconf 83' lang='lat' dir='ltr'>(Lusitaniae),</span> <span class='ocrx_word' id='word_1_204' title='bbox 1439 2495 1740 2560; x_wconf 88' lang='lat' dir='ltr'>tribunus</span> <span class='ocrx_word' id='word_1_205' title='bbox 1803 2491 2079 2556; x_wconf 87' lang='lat' dir='ltr'>militum</span> <span class='ocrx_word' id='word_1_206' title='bbox 2124 2496 2166 2559; x_wconf 80' lang='lat' dir='ltr'>t.</span> <span class='ocrx_word' id='word_1_207' title='bbox 2208 2497 2266 2555; x_wconf 90' lang='lat'><strong>1.</strong></span> <span class='ocrx_word' id='word_1_208' title='bbox 2314 2496 2360 2556; x_wconf 90' lang='grc'><strong><em>2</em></strong></span> <span class='ocrx_word' id='word_1_209' title='bbox 2402 2491 2674 2575; x_wconf 87' lang='lat' dir='ltr'>legionis</span> <span class='ocrx_word' id='word_1_210' title='bbox 2719 2493 2821 2558; x_wconf 94' lang='lat' dir='ltr'>III</span> <span class='ocrx_word' id='word_1_211' title='bbox 2865 2494 3203 2578; x_wconf 86' lang='lat' dir='ltr'>Augustae</span> 
     </span>
     <span class='ocr_line' id='line_1_20' title="bbox 625 2594 3201 2679; baseline 0.001 -17"><span class='ocrx_word' id='word_1_212' title='bbox 625 2603 667 2663; x_wconf 89' lang='lat' dir='ltr'>t.</span> <span class='ocrx_word' id='word_1_213' title='bbox 698 2604 765 2665; x_wconf 88' lang='grc'>2.</span> <span class='ocrx_word' id='word_1_214' title='bbox 803 2635 883 2645; x_wconf 93' lang='grc'>-</span> <span class='ocrx_word' id='word_1_215' title='bbox 932 2597 1041 2662; x_wconf 88' lang='lat' dir='ltr'>Vel</span> <span class='ocrx_word' id='word_1_216' title='bbox 1081 2597 1248 2663; x_wconf 81' lang='lat' dir='ltr'>idem</span> <span class='ocrx_word' id='word_1_217' title='bbox 1293 2602 1476 2679; x_wconf 80' lang='lat' dir='ltr'>atque</span> <span class='ocrx_word' id='word_1_218' title='bbox 1509 2601 1728 2661; x_wconf 80' lang='lat' dir='ltr'>auctor</span> <span class='ocrx_word' id='word_1_219' title='bbox 1757 2594 1973 2659; x_wconf 85' lang='lat' dir='ltr'>Plinii</span> <span class='ocrx_word' id='word_1_220' title='bbox 2006 2594 2102 2658; x_wconf 85' lang='lat' dir='ltr'>vel</span> <span class='ocrx_word' id='word_1_221' title='bbox 2130 2594 2471 2677; x_wconf 72' lang='lat' dir='ltr'>parentela</span> <span class='ocrx_word' id='word_1_222' title='bbox 2516 2615 2655 2658; x_wconf 85' lang='lat' dir='ltr'>cum</span> <span class='ocrx_word' id='word_1_223' title='bbox 2700 2616 2770 2659; x_wconf 87' lang='lat' dir='ltr'>eo</span> <span class='ocrx_word' id='word_1_224' title='bbox 2814 2599 3201 2672; x_wconf 82' lang='lat' dir='ltr'>coniunctus,</span> 
     </span>
    </p>

    <p class='ocr_par' dir='ltr' id='par_1_6' title="bbox 496 2696 3208 2887">
     <span class='ocr_line' id='line_1_21' title="bbox 496 2696 3208 2783; baseline 0.001 -18"><span class='ocrx_word' id='word_1_225' title='bbox 496 2701 664 2766; x_wconf 78' lang='lat'>1076</span> <span class='ocrx_word' id='word_1_226' title='bbox 708 2710 773 2765; x_wconf 89' lang='lat' dir='ltr'>G.</span> <span class='ocrx_word' id='word_1_227' title='bbox 836 2700 1365 2783; x_wconf 80' lang='lat' dir='ltr'>c(oRNEL1vs?)</span> <span class='ocrx_word' id='word_1_228' title='bbox 1430 2709 1636 2764; x_wconf 88' lang='lat' dir='ltr'><strong>CALP.</strong></span> <span class='ocrx_word' id='word_1_229' title='bbox 1695 2705 2053 2777; x_wconf 82' lang='lat' dir='ltr'><strong><em>RVFINVS,</em></strong></span> <span class='ocrx_word' id='word_1_230' title='bbox 2124 2698 2228 2759; x_wconf 84' lang='lat' dir='ltr'>vir</span> <span class='ocrx_word' id='word_1_231' title='bbox 2289 2696 2681 2762; x_wconf 86' lang='lat' dir='ltr'>clarissimus</span> <span class='ocrx_word' id='word_1_232' title='bbox 2739 2698 2831 2763; x_wconf 92' lang='lat' dir='ltr'>II</span> <span class='ocrx_word' id='word_1_233' title='bbox 2880 2704 3050 2767; x_wconf 88' lang='grc'><strong><em>2395</em></strong></span> <span class='ocrx_word' id='word_1_234' title='bbox 3067 2703 3208 2767; x_wconf 84' lang='lat' dir='ltr'>a-cl</span> 
     </span>
     <span class='ocr_line' id='line_1_22' title="bbox 629 2801 1809 2887; baseline -0.002 -18"><span class='ocrx_word' id='word_1_235' title='bbox 629 2809 670 2869; x_wconf 88' lang='lat' dir='ltr'>t.</span> <span class='ocrx_word' id='word_1_236' title='bbox 716 2804 1087 2887; x_wconf 87' lang='lat' dir='ltr'>interpolati</span> <span class='ocrx_word' id='word_1_237' title='bbox 1129 2808 1188 2868; x_wconf 90' lang='lat' dir='ltr'>et</span> <span class='ocrx_word' id='word_1_238' title='bbox 1232 2803 1514 2867; x_wconf 88' lang='lat' dir='ltr'>lectionis</span> <span class='ocrx_word' id='word_1_239' title='bbox 1560 2801 1809 2867; x_wconf 82' lang='lat' dir='ltr'>dubiae.</span> 
     </span>
    </p>

    <p class='ocr_par' dir='ltr' id='par_1_7' title="bbox 500 2900 3200 3093">
     <span class='ocr_line' id='line_1_23' title="bbox 500 2900 3200 2992; baseline 0 -20"><span class='ocrx_word' id='word_1_240' title='bbox 500 2907 663 2972; x_wconf 88' lang='grc'><strong><em>1077</em></strong></span> <span class='ocrx_word' id='word_1_241' title='bbox 711 2906 1050 2973; x_wconf 83' lang='lat' dir='ltr'>Cornelius</span> <span class='ocrx_word' id='word_1_242' title='bbox 1083 2904 1508 2992; x_wconf 87' lang='lat' dir='ltr'>Capitolinus,</span> <span class='ocrx_word' id='word_1_243' title='bbox 1550 2926 1768 2969; x_wconf 89' lang='lat' dir='ltr'>rerum</span> <span class='ocrx_word' id='word_1_244' title='bbox 1814 2904 2094 2988; x_wconf 80' lang='lat' dir='ltr'>scriptor</span> <span class='ocrx_word' id='word_1_245' title='bbox 2132 2901 2215 2966; x_wconf 90' lang='lat' dir='ltr'>de</span> <span class='ocrx_word' id='word_1_246' title='bbox 2245 2900 2537 2967; x_wconf 90' lang='lat' dir='ltr'>Zenobia</span> <span class='ocrx_word' id='word_1_247' title='bbox 2581 2901 2885 2968; x_wconf 88' lang='lat' dir='ltr'>laudatur</span> <span class='ocrx_word' id='word_1_248' title='bbox 2912 2904 3021 2973; x_wconf 69' lang='lat' dir='ltr'>vit.</span> <span class='ocrx_word' id='word_1_249' title='bbox 3055 2906 3200 2989; x_wconf 78' lang='lat' dir='ltr'>triy.</span> 
     </span>
     <span class='ocr_line' id='line_1_24' title="bbox 625 3014 968 3093; baseline -0.003 -19"><span class='ocrx_word' id='word_1_250' title='bbox 625 3015 745 3093; x_wconf 75' lang='lat' dir='ltr'>tyr.</span> <span class='ocrx_word' id='word_1_251' title='bbox 775 3015 874 3087; x_wconf 92' lang='grc'>15,</span> <span class='ocrx_word' id='word_1_252' title='bbox 906 3014 968 3074; x_wconf 95' lang='grc'>8.</span> 
     </span>
    </p>

    <p class='ocr_par' dir='ltr' id='par_1_8' title="bbox 499 3108 3215 4736">
     <span class='ocr_line' id='line_1_25' title="bbox 499 3108 3206 3192; baseline -0.001 -15"><span class='ocrx_word' id='word_1_253' title='bbox 499 3113 665 3178; x_wconf 88' lang='grc'><strong><em>1078</em></strong></span> <span class='ocrx_word' id='word_1_254' title='bbox 711 3112 792 3179; x_wconf 92' lang='grc' dir='ltr'>Α.</span> <span class='ocrx_word' id='word_1_255' title='bbox 827 3112 1165 3178; x_wconf 86' lang='lat' dir='ltr'>Cornelius</span> <span class='ocrx_word' id='word_1_256' title='bbox 1187 3110 1449 3186; x_wconf 77' lang='lat' dir='ltr'>Celsus.</span> <span class='ocrx_word' id='word_1_257' title='bbox 1519 3110 1630 3176; x_wconf 82' lang='lat' dir='ltr'>Sic</span> <span class='ocrx_word' id='word_1_258' title='bbox 1662 3108 1853 3192; x_wconf 80' lang='lat' dir='ltr'>plene</span> <span class='ocrx_word' id='word_1_259' title='bbox 1895 3109 1966 3172; x_wconf 87' lang='lat' dir='ltr'>in</span> <span class='ocrx_word' id='word_1_260' title='bbox 2010 3108 2528 3191; x_wconf 76' lang='lat' dir='ltr'>inscriptionibus</span> <span class='ocrx_word' id='word_1_261' title='bbox 2572 3108 2879 3173; x_wconf 84' lang='lat' dir='ltr'>librorum</span> <span class='ocrx_word' id='word_1_262' title='bbox 2910 3109 2984 3174; x_wconf 84' lang='lat' dir='ltr'>de</span> <span class='ocrx_word' id='word_1_263' title='bbox 3012 3110 3206 3174; x_wconf 79' lang='lat' dir='ltr'>medi-</span> 
     </span>
     <span class='ocr_line' id='line_1_26' title="bbox 628 3210 3206 3294; baseline 0 -17"><span class='ocrx_word' id='word_1_264' title='bbox 628 3217 793 3292; x_wconf 83' lang='lat' dir='ltr'>cina,</span> <span class='ocrx_word' id='word_1_265' title='bbox 841 3214 1180 3281; x_wconf 87' lang='lat' dir='ltr'>Cornelius</span> <span class='ocrx_word' id='word_1_266' title='bbox 1214 3213 1439 3279; x_wconf 85' lang='lat' dir='ltr'>Celsus</span> <span class='ocrx_word' id='word_1_267' title='bbox 1483 3214 1612 3275; x_wconf 80' lang='lat' dir='ltr'>sive</span> <span class='ocrx_word' id='word_1_268' title='bbox 1641 3210 1872 3277; x_wconf 82' lang='lat' dir='ltr'>Celsus</span> <span class='ocrx_word' id='word_1_269' title='bbox 1903 3211 2079 3294; x_wconf 83' lang='lat' dir='ltr'>apud</span> <span class='ocrx_word' id='word_1_270' title='bbox 2113 3213 2469 3293; x_wconf 57' lang='lat' dir='ltr'>scriptore&amp;</span> <span class='ocrx_word' id='word_1_271' title='bbox 2539 3210 2909 3277; x_wconf 86' lang='lat' dir='ltr'>Cornelium</span> <span class='ocrx_word' id='word_1_272' title='bbox 2942 3211 3206 3278; x_wconf 84' lang='lat' dir='ltr'>Celsum</span> 
     </span>
     <span class='ocr_line' id='line_1_27' title="bbox 627 3313 3206 3397; baseline -0 -16"><span class='ocrx_word' id='word_1_273' title='bbox 627 3328 692 3382; x_wconf 87' lang='lat' dir='ltr'>et</span> <span class='ocrx_word' id='word_1_274' title='bbox 748 3317 992 3383; x_wconf 89' lang='lat' dir='ltr'>Iulium</span> <span class='ocrx_word' id='word_1_275' title='bbox 1051 3317 1340 3382; x_wconf 88' lang='lat' dir='ltr'>Atticum</span> <span class='ocrx_word' id='word_1_276' title='bbox 1405 3325 1701 3381; x_wconf 81' lang='lat' dir='ltr'>auctores</span> <span class='ocrx_word' id='word_1_277' title='bbox 1772 3316 2000 3378; x_wconf 87' lang='lat' dir='ltr'>aetatis</span> <span class='ocrx_word' id='word_1_278' title='bbox 2068 3336 2225 3379; x_wconf 89' lang='lat' dir='ltr'>suae</span> <span class='ocrx_word' id='word_1_279' title='bbox 2282 3313 2439 3378; x_wconf 85' lang='lat' dir='ltr'>dicit</span> <span class='ocrx_word' id='word_1_280' title='bbox 2491 3313 2839 3379; x_wconf 81' lang='lat' dir='ltr'>Columella</span> <span class='ocrx_word' id='word_1_281' title='bbox 2879 3321 2937 3397; x_wconf 88' lang='lat'><strong><em>1,</em></strong></span> <span class='ocrx_word' id='word_1_282' title='bbox 2983 3321 3042 3393; x_wconf 90' lang='lat'><strong><em>1,</em></strong></span> <span class='ocrx_word' id='word_1_283' title='bbox 3091 3320 3172 3380; x_wconf 88' lang='grc'>14</span> <span class='ocrx_word' id='word_1_284' title='bbox 3186 3337 3206 3395; x_wconf 90' lang='grc'><em>;</em></span> 
     </span>
     <span class='ocr_line' id='line_1_28' title="bbox 627 3415 3211 3505; baseline 0 -21"><span class='ocrx_word' id='word_1_285' title='bbox 627 3426 686 3497; x_wconf 89' lang='grc'>3,</span> <span class='ocrx_word' id='word_1_286' title='bbox 733 3425 833 3497; x_wconf 91' lang='grc'>17,</span> <span class='ocrx_word' id='word_1_287' title='bbox 880 3427 955 3499; x_wconf 91' lang='grc'>4,·</span> <span class='ocrx_word' id='word_1_288' title='bbox 997 3426 1055 3497; x_wconf 88' lang='grc'><strong><em>4,</em></strong></span> <span class='ocrx_word' id='word_1_289' title='bbox 1099 3425 1159 3497; x_wconf 93' lang='grc'>8,</span> <span class='ocrx_word' id='word_1_290' title='bbox 1208 3426 1284 3497; x_wconf 90' lang='grc'>1;</span> <span class='ocrx_word' id='word_1_291' title='bbox 1330 3418 1587 3503; x_wconf 87' lang='lat' dir='ltr'>(Iulius)</span> <span class='ocrx_word' id='word_1_292' title='bbox 1622 3417 1985 3483; x_wconf 85' lang='lat' dir='ltr'>Graecinus</span> <span class='ocrx_word' id='word_1_293' title='bbox 2032 3416 2171 3502; x_wconf 92' lang='lat' dir='ltr'>(qui</span> <span class='ocrx_word' id='word_1_294' title='bbox 2218 3439 2258 3481; x_wconf 88' lang='lat' dir='ltr'>a</span> <span class='ocrx_word' id='word_1_295' title='bbox 2302 3415 2601 3500; x_wconf 83' lang='lat' dir='ltr'>Caligula</span> <span class='ocrx_word' id='word_1_296' title='bbox 2644 3419 3067 3505; x_wconf 88' lang='lat' dir='ltr'>interemptus</span> <span class='ocrx_word' id='word_1_297' title='bbox 3115 3429 3211 3484; x_wconf 87' lang='lat' dir='ltr'>est</span> 
     </span>
     <span class='ocr_line' id='line_1_29' title="bbox 637 3519 3209 3607; baseline 0 -20"><span class='ocrx_word' id='word_1_298' title='bbox 637 3523 786 3587; x_wconf 83' lang='lat' dir='ltr'>Tae.</span> <span class='ocrx_word' id='word_1_299' title='bbox 815 3523 1125 3607; x_wconf 74' lang='lat' dir='ltr'>Ayricola</span> <span class='ocrx_word' id='word_1_300' title='bbox 1152 3525 1218 3605; x_wconf 87' lang='grc'><strong><em>4)</em></strong></span> <span class='ocrx_word' id='word_1_301' title='bbox 1249 3521 1512 3587; x_wconf 86' lang='lat' dir='ltr'>Celsum</span> <span class='ocrx_word' id='word_1_302' title='bbox 1543 3520 1951 3605; x_wconf 84' lang='lat' dir='ltr'>transcripsit</span> <span class='ocrx_word' id='word_1_303' title='bbox 1977 3519 2157 3584; x_wconf 86' lang='lat' dir='ltr'>Plin.</span> <span class='ocrx_word' id='word_1_304' title='bbox 2189 3541 2250 3583; x_wconf 90' lang='lat' dir='ltr'>n.</span> <span class='ocrx_word' id='word_1_305' title='bbox 2284 3519 2343 3583; x_wconf 78' lang='lat' dir='ltr'><strong>h.</strong></span> <span class='ocrx_word' id='word_1_306' title='bbox 2362 3524 2474 3596; x_wconf 82' lang='grc'><strong><em>-14,</em></strong></span> <span class='ocrx_word' id='word_1_307' title='bbox 2505 3524 2601 3602; x_wconf 88' lang='grc'>33,</span> <span class='ocrx_word' id='word_1_308' title='bbox 2639 3520 2875 3586; x_wconf 77' lang='lat' dir='ltr'>scilicet</span> <span class='ocrx_word' id='word_1_309' title='bbox 2907 3521 3105 3586; x_wconf 82' lang='lat' dir='ltr'>libros</span> <span class='ocrx_word' id='word_1_310' title='bbox 3134 3522 3209 3587; x_wconf 79' lang='lat' dir='ltr'>de</span> 
     </span>
     <span class='ocr_line' id='line_1_30' title="bbox 629 3619 3209 3709; baseline 0 -20"><span class='ocrx_word' id='word_1_311' title='bbox 629 3626 1026 3709; x_wconf 73' lang='lat' dir='ltr'>ayricultura</span> <span class='ocrx_word' id='word_1_312' title='bbox 1083 3627 1391 3707; x_wconf 81' lang='lat' dir='ltr'>confectos</span> <span class='ocrx_word' id='word_1_313' title='bbox 1451 3628 1613 3688; x_wconf 89' lang='lat' dir='ltr'>certe</span> <span class='ocrx_word' id='word_1_314' title='bbox 1672 3626 1878 3688; x_wconf 82' lang='lat' dir='ltr'>aetate</span> <span class='ocrx_word' id='word_1_315' title='bbox 1931 3622 2191 3687; x_wconf 84' lang='lat' dir='ltr'>Tiberii.</span> <span class='ocrx_word' id='word_1_316' title='bbox 2283 3621 2421 3689; x_wconf 91' lang='lat' dir='ltr'>Sub</span> <span class='ocrx_word' id='word_1_317' title='bbox 2473 3623 2732 3686; x_wconf 88' lang='lat' dir='ltr'>Nerone</span> <span class='ocrx_word' id='word_1_318' title='bbox 2777 3619 2977 3702; x_wconf 84' lang='lat' dir='ltr'>(circa</span> <span class='ocrx_word' id='word_1_319' title='bbox 3021 3646 3081 3689; x_wconf 92' lang='lat' dir='ltr'>a.</span> <span class='ocrx_word' id='word_1_320' title='bbox 3130 3629 3209 3689; x_wconf 87' lang='lat'>61</span> 
     </span>
     <span class='ocr_line' id='line_1_31' title="bbox 627 3723 3209 3818; baseline 0.001 -28"><span class='ocrx_word' id='word_1_321' title='bbox 627 3729 724 3792; x_wconf 87' lang='lat' dir='ltr'>vel</span> <span class='ocrx_word' id='word_1_322' title='bbox 753 3733 1005 3818; x_wconf 85' lang='lat' dir='ltr'>postea)</span> <span class='ocrx_word' id='word_1_323' title='bbox 1051 3728 1289 3794; x_wconf 92' lang='lat' dir='ltr'>librum</span> <span class='ocrx_word' id='word_1_324' title='bbox 1330 3726 1726 3810; x_wconf 86' lang='lat' dir='ltr'>singularem</span> <span class='ocrx_word' id='word_1_325' title='bbox 1758 3724 1840 3789; x_wconf 89' lang='lat' dir='ltr'>de</span> <span class='ocrx_word' id='word_1_326' title='bbox 1885 3726 2134 3790; x_wconf 89' lang='lat' dir='ltr'>ratione</span> <span class='ocrx_word' id='word_1_327' title='bbox 2179 3723 2331 3789; x_wconf 91' lang='lat' dir='ltr'>belli</span> <span class='ocrx_word' id='word_1_328' title='bbox 2366 3735 2591 3789; x_wconf 88' lang='lat' dir='ltr'>contra</span> <span class='ocrx_word' id='word_1_329' title='bbox 2619 3725 2895 3790; x_wconf 87' lang='lat' dir='ltr'>Parthos</span> <span class='ocrx_word' id='word_1_330' title='bbox 2940 3727 3209 3810; x_wconf 89' lang='lat' dir='ltr'>gerendi</span> 
     </span>
     <span class='ocr_line' id='line_1_32' title="bbox 632 3827 3210 3916; baseline 0 -22"><span class='ocrx_word' id='word_1_331' title='bbox 632 3832 891 3916; x_wconf 84' lang='lat' dir='ltr'>scripsit</span> <span class='ocrx_word' id='word_1_332' title='bbox 931 3852 984 3896; x_wconf 86' lang='lat' dir='ltr'><strong>v.</strong></span> <span class='ocrx_word' id='word_1_333' title='bbox 1033 3831 1234 3913; x_wconf 80' lang='lat' dir='ltr'>infra.</span> <span class='ocrx_word' id='word_1_334' title='bbox 1325 3828 1668 3894; x_wconf 87' lang='lat' dir='ltr'>Cornelius</span> <span class='ocrx_word' id='word_1_335' title='bbox 1715 3827 1963 3910; x_wconf 79' lang='lat' dir='ltr'>CelsuS,</span> <span class='ocrx_word' id='word_1_336' title='bbox 2011 3827 2319 3891; x_wconf 89' lang='lat' dir='ltr'>mediocri</span> <span class='ocrx_word' id='word_1_337' title='bbox 2366 3829 2466 3891; x_wconf 86' lang='lat' dir='ltr'>vir</span> <span class='ocrx_word' id='word_1_338' title='bbox 2511 3829 2789 3911; x_wconf 86' lang='lat' dir='ltr'>ingenio,</span> <span class='ocrx_word' id='word_1_339' title='bbox 2827 3851 2957 3894; x_wconf 90' lang='lat' dir='ltr'>non</span> <span class='ocrx_word' id='word_1_340' title='bbox 3002 3829 3210 3894; x_wconf 90' lang='lat' dir='ltr'>solum</span> 
     </span>
     <span class='ocr_line' id='line_1_33' title="bbox 635 3930 3212 4018; baseline 0 -21"><span class='ocrx_word' id='word_1_341' title='bbox 635 3933 714 3998; x_wconf 90' lang='lat' dir='ltr'>de</span> <span class='ocrx_word' id='word_1_342' title='bbox 761 3933 860 3997; x_wconf 84' lang='lat' dir='ltr'>his</span> <span class='ocrx_word' id='word_1_343' title='bbox 908 3933 1205 3998; x_wconf 89' lang='lat' dir='ltr'>omnibus</span> <span class='ocrx_word' id='word_1_344' title='bbox 1250 3933 1631 4018; x_wconf 88' lang='lat' dir='ltr'>conscripsit</span> <span class='ocrx_word' id='word_1_345' title='bbox 1674 3931 1925 3996; x_wconf 87' lang='lat' dir='ltr'>artibus</span> <span class='ocrx_word' id='word_1_346' title='bbox 1972 3930 2235 4014; x_wconf 82' lang='lat' dir='ltr'>(scilicet</span> <span class='ocrx_word' id='word_1_347' title='bbox 2263 3951 2423 4013; x_wconf 80' lang='lat' dir='ltr'>quae</span> <span class='ocrx_word' id='word_1_348' title='bbox 2461 3931 2548 3995; x_wconf 79' lang='lat' dir='ltr'>ad</span> <span class='ocrx_word' id='word_1_349' title='bbox 2578 3931 2987 4015; x_wconf 78' lang='lat' dir='ltr'>philosophos</span> <span class='ocrx_word' id='word_1_350' title='bbox 3027 3938 3212 4015; x_wconf 80' lang='lat' dir='ltr'>atquc</span> 
     </span>
     <span class='ocr_line' id='line_1_34' title="bbox 636 4032 3213 4120; baseline -0.001 -18"><span class='ocrx_word' id='word_1_351' title='bbox 636 4042 917 4101; x_wconf 85' lang='lat' dir='ltr'>oratores</span> <span class='ocrx_word' id='word_1_352' title='bbox 946 4035 1312 4120; x_wconf 84' lang='lat' dir='ltr'>pertinent),</span> <span class='ocrx_word' id='word_1_353' title='bbox 1360 4035 1473 4100; x_wconf 89' lang='lat' dir='ltr'>sed</span> <span class='ocrx_word' id='word_1_354' title='bbox 1521 4033 1795 4119; x_wconf 88' lang='lat' dir='ltr'>amplius</span> <span class='ocrx_word' id='word_1_355' title='bbox 1840 4034 1930 4097; x_wconf 90' lang='lat' dir='ltr'>rei</span> <span class='ocrx_word' id='word_1_356' title='bbox 1979 4032 2274 4098; x_wconf 85' lang='lat' dir='ltr'>militaris</span> <span class='ocrx_word' id='word_1_357' title='bbox 2317 4043 2381 4098; x_wconf 89' lang='lat' dir='ltr'>et</span> <span class='ocrx_word' id='word_1_358' title='bbox 2423 4036 2701 4099; x_wconf 88' lang='lat' dir='ltr'>rusticae</span> <span class='ocrx_word' id='word_1_359' title='bbox 2747 4044 2811 4099; x_wconf 88' lang='lat' dir='ltr'>et</span> <span class='ocrx_word' id='word_1_360' title='bbox 2855 4034 3213 4100; x_wconf 88' lang='lat' dir='ltr'>medicinae</span> 
     </span>
     <span class='ocr_line' id='line_1_35' title="bbox 632 4135 3215 4226; baseline 0 -22"><span class='ocrx_word' id='word_1_361' title='bbox 632 4149 980 4226; x_wconf 87' lang='lat' dir='ltr'>praecepta</span> <span class='ocrx_word' id='word_1_362' title='bbox 1024 4138 1322 4225; x_wconf 89' lang='lat' dir='ltr'>reliquit,</span> <span class='ocrx_word' id='word_1_363' title='bbox 1385 4137 1622 4220; x_wconf 87' lang='lat' dir='ltr'>dignus</span> <span class='ocrx_word' id='word_1_364' title='bbox 1667 4135 1772 4200; x_wconf 88' lang='lat' dir='ltr'>vel</span> <span class='ocrx_word' id='word_1_365' title='bbox 1817 4139 1957 4222; x_wconf 89' lang='lat' dir='ltr'>ipso</span> <span class='ocrx_word' id='word_1_366' title='bbox 2006 4138 2368 4221; x_wconf 88' lang='lat' dir='ltr'>proposit0‚</span> <span class='ocrx_word' id='word_1_367' title='bbox 2432 4148 2505 4202; x_wconf 88' lang='lat' dir='ltr'>ut</span> <span class='ocrx_word' id='word_1_368' title='bbox 2559 4159 2708 4201; x_wconf 89' lang='lat' dir='ltr'>eum</span> <span class='ocrx_word' id='word_1_369' title='bbox 2753 4140 2951 4202; x_wconf 87' lang='lat' dir='ltr'>scisse</span> <span class='ocrx_word' id='word_1_370' title='bbox 2996 4142 3215 4205; x_wconf 89' lang='lat' dir='ltr'>omnia</span> 
     </span>
     <span class='ocr_line' id='line_1_36' title="bbox 637 4238 3213 4323; baseline 0 -17"><span class='ocrx_word' id='word_1_371' title='bbox 637 4242 743 4306; x_wconf 91' lang='lat' dir='ltr'>illa</span> <span class='ocrx_word' id='word_1_372' title='bbox 788 4242 1126 4307; x_wconf 89' lang='lat' dir='ltr'>credamus</span> <span class='ocrx_word' id='word_1_373' title='bbox 1163 4241 1425 4322; x_wconf 75' lang='lat' dir='ltr'>Quintil.</span> <span class='ocrx_word' id='word_1_374' title='bbox 1457 4242 1609 4305; x_wconf 88' lang='lat' dir='ltr'>inst.</span> <span class='ocrx_word' id='word_1_375' title='bbox 1639 4245 1744 4315; x_wconf 91' lang='grc'>12,</span> <span class='ocrx_word' id='word_1_376' title='bbox 1776 4245 1875 4316; x_wconf 93' lang='grc'>11,</span> <span class='ocrx_word' id='word_1_377' title='bbox 1909 4245 2014 4305; x_wconf 87' lang='grc'>24.</span> <span class='ocrx_word' id='word_1_378' title='bbox 2112 4239 2258 4302; x_wconf 89' lang='lat' dir='ltr'>Non</span> <span class='ocrx_word' id='word_1_379' title='bbox 2305 4239 2509 4303; x_wconf 91' lang='lat' dir='ltr'>solum</span> <span class='ocrx_word' id='word_1_380' title='bbox 2550 4238 3048 4323; x_wconf 73' lang='lat' dir='ltr'>agricolationiS,</span> <span class='ocrx_word' id='word_1_381' title='bbox 3098 4243 3213 4306; x_wconf 88' lang='lat' dir='ltr'>sed</span> 
     </span>
     <span class='ocr_line' id='line_1_37' title="bbox 637 4339 3215 4428; baseline -0 -18"><span class='ocrx_word' id='word_1_382' title='bbox 637 4347 976 4411; x_wconf 86' lang='lat' dir='ltr'>universae</span> <span class='ocrx_word' id='word_1_383' title='bbox 1036 4356 1308 4409; x_wconf 88' lang='lat' dir='ltr'>naturae</span> <span class='ocrx_word' id='word_1_384' title='bbox 1367 4342 1657 4428; x_wconf 89' lang='lat' dir='ltr'>prudens</span> <span class='ocrx_word' id='word_1_385' title='bbox 1712 4344 1819 4405; x_wconf 83' lang='lat' dir='ltr'>vir</span> <span class='ocrx_word' id='word_1_386' title='bbox 1878 4339 2005 4406; x_wconf 79' lang='lat' dir='ltr'>Col.</span> <span class='ocrx_word' id='word_1_387' title='bbox 2048 4344 2115 4418; x_wconf 89' lang='grc'>2,</span> <span class='ocrx_word' id='word_1_388' title='bbox 2159 4345 2224 4418; x_wconf 89' lang='grc'>2,</span> <span class='ocrx_word' id='word_1_389' title='bbox 2270 4345 2371 4407; x_wconf 86' lang='grc'>15.</span> <span class='ocrx_word' id='word_1_390' title='bbox 2463 4341 2691 4408; x_wconf 86' lang='lat' dir='ltr'>Celsus</span> <span class='ocrx_word' id='word_1_391' title='bbox 2737 4342 2936 4408; x_wconf 87' lang='lat' dir='ltr'>libros</span> <span class='ocrx_word' id='word_1_392' title='bbox 2981 4367 3129 4409; x_wconf 88' lang='lat' dir='ltr'>suos</span> <span class='ocrx_word' id='word_1_393' title='bbox 3176 4368 3215 4409; x_wconf 96' lang='lat' dir='ltr'>a</span> 
     </span>
     <span class='ocr_line' id='line_1_38' title="bbox 635 4443 3215 4513; baseline 0 -2"><span class='ocrx_word' id='word_1_394' title='bbox 635 4450 950 4513; x_wconf 84' lang='lat' dir='ltr'>varietate</span> <span class='ocrx_word' id='word_1_395' title='bbox 995 4469 1208 4512; x_wconf 90' lang='lat' dir='ltr'>rerum</span> <span class='ocrx_word' id='word_1_396' title='bbox 1254 4456 1460 4510; x_wconf 86' lang='lat' dir='ltr'>cestos</span> <span class='ocrx_word' id='word_1_397' title='bbox 1503 4446 1769 4508; x_wconf 82' lang='lat' dir='ltr'>vocavit</span> <span class='ocrx_word' id='word_1_398' title='bbox 1810 4443 1998 4507; x_wconf 79' lang='lat' dir='ltr'>schol.</span> <span class='ocrx_word' id='word_1_399' title='bbox 2046 4443 2267 4507; x_wconf 87' lang='lat' dir='ltr'>Plaut.</span> <span class='ocrx_word' id='word_1_400' title='bbox 2314 4444 2549 4510; x_wconf 76' lang='lat' dir='ltr'>Bacch.</span> <span class='ocrx_word' id='word_1_401' title='bbox 2587 4449 2687 4509; x_wconf 90' lang='grc'>69.</span> <span class='ocrx_word' id='word_1_402' title='bbox 2747 4445 3005 4510; x_wconf 89' lang='lat' dir='ltr'>Artium</span> <span class='ocrx_word' id='word_1_403' title='bbox 3050 4446 3215 4513; x_wconf 89' lang='lat' dir='ltr'>liber</span> 
     </span>
     <span class='ocr_line' id='line_1_39' title="bbox 635 4546 3214 4629; baseline -0 -14"><span class='ocrx_word' id='word_1_404' title='bbox 635 4561 856 4616; x_wconf 82' lang='lat' dir='ltr'>sextus</span> <span class='ocrx_word' id='word_1_405' title='bbox 922 4552 992 4615; x_wconf 86' lang='lat' dir='ltr'>in</span> <span class='ocrx_word' id='word_1_406' title='bbox 1057 4550 1240 4615; x_wconf 84' lang='lat' dir='ltr'>libris</span> <span class='ocrx_word' id='word_1_407' title='bbox 1301 4570 1498 4614; x_wconf 89' lang='lat' dir='ltr'>manu</span> <span class='ocrx_word' id='word_1_408' title='bbox 1555 4547 1813 4629; x_wconf 85' lang='lat' dir='ltr'>scriptis</span> <span class='ocrx_word' id='word_1_409' title='bbox 1865 4548 2119 4628; x_wconf 84' lang='lat' dir='ltr'>primus</span> <span class='ocrx_word' id='word_1_410' title='bbox 2170 4546 2252 4610; x_wconf 75' lang='lat' dir='ltr'>de</span> <span class='ocrx_word' id='word_1_411' title='bbox 2307 4546 2622 4611; x_wconf 82' lang='lat' dir='ltr'>medicina</span> <span class='ocrx_word' id='word_1_412' title='bbox 2678 4549 3069 4615; x_wconf 77' lang='lat' dir='ltr'>inscribitur.</span> <span class='ocrx_word' id='word_1_413' title='bbox 3132 4587 3214 4597; x_wconf 93' lang='lat'>—-</span> 
     </span>
     <span class='ocr_line' id='line_1_40' title="bbox 638 4653 1534 4736; baseline -0.006 -16"><span class='ocrx_word' id='word_1_414' title='bbox 638 4653 1032 4736; x_wconf 75' lang='lat' dir='ltr'>Sinyillatim</span> <span class='ocrx_word' id='word_1_415' title='bbox 1071 4656 1534 4716; x_wconf 84' lang='lat' dir='ltr'>memorantur:</span> 
     </span>
    </p>

    <p class='ocr_par' dir='ltr' id='par_1_9' title="bbox 639 4750 3219 4944">
     <span class='ocr_line' id='line_1_41' title="bbox 765 4750 3212 4840; baseline -0.002 -20"><span class='ocrx_word' id='word_1_416' title='bbox 765 4757 825 4839; x_wconf 94' lang='lat' dir='ltr'>I)</span> <span class='ocrx_word' id='word_1_417' title='bbox 885 4755 1070 4820; x_wconf 91' lang='lat' dir='ltr'>Libri</span> <span class='ocrx_word' id='word_1_418' title='bbox 1128 4757 1416 4840; x_wconf 88' lang='lat' dir='ltr'>quinque</span> <span class='ocrx_word' id='word_1_419' title='bbox 1476 4754 1556 4818; x_wconf 91' lang='lat' dir='ltr'>de</span> <span class='ocrx_word' id='word_1_420' title='bbox 1613 4775 1682 4816; x_wconf 87' lang='lat' dir='ltr'>re</span> <span class='ocrx_word' id='word_1_421' title='bbox 1742 4752 1987 4816; x_wconf 86' lang='lat' dir='ltr'>rustica</span> <span class='ocrx_word' id='word_1_422' title='bbox 2048 4750 2167 4816; x_wconf 88' lang='lat' dir='ltr'>sub</span> <span class='ocrx_word' id='word_1_423' title='bbox 2227 4752 2488 4816; x_wconf 88' lang='lat' dir='ltr'>Tiberio</span> <span class='ocrx_word' id='word_1_424' title='bbox 2549 4751 2825 4817; x_wconf 86' lang='lat' dir='ltr'>confecti</span> <span class='ocrx_word' id='word_1_425' title='bbox 2882 4773 2937 4818; x_wconf 91' lang='lat' dir='ltr'><strong>v.</strong></span> <span class='ocrx_word' id='word_1_426' title='bbox 2997 4772 3212 4835; x_wconf 86' lang='lat' dir='ltr'>supra,</span> 
     </span>
     <span class='ocr_line' id='line_1_42' title="bbox 639 4853 3219 4944; baseline -0.002 -21"><span class='ocrx_word' id='word_1_427' title='bbox 639 4858 878 4944; x_wconf 89' lang='lat' dir='ltr'>quibus</span> <span class='ocrx_word' id='word_1_428' title='bbox 911 4869 1114 4923; x_wconf 89' lang='lat' dir='ltr'>totum</span> <span class='ocrx_word' id='word_1_429' title='bbox 1142 4880 1375 4944; x_wconf 87' lang='lat' dir='ltr'>corpus</span> <span class='ocrx_word' id='word_1_430' title='bbox 1407 4855 1786 4941; x_wconf 86' lang='lat' dir='ltr'>disciplinae</span> <span class='ocrx_word' id='word_1_431' title='bbox 1819 4853 2192 4939; x_wconf 84' lang='lat' dir='ltr'>complexus</span> <span class='ocrx_word' id='word_1_432' title='bbox 2225 4865 2319 4918; x_wconf 90' lang='lat' dir='ltr'>est</span> <span class='ocrx_word' id='word_1_433' title='bbox 2352 4855 2483 4919; x_wconf 85' lang='lat' dir='ltr'>Col.</span> <span class='ocrx_word' id='word_1_434' title='bbox 2516 4860 2576 4932; x_wconf 87' lang='lat'><strong><em>1,</em></strong></span> <span class='ocrx_word' id='word_1_435' title='bbox 2608 4861 2665 4933; x_wconf 91' lang='lat'><strong><em>1,</em></strong></span> <span class='ocrx_word' id='word_1_436' title='bbox 2699 4861 2778 4920; x_wconf 87' lang='grc'>14</span> <span class='ocrx_word' id='word_1_437' title='bbox 2808 4856 2890 4936; x_wconf 80' lang='lat' dir='ltr'>cf.</span> <span class='ocrx_word' id='word_1_438' title='bbox 2919 4860 2979 4933; x_wconf 91' lang='grc'>3,</span> <span class='ocrx_word' id='word_1_439' title='bbox 3011 4861 3111 4933; x_wconf 89' lang='grc'>17,</span> <span class='ocrx_word' id='word_1_440' title='bbox 3140 4860 3219 4933; x_wconf 87' lang='grc'>4,·</span> 
     </span>
    </p>

    <p class='ocr_par' dir='ltr' id='par_1_10' title="bbox 551 4956 3219 5242">
     <span class='ocr_line' id='line_1_43' title="bbox 551 4956 3213 5040; baseline -0.001 -15"><span class='ocrx_word' id='word_1_441' title='bbox 551 4961 560 4970; x_wconf 79' lang='grc'>’</span> <span class='ocrx_word' id='word_1_442' title='bbox 638 4968 697 5037; x_wconf 84' lang='grc'>4,</span> <span class='ocrx_word' id='word_1_443' title='bbox 726 4966 787 5038; x_wconf 93' lang='grc'>8,</span> <span class='ocrx_word' id='word_1_444' title='bbox 819 4966 893 5040; x_wconf 96' lang='grc'>1,·</span> <span class='ocrx_word' id='word_1_445' title='bbox 934 4967 992 5037; x_wconf 89' lang='grc'>4,</span> <span class='ocrx_word' id='word_1_446' title='bbox 1026 4966 1126 5037; x_wconf 87' lang='grc'>10,</span> <span class='ocrx_word' id='word_1_447' title='bbox 1161 4966 1236 5038; x_wconf 88' lang='grc'>1;</span> <span class='ocrx_word' id='word_1_448' title='bbox 1280 4965 1338 5038; x_wconf 96' lang='grc'>9,</span> <span class='ocrx_word' id='word_1_449' title='bbox 1370 4965 1436 5036; x_wconf 92' lang='grc'>2,</span> <span class='ocrx_word' id='word_1_450' title='bbox 1469 4963 1542 5036; x_wconf 91' lang='grc'>1;</span> <span class='ocrx_word' id='word_1_451' title='bbox 1603 4960 1883 5022; x_wconf 86' lang='lat' dir='ltr'>citantur</span> <span class='ocrx_word' id='word_1_452' title='bbox 1929 4958 2179 5039; x_wconf 83' lang='lat' dir='ltr'>passim</span> <span class='ocrx_word' id='word_1_453' title='bbox 2237 4958 2410 5039; x_wconf 79' lang='lat' dir='ltr'>apud</span> <span class='ocrx_word' id='word_1_454' title='bbox 2461 4956 2873 5023; x_wconf 82' lang='lat' dir='ltr'>Columellam</span> <span class='ocrx_word' id='word_1_455' title='bbox 2936 4963 2992 5023; x_wconf 89' lang='lat' dir='ltr'>et</span> <span class='ocrx_word' id='word_1_456' title='bbox 3045 4957 3213 5023; x_wconf 82' lang='lat' dir='ltr'>Gar-</span> 
     </span>
     <span class='ocr_line' id='line_1_44' title="bbox 636 5060 3217 5146; baseline -0 -19"><span class='ocrx_word' id='word_1_457' title='bbox 636 5063 865 5146; x_wconf 80' lang='lat' dir='ltr'>9ilium</span> <span class='ocrx_word' id='word_1_458' title='bbox 911 5063 1322 5139; x_wconf 71' lang='lat' dir='ltr'>Martialem,</span> <span class='ocrx_word' id='word_1_459' title='bbox 1378 5061 1641 5127; x_wconf 85' lang='lat' dir='ltr'>Plinius</span> <span class='ocrx_word' id='word_1_460' title='bbox 1685 5062 1768 5125; x_wconf 90' lang='lat' dir='ltr'>iis</span> <span class='ocrx_word' id='word_1_461' title='bbox 1809 5080 1963 5124; x_wconf 84' lang='lat' dir='ltr'>usus</span> <span class='ocrx_word' id='word_1_462' title='bbox 2007 5064 2098 5123; x_wconf 90' lang='lat' dir='ltr'>est</span> <span class='ocrx_word' id='word_1_463' title='bbox 2139 5080 2203 5124; x_wconf 88' lang='lat' dir='ltr'>n.</span> <span class='ocrx_word' id='word_1_464' title='bbox 2246 5060 2308 5125; x_wconf 81' lang='lat' dir='ltr'><strong>h.</strong></span> <span class='ocrx_word' id='word_1_465' title='bbox 2354 5060 2485 5127; x_wconf 82' lang='lat' dir='ltr'>ind.</span> <span class='ocrx_word' id='word_1_466' title='bbox 2531 5062 2572 5125; x_wconf 89' lang='lat' dir='ltr'>l.</span> <span class='ocrx_word' id='word_1_467' title='bbox 2623 5067 2678 5126; x_wconf 89' lang='grc'><strong><em>7.</em></strong></span> <span class='ocrx_word' id='word_1_468' title='bbox 2722 5066 2783 5126; x_wconf 93' lang='grc'>8.</span> <span class='ocrx_word' id='word_1_469' title='bbox 2827 5066 2927 5126; x_wconf 91' lang='grc'>10.</span> <span class='ocrx_word' id='word_1_470' title='bbox 2973 5066 3072 5126; x_wconf 91' lang='grc'>11.</span> <span class='ocrx_word' id='word_1_471' title='bbox 3118 5066 3217 5126; x_wconf 93' lang='grc'>14.</span> 
     </span>
     <span class='ocr_line' id='line_1_45' title="bbox 642 5164 3219 5242; baseline -0.002 -10"><span class='ocrx_word' id='word_1_472' title='bbox 642 5170 744 5232; x_wconf 88' lang='grc'>15.</span> <span class='ocrx_word' id='word_1_473' title='bbox 785 5171 1024 5232; x_wconf 89' lang='grc'><strong><em>17-20.</em></strong></span> <span class='ocrx_word' id='word_1_474' title='bbox 1067 5171 1182 5242; x_wconf 88' lang='grc'>31,</span> <span class='ocrx_word' id='word_1_475' title='bbox 1241 5165 1468 5229; x_wconf 81' lang='lat' dir='ltr'>laudat</span> <span class='ocrx_word' id='word_1_476' title='bbox 1507 5186 1572 5230; x_wconf 88' lang='lat' dir='ltr'>n.</span> <span class='ocrx_word' id='word_1_477' title='bbox 1615 5164 1677 5228; x_wconf 79' lang='lat' dir='ltr'><strong>h.</strong></span> <span class='ocrx_word' id='word_1_478' title='bbox 1719 5168 1820 5241; x_wconf 92' lang='grc'>10,</span> <span class='ocrx_word' id='word_1_479' title='bbox 1869 5167 2024 5241; x_wconf 88' lang='grc'><strong><em>150,·</em></strong></span> <span class='ocrx_word' id='word_1_480' title='bbox 2080 5167 2191 5240; x_wconf 91' lang='grc'>20,</span> <span class='ocrx_word' id='word_1_481' title='bbox 2231 5169 2355 5242; x_wconf 88' lang='grc'><strong><em>20,·</em></strong></span> <span class='ocrx_word' id='word_1_482' title='bbox 2412 5169 2521 5241; x_wconf 92' lang='grc'>21,</span> <span class='ocrx_word' id='word_1_483' title='bbox 2566 5169 2685 5229; x_wconf 86' lang='lat'>176</span> <span class='ocrx_word' id='word_1_484' title='bbox 2700 5185 2720 5242; x_wconf 94' lang='lat'><strong><em>,·</em></strong></span> <span class='ocrx_word' id='word_1_485' title='bbox 2777 5169 2885 5241; x_wconf 89' lang='grc'>27,</span> <span class='ocrx_word' id='word_1_486' title='bbox 2934 5169 3078 5231; x_wconf 89' lang='grc'><strong><em>132.</em></strong></span> <span class='ocrx_word' id='word_1_487' title='bbox 3132 5201 3219 5210; x_wconf 91' lang='lat'>—</span> 
     </span>
    </p>
   </div>
  </div>
 </body>
</html>
