3859 5992
593 541 1021 597 ARGAITHVS
1526 570 1531 575 -
1892 533 2014 597 130
2729 539 3309 595 ARIOBARZANES

723 761 796 822 p.
826 744 958 805 207
971 738 1054 817 Α,
1115 738 1416 804 Iulianus
1474 738 1650 821 epist.
1694 742 1775 801 51
1819 760 1891 821 p.
1936 742 2058 803 434
2073 737 2173 816 Α,·
2230 738 2476 802 amicus
2536 748 2602 802 et
2660 739 2970 821 magister
3030 738 3307 822 Augusti

727 842 985 910 Sueten.
1010 843 1181 925 Any.
1212 846 1314 919 89,
1348 840 1686 906 Plutarch.
1716 840 1958 906 Antan.
1990 846 2093 918 80,
2125 841 2423 906 Iulianus
2462 840 2644 907 Caes.
2663 863 2736 925 p.
2767 842 3009 922 326Β;
3050 843 3309 906 Liviam

694 945 806 1009 ‘de
836 955 1044 1010 morte
1075 943 1334 1011 Claudii
1366 944 1568 1009 Drusi
1602 944 1970 1009 consolatus
2002 955 2099 1009 est
2131 944 2373 1009 Seneca
2402 944 2555 1009 dial.
2598 945 2700 1011 VI
2712 950 2844 1010 4-5
2853 966 2874 1024 ;
2917 951 2974 1022 6,
3008 952 3048 1009 1
3063 966 3083 1023 ,·
3127 968 3304 1031 prae-

724 1059 945 1135 ceptor
983 1047 1378 1112 Maecenatis
1403 1046 1719 1111 Aelianus
1759 1067 1895 1112 var.
1927 1047 2073 1111 hist.
2104 1052 2210 1123 12,
2243 1051 2347 1112 25.
2425 1046 2549 1134 Τὴν
2582 1046 2874 1134 Αἴγυπτον
2913 1044 3311 1136 ἐπιτροπεύειν

722 1154 1106 1238 παρῃτήσατο
1148 1150 1448 1216 Iulianus
1478 1150 1655 1233 epist.
1696 1149 1784 1213 acl
1814 1150 2229 1216 Themistinm
2261 1172 2335 1233 p.
2366 1155 2493 1216 265
2519 1150 2589 1215 0.
2633 1156 2762 1216 266
2775 1151 2875 1229 Α,
2921 1151 3309 1235 (Augustus)

719 1253 783 1318 ἐν
835 1254 1072 1339 Σικελίᾳ
1119 1251 1338 1340 Ἄρειον
1395 1256 1518 1319 ἀντὶ
1578 1252 1896 1340 Θεοδώρου
1958 1253 2284 1338 κατέστησε
2345 1256 2639 1339 διοικητήν
2691 1253 3102 1339 [Plutarch]
3161 1275 3309 1336 apo·

709 1355 1028 1439 phtheym.
1049 1377 1179 1439 req.
1201 1378 1274 1439 p.
1297 1362 1432 1422 207
1445 1356 1527 1420 Β.
1550 1393 1627 1401 -
1653 1355 2016 1441 Dionysius
2047 1367 2111 1420 et
2137 1356 2428 1421 Nicanor
2455 1355 2569 1420 filii
2603 1359 2740 1420 eius
2764 1358 3022 1422 Sueten.
3039 1356 3307 1439 Amyn-st.

720 1464 819 1527 89.
859 1498 936 1506 -—
973 1459 1374 1524 Memoratur
1404 1457 1581 1541 apud
1608 1458 1989 1525 Strabonem
2033 1464 2130 1535 14,
2161 1463 2220 1536 5,
2252 1464 2293 1523 4
2322 1481 2396 1541 p.
2427 1463 2568 1536 670,
2617 1458 3041 1524 Plutarchum
3068 1459 3306 1522 Anton.

717 1565 818 1639 81,
845 1560 1118 1626 Dionem
1138 1565 1244 1639 52,
1260 1566 1359 1638 36,
1386 1562 1691 1626 Marcum
1714 1564 1795 1633 εἰς
1818 1562 2028 1627 ἑαυτόν
2050 1565 2112 1639 8,
2128 1567 2229 1639 31,
2248 1562 2579 1626 Iulia-num
2600 1564 2779 1644 epist.
2806 1568 2887 1628 51
2898 1585 2968 1644 p.
2984 1566 3108 1627 434
3120 1561 3205 1628 Α.
3222 1598 3306 1606 -

719 1665 899 1730 Idem
940 1665 1189 1728 m'detur
1219 1664 1431 1729 Areus
1477 1662 1697 1729 rhetor
1748 1658 2126 1746 Quintilian.
2170 1666 2437 1728 institut.
2469 1670 2535 1741 2,
2567 1670 2663 1741 15,
2697 1669 2781 1729 36
2795 1685 2815 1742 ;
2855 1670 2914 1741 3,
2946 1670 3003 1748 1,
3036 1670 3133 1729 16.

594 1768 718 1833 847
768 1765 1144 1850 ArgaithuS,
1192 1767 1330 1831 dux
1374 1767 1736 1834 Gothorum
1780 1767 2093 1832 Iordanes
2144 1767 2344 1832 Getv'e.
2393 1772 2491 1844 91,
2539 1769 2621 1850 cf.
2663 1769 2938 1851 Aryunt.

583 1862 720 1935 Ι848
765 1870 1220 1954 ArgentariuS,
1255 1869 1567 1949 Graecus,
1617 1868 1973 1955 discipulus
2006 1879 2069 1933 et
2098 1871 2383 1935 imitator
2414 1869 2610 1935 Cestii
2650 1871 2769 1951 Pii,
2817 1869 3035 1935 rhetor
3067 1871 3309 1937 Seneca-

719 1977 991 2038 eontrov.
1018 1979 1077 2050 9,
1099 1978 1160 2050 3,
1185 1977 1440 2050 12-13;
1480 1972 1720 2037 iudicia
1751 1973 1832 2037 de
1864 1972 2233 2059 eloquentia
2264 1972 2562 2037 eius'ibcl.
2594 1977 2653 2037 et
2683 1977 2956 2037 controv.
2989 1978 3049 2050 9,
3080 1980 3148 2049 2,
3180 1978 3308 2051 22;

722 2077 1097 2158 sententiae,
1126 2075 1390 2159 coloreS,
1418 2075 1768 2140 divisiones
1786 2076 2039 2158 passim
2062 2075 2237 2158 apud
2258 2075 2581 2141 Senecam.
2614 2114 2685 2122 —
2705 2075 2995 2140 Dubium
3016 2081 3124 2153 est,
3156 2097 3307 2141 num

717 2178 883 2243 idem
925 2180 1011 2244 sit
1053 2178 1143 2244 M.
1186 2177 1639 2263 ArgentariuS,
1699 2179 1879 2243 euius
1936 2179 2405 2261 epiyrammata
2446 2178 2649 2242 malta
2693 2182 2911 2242 extant
2952 2180 3023 2243 in
3062 2179 3306 2244 Antho-

721 2281 891 2364 loyia
929 2302 1185 2365 yraeca.

589 2382 716 2447 849
759 2392 1250 2448 ARGENTARIA
1295 2392 1538 2447 POLLA
1583 2381 1797 2465 (Polla
1838 2382 2235 2465 Argentaria
2279 2382 2532 2448 Statius
2572 2382 2711 2451 silv.
2756 2388 2805 2449 2
2835 2384 3075 2466 praefi,
3124 2382 3308 2449 Polla

719 2486 896 2569 apud
924 2487 1347 2571 Martialem),
1382 2509 1549 2551 uxor
1578 2486 1829 2550 Annaei
1865 2487 2114 2550 Lucani
2147 2495 2393 2571 poetae,
2432 2487 2535 2550 cui
2580 2486 2980 2571 scripserunt
3021 2487 3085 2550 in
3136 2486 3307 2550 diem

721 2588 1001 2654 natalem
1029 2591 1243 2655 mariti
1276 2590 1511 2653 mortui
1535 2588 1852 2653 Martialis
1886 2590 2352 2674 epigrammata
2382 2588 2680 2654 Martia-l.
2710 2594 2766 2666 7,
2791 2594 3035 2666 21-23,
3063 2590 3306 2655 Statius

719 2691 1170 2776 genethliacon
1214 2692 1385 2758 Stat.
1429 2691 1566 2755 silv.
1610 2696 1675 2768 2,
1713 2696 1785 2769 7,·
1831 2702 2107 2777 patrona
2150 2690 2466 2754 Martialis
2513 2692 2816 2756 Martial.
2864 2697 2964 2769 10,
2997 2698 3096 2757 64.
3166 2692 3307 2757 Me-

719 2800 1010 2859 moratur
1054 2793 1275 2861 Sidon.
1321 2794 1537 2877 Apoll.
1586 2795 1763 2876 epist.
1795 2799 1860 2872 2,
1894 2800 1997 2871 10,
2031 2799 2087 2870 6,
2136 2814 2332 2858 earm.
2376 2799 2482 2871 23,
2514 2799 2653 2859 166.

591 2899 719 2963 850
762 2896 1279 2981 Argentocoxus,
1328 2898 1680 2961 Britannus
1726 2896 1996 2982 quidam
2040 2906 2253 2961 aetate
2299 2897 2593 2981 Septimii
2642 2898 2869 2962 Severi
2914 2896 3046 2961 Dio
3078 2903 3172 2976 76,
3207 2903 3303 2962 16.

592 3002 712 3066 851
762 3000 1052 3084 Argivus
1109 3001 1225 3084 (se'e
1277 2999 1570 3076 Sueten„
1632 2998 1873 3082 Argius
1929 3000 2098 3084 Tae„
2158 2997 2407 3086 Ἀργεῖος
2466 2999 2851 3087 Plutarch),
2912 2999 3187 3067 libertus
3246 3011 3311 3065 et

723 3103 1130 3188 dispensator
1188 3100 1437 3169 Galbae
1500 3123 1736 3186 corpus
1793 3102 2053 3188 patroni
2114 3102 2310 3165 occisi
2377 3101 2748 3187 sepulturae
2811 3102 2992 3166 dedit
3050 3102 3307 3169 Sueten.

719 3205 936 3270 Galba
978 3211 1084 3282 20,
1131 3204 1467 3270 Plutarch.
1525 3203 1744 3269 Galba
1783 3208 1893 3281 28,
1950 3205 2097 3270 Tae.
2143 3203 2205 3267 h.
2251 3209 2311 3281 1,
2341 3208 2443 3269 49.

595 3310 722 3374 852
766 3306 1144 3391 Argolicae,
1191 3307 1472 3373 Laconis
1516 3306 1722 3391 filius,
1772 3329 1807 3371 e
1857 3305 2247 3393 primoribus
2291 3306 2733 3392 Achaeorum,
2784 3308 3131 3394 Pompeiae
3175 3308 3309 3373 Ma·

723 3410 943 3474 erinae
986 3413 1276 3492 marituS,
1323 3434 1364 3475 a
1407 3409 1670 3474 Tiberio
1718 3409 2001 3474 afflictus
2056 3411 2202 3477 Tae.
2252 3432 2314 3474 a.
2360 3414 2418 3487 6,
2451 3413 2551 3477 18.

594 3515 720 3580 853
764 3514 1047 3598 Argunt,
1096 3514 1485 3600 Scytharum
1531 3536 1651 3579 rex
1696 3524 1906 3579 aetate
1941 3513 2257 3581 Gordiani
2302 3514 2405 3578 III
2446 3515 2555 3578 vit.
2599 3513 2914 3579 Gordian.
2943 3518 3043 3592 31,
3077 3519 3133 3580 1.
3179 3512 3310 3576 Ar-

718 3617 1007 3701 yaithum
1029 3639 1244 3682 verum
1266 3637 1395 3683 esse
1414 3637 1638 3682 nomen
1663 3618 1838 3682 docet
1857 3614 2255 3695 Mallenhoff
2265 3617 2334 3680 in
2356 3616 2563 3681 indice
2578 3616 2884 3681 Iordanis
2899 3617 2992 3681 ecl.
3015 3616 3306 3681 Momma

712 3743 785 3804 p.
824 3725 945 3785 146
958 3741 979 3799 ;
1027 3720 1137 3785 sed
1189 3741 1341 3784 num
1398 3719 1562 3784 idem
1605 3721 1689 3783 sit
1742 3719 2097 3803 Argaithus
2160 3719 2297 3784 dux
2344 3719 2703 3787 Gothorum
2751 3719 2928 3784 Iord.
2985 3720 3187 3785 Getie.
3231 3724 3313 3785 91

721 3829 906 3906 atque
950 3824 1058 3889 ille
1100 3823 1373 3907 Arqnnt,
1421 3823 1492 3887 id
1531 3823 1699 3906 qaod
1739 3822 2056 3888 contendit
2096 3843 2217 3887 von
2256 3822 2646 3900 Gutsehmid,
2692 3824 3001 3888 incertum
3045 3828 3153 3888 est.

595 3929 722 3992 854
767 3926 1142 4012 Argynnus,
1178 3949 1347 4010 puer
1389 3928 1465 3991 L.
1498 3926 1808 3991 Arruntii
1836 3925 2095 4003 Stellae,
2140 3929 2214 3991 ut
2254 3926 2502 3990 videtur
2534 3925 2837 3992 Martial.
2888 3931 2944 4005 7,
2976 3931 3075 4004 15,
3103 3932 3180 4006 5;
3228 3928 3308 4009 ef.

725 4052 885 4112 quae
930 4030 1260 4095 adnotavit
1301 4029 1373 4093 F
1369 4029 1751 4093 m‘edlander.

596 4134 722 4198 855
767 4142 952 4196 ARIA
998 4141 1340 4214 GYRIAGE,
1384 4131 1742 4196 clarissima
1783 4132 2023 4195 femina
2061 4131 2135 4196 X
2175 4136 2338 4197 1689
2384 4137 2426 4196 t.
2472 4131 2881 4199 Puteolanus.

598 4238 724 4302 856
769 4234 1092 4315 Aridelus,
1127 4234 1399 4300 libertus
1430 4256 1513 4299 ex
1543 4234 1731 4299 domo
1765 4235 2182 4319 imperatoria
2205 4236 2547 4317 (‘vester'),
2576 4257 2768 4321 quem
2794 4237 3310 4321 procurationem

726 4348 1051 4426 petentem
1077 4339 1320 4403 Fronto
1351 4338 1437 4402 M.
1455 4337 1723 4402 Aurelio
1748 4337 2010 4402 Caesari
2045 4336 2454 4401 commendat
2467 4337 2716 4403 Fronto
2741 4339 2829 4402 acl
2846 4339 2945 4406 M.
2975 4338 3312 4404 Caesarem

723 4446 783 4521 5,
813 4446 902 4508 37
926 4465 998 4526 p.
1027 4446 1115 4506 87
1144 4441 1231 4508 N.

619 4582 705 4592 -—
767 4546 846 4611 T.
891 4544 1274 4628 Ant(onius)
1322 4543 1690 4626 Cl(audius)
1737 4541 2011 4608 Alfenus
2056 4542 2436 4627 Arignotus
3341 4613 3346 4617 ,

599 4649 722 4714 857
768 4647 1266 4727 Ariobarzanes,
1313 4669 1432 4711 rex
1472 4645 1728 4711 Mediae
1762 4646 2220 4732 Atrotapenae,
2266 4645 2501 4710 deinde
2547 4657 2611 4711 et
2637 4647 2989 4712 Armeniae
3029 4648 3314 4714 maioriS.

730 4750 816 4816 ‘A
861 4772 963 4815 me
1006 4760 1233 4834 gentes
1279 4748 1671 4815 Parthorum
1733 4759 1797 4813 et
1839 4750 2183 4814 Medorum
2239 4772 2358 4835 per
2415 4748 2661 4832 legatos
2722 4752 3048 4838 principes
3092 4774 3314 4816 earum

727 4855 1020 4938 gentium
1077 4876 1263 4940 reges
1321 4854 1555 4939 petitos
1614 4863 2006 4938 acceperunt
2056 4890 2145 4899 —
2199 4889 2286 4898 —
2337 4852 2516 4917 Medi
2574 4852 3081 4919 Ariobarzanem
3142 4855 3314 4937 regis

730 4956 1115 5024 Artavasdis
1145 4956 1367 5040 filium,
1403 4957 1575 5039 regis
1599 4954 2032 5022 Ariobarzani
2065 4964 2387 5042 nepotem’
2416 4955 2747 5039 Amyn-stus
2774 4958 2845 5021 in
2869 4957 3078 5021 indice
3104 4978 3313 5022 rerum

724 5065 1048 5145 yestarum
1091 5080 1142 5124 e.
1172 5064 1271 5126 33.
1341 5058 1561 5123 Filias
1604 5079 1751 5141 erqo
1780 5058 2170 5123 Artavasdis
2210 5059 2380 5140 reyis
2412 5058 2770 5135 Medorum,
2817 5059 2929 5141 qui
2956 5060 3036 5124 ab
3068 5059 3317 5124 Artaxe
3376 5137 3382 5141 ‚

728 5186 920 5248 reyno
958 5163 1187 5247 pulsas
1231 5166 1322 5227 est
1365 5161 1447 5243 ef.
1493 5161 1677 5243 infra
1716 5182 1780 5226 n.
1827 5166 1948 5226 955
1961 5182 1983 5240 ;
2022 5182 2203 5245 quem
2246 5160 2499 5226 Artaxe
2544 5163 2765 5239 οσσιζςο,
2812 5162 2922 5244 qui
2949 5184 3074 5246 per
3117 5182 3319 5228 annos
