3859 5992
615 559 1011 616 CAECILIVS
1905 560 2033 623 252
2920 568 3327 623 CAECILIVS

740 767 933 843 pacta
978 768 1117 822 erat
1169 759 1228 823 T
1221 780 1317 825 ac.
1364 782 1423 827 a.
1468 766 1534 838 2,
1579 744 1948 841 43,·Ἰιι[ιίει
2007 763 2212 830 Silani
2269 763 2459 848 folia)
2505 762 2800 850 [spoana
2843 763 3119 829 Neronis
3165 763 3327 830 Cae-

740 860 952 944 s[aris]
999 862 1116 938 tit„
1162 861 1326 927 unde
1369 883 1665 946 sponsam
1708 871 1854 930 ante
1893 868 2156 949 nuptias
2198 873 2512 932 mortuam
2557 887 2685 932 esse
2731 872 3018 950 apparet.

611 980 694 1045 48
740 980 1065 1046 Caecilius
1112 981 1359 1047 Natalis
1406 984 1683 1066 (Natalis
1731 988 2068 1053 Minucius
2110 987 2304 1053 Felioe
2345 988 2560 1054 Octav.
2595 993 2691 1065 16,
2727 995 2784 1055 1.
2828 994 2878 1054 2
2922 992 3192 1052 ceterum
3233 985 3332 1050 ibi

738 1083 1107 1167 Caecilius),
1166 1086 1584 1152 interlocutor
1626 1088 1864 1172 dialogi
1912 1090 2172 1156 Octavii
2218 1097 2276 1156 1.
2322 1098 2387 1158 2.
2433 1097 2492 1156 4.
2538 1095 2597 1157 5.
2643 1096 2741 1156 14.
2788 1095 2887 1156 15.
2933 1095 3029 1154 16.
3076 1093 3178 1154 17.
3221 1093 3325 1152 40.

742 1187 1003 1269 Oriqine
1045 1187 1354 1254 Cirtensis
1395 1190 1643 1256 videtur
1687 1194 1769 1274 cf.
1808 1192 2149 1258 ‘Cirtensis
2196 1196 2394 1258 nostri
2443 1196 2670 1259 oratio’
2720 1192 2849 1259 ibd.
2880 1197 2940 1270 9,
2971 1196 3012 1257 6
3055 1220 3136 1244 =
3176 1202 3327 1255 tuus

737 1289 985 1355 Fronto
1029 1294 1130 1367 31,
1177 1298 1243 1357 2.
1297 1329 1369 1338 —-
1420 1291 1518 1374 Cf.
1562 1314 1626 1358 n.
1669 1300 1766 1362 49.

611 1410 692 1475 49
738 1410 826 1475 M.
894 1409 1216 1475 Caecilius
1276 1411 1542 1480 Natalis.
1644 1414 1844 1479 Tituli
1903 1415 2252 1481 Cirtenses:
2311 1437 2371 1480 a.
2416 1420 2545 1482 210
2594 1416 2817 1499 posuit
2873 1413 2956 1479 ob
3018 1413 3324 1477 honorem

734 1513 1088 1577 Illviratus
1134 1516 1625 1597 imperatoribus
1674 1518 1982 1600 Septimio
2029 1519 2258 1584 Severo
2304 1524 2364 1583 et
2405 1519 2564 1603 filiis
2608 1519 2792 1583 VIII
2823 1522 2991 1582 6996
3034 1516 3146 1599 (1),
3210 1513 3325 1577 sub

735 1615 1064 1680 Antonino
1100 1618 1346 1700 (Sei-cri
1370 1618 1530 1702 filio)
1562 1642 1785 1683 arcum
1826 1621 2285 1706 triumphalem
2317 1623 2628 1704 extruxit,
2666 1621 2753 1686 ad
2786 1641 2966 1703 quem
2999 1619 3324 1701 pertinent

739 1722 781 1782 t.
823 1717 1007 1782 VIII
1028 1724 1408 1784 7095-7098
1438 1718 1533 1803 (2)
1574 1721 1767 1804 plane
1798 1722 2020 1788 iisdem
2049 1724 2255 1787 verbis
2286 1725 2583 1807 concepti²
2618 1725 2764 1788 item
2813 1722 2997 1787 VIII
3021 1725 3185 1786 7094
3213 1719 3322 1802 (3),

734 1821 847 1903 qui
887 1820 1103 1887 eadem
1149 1826 1333 1904 atque
1374 1826 1417 1886 t.
1448 1828 1496 1888 2
1535 1824 1605 1887 in
1652 1825 1898 1889 brevius
1944 1830 2273 1890 contracta
2316 1827 2581 1891 exhibet.

871 1923 1027 1987 Tria
1069 1925 1331 1988 nomina
1374 1925 1664 1990 exhibent
1706 1927 1799 1992 vel
1842 1927 2259 1993 exhibuerunt
2303 1929 2476 1993 tituli
2516 1948 2742 1993 omnes.
2775 1964 2858 1973 -
2907 1924 2987 2006 Q.
3036 1924 3101 2006 f.‚
3150 1923 3323 1987 tribu

735 2024 1045 2107 Quirina,
1113 2025 1372 2110 aedilis,
1443 2029 1681 2111 Illvir,
1748 2040 2082 2115 quaestor,
2146 2030 2645 2118 quinquennalis
2706 2030 2968 2114 (seilicet
3026 2031 3327 2109 quattuor

734 2128 1128 2193 coloniarum
1181 2129 1401 2195 Cirtae
1458 2131 1805 2197 Rusicadis
1866 2133 2069 2198 Milev
2121 2133 2419 2217 Chullu),
2496 2133 2858 2219 praefectus
2920 2129 3324 2196 coloniarum

737 2230 1181 2296 Millevitanae
1227 2242 1291 2296 et
1336 2233 1796 2299 Rusicadensis
1842 2247 1906 2300 et
1953 2234 2364 2301 Chullitanae
2411 2236 2518 2319 (cf.
2568 2235 2751 2301 VIII
2774 2258 2845 2318 p.
2879 2232 3028 2315 619)
3076 2233 3171 2296 tit.

860 2334 1155 2399 Eundem
1214 2356 1343 2400 esse
1404 2336 1711 2402 Natalem
1753 2338 2009 2404 Octavii
2047 2360 2110 2406 n.
2155 2342 2240 2405 48
2295 2340 2521 2404 statuit
2564 2338 2817 2404 Dessau
2861 2335 3134 2403 Hermes
3175 2332 3323 2398 XV

728 2458 820 2603 pb
833 2442 956 2501 471
985 2457 1134 2519 sqq„
1169 2443 1239 2502 at
1269 2439 1349 2520 cf.
1384 2437 1981 2519 Teuffel-Schwabe,
2015 2441 2351 2507 Ronziscke
2375 2439 3055 2524 Literaturyesclzielzte
3080 2438 3132 2522 ἕ
3160 2436 3323 2501 368⁵

731 2561 773 2604 a
816 2560 879 2603 n.
912 2545 972 2604 1.

603 2651 686 2715 50
726 2660 804 2717 Μ.
840 2660 1235 2716 CAECILIVS
1282 2662 1911 2720 NOVATILLIANVS.
1991 2656 2190 2720 Tituli
2217 2656 2474 2740 publice
2518 2657 2580 2721 ei
2607 2656 2844 2740 positi:
2883 2649 3326 2717 Beneventani

730 2754 854 2819 IX
893 2758 1055 2837 1571
1097 2752 1208 2837 (1).
1269 2760 1440 2821 1572
1482 2756 1577 2840 (2)
1624 2778 1667 2821 a
1709 2757 2201 2836 Beneventani-5,
2274 2758 2770 2825 Tarraconensis
2811 2757 2904 2822 II
2934 2758 3101 2820 4113
3143 2752 3233 2837 (3)
3280 2772 3324 2815 a

739 2857 1343 2925 Tarraconensibus.

861 2957 951 3024 M.
1002 2957 1327 3023 Caecilius
1372 2959 1865 3041 Novatillianus,
1910 2961 2308 3028 clarissimus
2353 2965 2455 3027 vir
2500 2968 2543 3028 t.
2577 2970 2632 3028 1.
2677 2968 2742 3030 2.
2788 2966 2847 3027 3.
2880 2996 2960 3008 --
2996 2959 3325 3041 Quaestor

732 3061 1109 3146 provinciae
1139 3060 1405 3125 Africae
1454 3068 1494 3127 t.
1529 3068 1584 3127 1.
1619 3069 1683 3140 2,
1734 3064 2037 3129 tribunus
2083 3064 2310 3151 plebis,
2357 3074 2619 3152 praetor
2660 3071 2699 3131 t.
2730 3069 2793 3141 2,
2827 3062 3082 3146 legatus
3113 3057 3326 3138 (addit

731 3168 773 3227 t.
804 3162 869 3244 3)
903 3162 1214 3227 iuridicus
1238 3164 1595 3249 Hispaniae
1628 3168 1944 3230 citerioris
1975 3171 2018 3232 t.
2048 3172 2112 3233 2.
2143 3172 2203 3245 3,
2237 3167 2549 3233 iuridicus
2572 3166 2854 3253 Apuliae
2887 3175 2951 3229 et
2975 3161 3322 3230 Calabriae

730 3269 772 3329 t.
804 3270 852 3330 2
881 3264 1272 3350 (praefectus
1320 3268 1478 3330 iuris
1507 3267 1571 3332 d.
1603 3268 1962 3353 Hispaniae
2006 3271 2115 3334 cit.
2149 3280 2213 3334 et
2242 3269 2586 3336 Calabriae
2633 3274 2675 3334 t.
2707 3271 2793 3353 1),
2839 3266 3114 3332 allectus
3153 3267 3322 3330 inter

730 3366 1120 3449 consulares,
1170 3391 1430 3454 praeses
1475 3372 1850 3454 provinciae
1893 3372 2181 3436 Moesiae
2227 3377 2268 3436 t.
2302 3377 2360 3436 1.
2393 3378 2457 3448 2,
2502 3372 2851 3457 superioris
2899 3374 2941 3433 t.
2972 3375 3041 3436 2.

859 3470 1182 3535 Patronus
1214 3472 1838 3557 Beneventanorum,
1887 3476 2001 3559 qui
2037 3476 2344 3560 privatim
2374 3486 2437 3539 et
2468 3472 2726 3560 publice
2769 3472 3131 3558 patrocinio
3179 3472 3318 3534 eius

730 3594 924 3658 saepe
968 3572 1215 3636 defensi
1263 3585 1414 3639 sunt
1458 3579 1500 3640 t.
1532 3580 1591 3639 1.
1621 3580 1687 3652 2,
1735 3586 2049 3661 patronus
2093 3577 2677 3641 Tarraconensium
2722 3581 2764 3641 t.
2794 3579 2854 3643 3.
2885 3610 2974 3620 —
3003 3575 3209 3638 Poeta
3253 3582 3319 3635 et

729 3685 947 3740 orator
993 3674 1281 3740 inlustris
1328 3681 1370 3741 t.
1403 3681 1461 3740 1.
1494 3682 1559 3742 2.

854 3779 1140 3843 Litteras
1200 3784 1241 3845 t.
1287 3785 1336 3845 2
1388 3781 1552 3843 ‘aevi
1610 3780 1904 3845 labentis’
1956 3800 2084 3845 esse
2143 3780 2473 3845 adnotavit
2532 3780 2923 3855 Mommsen‚·
2969 3782 3316 3862 praeterea

724 3880 1035 3944 hominem
1077 3883 1251 3946 tertii
1286 3881 1528 3946 saeculi
1571 3887 1629 3946 et
1673 3883 1943 3946 adlectio
1990 3884 2153 3947 inter
2197 3883 2559 3947 consulares
2590 3888 2646 3947 et
2681 3893 2966 3967 ‘praeses
2996 3880 3308 3945 Moesiae'

723 4002 797 4047 sa
805 3983 886 4047 tis
934 3982 1238 4048 indicant.

594 4104 671 4167 51
724 4114 789 4180 Q.
838 4103 1292 4184 CAEC(ILIVS)
1355 4112 1685 4184 PVDENS‚
1752 4103 2002 4186 legatus
2061 4103 2506 4187 Augustorum
2566 4125 2682 4188 pro
2743 4124 2838 4187 pr.
2889 4103 3312 4185 (Germaniae

726 4206 1110 4290 superioris)
1152 4203 1542 4281 Brambach-,
1601 4205 1848 4288 Corpus
1891 4208 2392 4288 Inscriffiionum
2435 4205 2896 4269 Rhenanarum
2938 4208 3108 4269 1608
3151 4208 3196 4268 t.
3244 4205 3312 4268 in

724 4306 855 4371 loco
901 4306 1337 4389 Jaysthausen
1394 4312 1696 4390 repertus.
1802 4308 2088 4373 Nomina
2129 4309 2562 4390 Auyustorum
2620 4329 2808 4372 erasa
2865 4311 3031 4382 sunt,
3091 4326 3312 4388 super-

719 4413 869 4472 sunt
923 4426 1030 4473 ΙΜΡ
1077 4426 1228 4475 CAES
1269 4457 1500 4474 ......
1546 4426 1764 4475 mvlcT.
1812 4428 1931 4475 AVG
1978 4459 1992 4474 .
2021 4460 2035 4474 .
2065 4459 2078 4473 .
2107 4459 2121 4475 .
2220 4410 2468 4475 Titulus
2509 4413 2670 4473 certe
2703 4413 2854 4490 post
2891 4406 3312 4472 Caracallum

714 4512 968 4593 positus
1011 4516 1118 4575 est.

591 4631 674 4693 52
720 4629 800 4710 Q.
849 4629 1172 4695 Caecilius
1218 4631 1570 4711 Redditus,
1631 4641 2013 4718 procurator
2056 4630 2338 4713 Augusti
2391 4629 2668 4712 (Norici)
2713 4634 3103 4694 memoratur
3149 4631 3219 4695 in
3265 4599 3348 4693 t.⁸

722 4732 964 4798 Norico
1012 4734 1408 4818 beneficiarii
1448 4735 1583 4799 III
1613 4739 1791 4799 5163.

588 4852 672 4917 53
720 4862 1114 4917 CAECILIVS
1174 4861 1497 4917 RVFINVS
1545 4876 1585 4916 a
1627 4853 2001 4918 Domitiano
2049 4862 2278 4916 senatu
2323 4860 2567 4931 motus,
2626 4850 2800 4936 quod
2848 4849 3129 4916 saltabat
3171 4849 3309 4917 Dio

716 4961 815 5032 67,
861 4960 957 5020 13.

585 5068 670 5132 54
714 5076 791 5132 M.
841 5074 1234 5129 CAECILIVS
1282 5074 1638 5149 RVFINVS‚
1702 5065 1793 5129 M.
1841 5063 2106 5130 Caecilii
2171 5063 2476 5127 Fusciani
2525 5061 2948 5148 Crepereiani
3012 5063 3307 5130 Floriani

713 5166 882 5233 filius
926 5168 1061 5233 ΙΙΙ
1088 5172 1171 5233 93
1215 5173 1255 5232 t.
1303 5166 1682 5234 Bostranus.
