3859 5992
674 546 1094 601 CORNELIVS
1969 533 2096 597 440
2954 538 3372 594 CORNELIVS

799 741 1046 806 videtur
1088 738 1429 807 Cornelius
1458 737 1827 820 AnullinuS,
1876 735 2077 802 salius
2117 735 2470 819 Palatinae,
2521 737 2586 799 in
2627 736 2812 800 cuius
2856 734 3066 799 locum
3112 733 3374 818 auguris

800 845 950 909 facti
995 843 1160 909 alius
1207 853 1546 928 cooptatur
1588 862 1758 906 anno
1804 843 1921 906 201
1976 839 2079 904 VI
2111 843 2300 905 1982.
2346 842 2528 903 1983.

676 949 840 1014 1066
885 958 947 1011 Ρ.
979 944 1461 1028 COR(NELIVS)
1491 942 2034 1026 AN[VLL1N?]VS,
2066 942 2320 1026 legatus
2343 941 2626 1024 Augusti
2644 941 3061 1023 (Germaniae
3092 940 3375 1026 superio·

800 1052 916 1131 ris)
961 1047 1349 1123 Brambaeh,
1401 1046 1646 1129 Corpus
1690 1046 2187 1128 Ira-scriptionum
2231 1044 2682 1108 Rhenararum
2728 1047 2887 1110 1559
2931 1045 3014 1125 cf.
3059 1063 3218 1125 quac
3259 1041 3373 1105 ad-

795 1154 1038 1217 notavit
1093 1151 1291 1233 Hauq
1336 1149 1742 1214 Jahrbitcher
1787 1148 1894 1213 des
1948 1148 2201 1212 Vereins
2259 1147 2370 1211 der
2412 1147 3073 1228 Alterthumsfreunde
3130 1148 3198 1211 in
3254 1146 3373 1209 den

797 1254 1242 1319 Rheinlanden
1296 1253 1440 1318 LV.
1500 1252 1679 1317 LVI
1726 1251 1937 1334 (1875)
1982 1273 2055 1333 p.
2104 1254 2241 1315 156.
2295 1286 2380 1296 —
2424 1250 2717 1331 Intelleyi
2762 1255 2973 1333 potest
3032 1250 3193 1314 alter
3230 1254 3372 1313 uter

798 1378 1012 1422 eorum
1041 1358 1152 1438 qui
1176 1355 1605 1439 praecedunt,·
1649 1360 1717 1419 at
1759 1354 2252 1436 supplementum
2297 1353 2685 1436 coynominis
2724 1373 2851 1417 non
2896 1358 3133 1417 eertum
3176 1357 3279 1417 est.

674 1459 837 1525 1067
887 1458 1404 1542 *CORN(EL1VS)
1450 1468 1732 1537 AQVILA
1776 1457 1911 1522 ΙΙΙ
1946 1456 2016 1524 S.
2064 1461 2227 1521 6974
2268 1456 2408 1521 vide
2455 1455 2781 1521 Cornutus
2824 1455 3087 1542 Aquila.

674 1563 838 1628 1068
886 1572 1002 1628 CN.
1050 1572 1472 1627 CORNELIVS
1533 1569 1881 1639 AQVILIVS
1942 1567 2213 1640 NIGER,
2273 1557 2523 1641 legatus
2580 1557 2856 1642 legionis
2914 1560 2949 1624 I
3009 1558 3365 1623 Minerviae

798 1667 943 1751 piae
1001 1664 1244 1747 fidelis,
1309 1666 1462 1729 item
1505 1663 1644 1748 (sic)
1693 1661 2035 1748 proconsul
2083 1659 2337 1727 Galliae
2395 1661 2869 1744 Narbonensis,
2927 1663 3082 1726 item
3139 1662 3368 1727 sodalis

797 1766 1236 1832 Hadrianialis
1301 1768 1519 1853 posuit
1576 1771 1618 1834 t.
1679 1765 2076 1830 Bonnensem
2130 1764 2533 1842 Brambach,
2596 1762 2836 1847 Corpus
2896 1765 3367 1848 2'nscmptionum

798 1870 1261 1934 Rhenanarum
1302 1873 1443 1934 463.
1498 1904 1584 1916 --
1642 1869 1723 1934 Si
1762 1868 1945 1932 modo
1993 1873 2033 1931 t.
2076 1868 2386 1951 yenuinus
2428 1869 2531 1943 sit,
2577 1867 2810 1950 leyioni
2839 1873 2988 1950 post
3022 1889 3365 1950 proconsu-

798 1972 998 2036 latum
1030 1973 1325 2055 praefuit
1343 1992 1363 2050 ,·
1408 1977 1475 2036 at
1518 1993 1639 2036 vox
1687 1973 1886 2036 ‘item’
1928 1991 2275 2054 perperam
2306 1971 2403 2035 bis
2431 1972 2655 2053 posita
2696 1972 3113 2054 suspicionem
3154 1975 3364 2035 movet.

671 2075 835 2139 1069
883 2083 1304 2138 CORNELIVS
1363 2083 1723 2156 AQVINVS,
1785 2072 2036 2156 legatus
2096 2073 2370 2155 legionis
2431 2094 2561 2136 una
2621 2095 2769 2137 cum
2832 2073 3036 2138 Fabio
3095 2071 3363 2137 Valente

792 2177 1137 2242 Fonteium
1181 2175 1564 2262 Capitonem
1623 2175 1908 2259 legatum
1955 2176 2348 2243 Germaniae
2405 2173 2731 2241 inferioris
2788 2175 3028 2242 occidit
3069 2197 3237 2240 anno
3278 2175 3360 2240 68

802 2280 949 2344 Tac.
993 2280 1055 2345 h.
1101 2284 1160 2356 1,
1207 2284 1262 2343 7.

670 2384 833 2450 1070
879 2393 1304 2448 CORNELIVS
1350 2392 1833 2464 ARCHELAVS,
1897 2384 2003 2445 vir
2044 2381 2458 2464 clarissimae,
2506 2392 2817 2468 patronus
2863 2381 3115 2464 collegii
3162 2403 3359 2447 sacer-

795 2486 1018 2551 dotum
1062 2486 1293 2551 domus
1336 2484 1673 2569 Augustae
1720 2483 2056 2550 Palatinae
2101 2495 2311 2549 aetate
2355 2484 2693 2551 Commodi
2741 2484 2843 2549 VI
2875 2489 3068 2552 2010.

668 2590 827 2655 1071
880 2588 1218 2655 Cornelius
1249 2588 1488 2653 Avitus
1520 2587 1704 2670 (libri
1716 2587 2007 2670 plerique
2030 2586 2294 2661 Abitus)
2319 2587 2795 2653 Chalcedonem
2826 2589 3049 2654 urbem
3084 2587 3358 2656 Gallieni

793 2702 1003 2756 aetate
1047 2691 1423 2756 subversam
1465 2701 1691 2775 postea
1734 2691 2062 2775 reparavit
2105 2690 2416 2755 Iordanes
2455 2690 2595 2758 Get.
2628 2695 2734 2768 20,
2769 2695 2911 2758 107.

669 2794 834 2859 1072
881 2793 1221 2859 Cornelius
1268 2793 1530 2876 Balbus,
1580 2816 1838 2878 praeses
1884 2792 2149 2879 quidam
2193 2793 2294 2857 vel
2341 2792 2479 2859 dux
2534 2796 2935 2880 imperatoris
2981 2794 3070 2861 M.
3117 2792 3360 2858 Aurelii

793 2895 1105 2961 Antonini
1148 2898 1256 2961 vit.
1304 2895 1638 2962 Pescennii
1683 2896 1883 2980 Niyri
1921 2902 1981 2973 4,
2029 2901 2159 2961 1-4
2202 2898 2272 2960 in
2318 2897 2587 2979 epistula
2629 2898 2801 2980 ficta.

670 3000 835 3065 1073
879 3009 947 3065 L.
996 3008 1416 3064 CORNELIVS
1462 3009 1768 3081 BALBVS,
1811 3000 1886 3066 P.
1926 2999 1991 3082 f.,
2038 3004 2186 3064 acta
2228 3000 2526 3082 triumph.
2563 3000 2834 3084 Capitol.
2870 2999 3021 3066 CIL
3050 3001 3132 3065 1²
3160 3022 3232 3083 p.
3260 3004 3358 3076 50,

792 3101 962 3167 filius
1003 3102 1219 3167 fratris
1265 3101 1548 3167 Cornelii
1597 3101 1786 3167 Balbi
1828 3103 2110 3185 maioris,
2159 3102 2522 3169 Gaditanus
2568 3126 2715 3167 cum
2760 3113 2992 3190 patruo
3038 3105 3359 3167 civitatem

797 3206 1149 3270 Romanam
1197 3208 1448 3291 accepit
1478 3204 1657 3269 Plin.
1697 3226 1760 3269 n.
1790 3204 1850 3267 h.
1882 3209 1943 3281 5,
1974 3210 2076 3270 36.
2140 3204 2321 3269 Bello
2367 3205 2543 3269 civili
2591 3205 2832 3272 Caesar
2876 3229 3094 3270 mense
3138 3206 3363 3270 Martio

794 3331 850 3373 a.
900 3308 1023 3373 705
1071 3338 1153 3360 r:
1197 3308 1279 3373 49
1325 3330 1380 3375 a.
1428 3308 1501 3374 C.
1551 3329 1696 3371 eum
1743 3307 1827 3370 ad
1869 3307 1947 3371 L.
1979 3307 2333 3372 Lentulum
2378 3308 2707 3373 consulem
2753 3332 2896 3372 eum
2943 3308 3177 3373 litteris
3223 3330 3359 3372 cum

793 3411 1114 3475 mandatis
1161 3432 1309 3473 cum
1354 3412 1779 3496 promissione
1823 3412 2198 3496 provinciae
2252 3411 2455 3493 misit,
2522 3422 2597 3477 ut
2640 3413 2907 3477 Romam
2956 3411 3199 3477 rediret
3240 3411 3359 3478 Cic.

796 3512 883 3577 ad
922 3513 1061 3577 Au.
1090 3515 1151 3589 8,
1182 3518 1239 3590 9,
1271 3519 1346 3591 4,·
1388 3516 1449 3589 8,
1481 3518 1580 3589 11,
1611 3518 1687 3589 5;
1730 3517 1786 3590 9,
1816 3518 1874 3589 6,
1907 3518 1981 3591 1,·
2028 3512 2299 3595 epistula
2357 3515 2490 3577 eius
2535 3514 2623 3578 ad
2665 3513 3019 3581 Ciceronem
3066 3515 3141 3580 (le
3185 3538 3261 3579 ea
3300 3537 3364 3578 re

798 3615 952 3681 data
997 3615 1123 3679 ibd.
1155 3620 1215 3692 8,
1250 3620 1328 3679 15
1358 3615 1458 3693 Α,·
1505 3614 1754 3679 litterae
1793 3617 1930 3680 eius
1963 3616 2044 3681 ad
2077 3615 2456 3681 Ciceronem
2501 3619 2777 3703 scriptae
2821 3640 2988 3682 anno
3021 3619 3144 3684 707
3180 3649 3260 3671 --
3288 3619 3362 3683 47

797 3729 1238 3782 memorantur
1281 3718 1409 3783 ibd.
1441 3724 1539 3795 11,
1571 3722 1673 3795 12,
1707 3724 1773 3795 2,
1823 3741 1989 3783 anno
2039 3719 2162 3784 709
2206 3749 2289 3772 ;
2335 3722 2417 3784 45
2465 3720 2590 3784 ι’ὂᾱ.
2631 3726 2735 3798 12,
2773 3726 2876 3798 38,
2915 3727 2994 3800 2,·
3040 3726 3141 3798 13,
3173 3728 3272 3799 49,
3301 3728 3360 3789 2.

797 3819 995 3905 Apud
1026 3819 1468 3905 Dyrrachium
1506 3831 1720 3886 castra
1757 3822 2301 3907 Pompeianorum
2347 3824 2674 3905 ingressus
2719 3826 2977 3909 saepius
3024 3847 3174 3889 cum
3205 3827 3365 3890 Len·

798 3921 930 3987 tulo
999 3924 1130 4005 egit
1200 3921 1467 3987 Velleius
1507 3929 1589 4000 2,
1640 3928 1738 3989 51.
1820 3923 2013 3987 Anno
2084 3925 2209 3990 710
2269 3955 2350 3978 =
2408 3928 2493 3991 44
2552 3936 2858 4011 quaestor
2924 3928 2990 3991 in
3053 3927 3368 4013 Hispania

798 4025 871 4090 C.
919 4025 1129 4089 Asinii
1195 4025 1504 4090 Pollionis
1558 4025 1854 4093 Gadibus
1917 4029 2176 4113 rapinas
2237 4028 2598 4115 caedesque
2660 4031 2953 4094 exercuit
3009 4040 3076 4094 et
3141 4029 3367 4113 grandi

796 4129 1069 4212 pecunia
1115 4138 1336 4193 coacta
1379 4128 1512 4194 kal.
1563 4130 1766 4193 Iuniis
1812 4130 1892 4193 ad
1940 4129 2187 4216 Calpen
2242 4134 2307 4195 in
2354 4152 2625 4215 regnum
2669 4132 2959 4216 Bogudis
3006 4155 3074 4197 se
3118 4134 3368 4198 traiecit

795 4229 1009 4294 Pollio
1055 4230 1227 4313 apud
1265 4230 1394 4298 Cic.
1444 4231 1532 4295 ad
1571 4231 1761 4295 Fam.
1811 4238 1909 4307 10,
1951 4237 2059 4308 32,
2090 4237 2238 4301 1-3.
2330 4233 2552 4317 Ludis,
2601 4258 2762 4321 quos
2809 4234 3104 4302 Gadibus
3151 4235 3366 4319 edidit,

798 4341 1200 4417 praetextam
1232 4332 1312 4397 de
1351 4356 1464 4398 suo
1512 4336 1742 4399 itinere
1784 4333 1866 4398 ad
1896 4335 1974 4401 L.
2008 4335 2360 4400 Lentulum
2405 4337 2855 4422 proconsulem
2899 4337 3369 4404 sollicitandum

798 4436 1013 4520 posuit
1054 4446 1134 4515 et,
1182 4458 1325 4499 cum
1374 4448 1693 4520 ageretur,
1743 4435 1925 4500 flevit
1968 4437 2054 4501 id.
2099 4438 2148 4519 ἕ
2191 4442 2249 4502 3.
2295 4444 2354 4503 5.

927 4538 1032 4602 Ex
1066 4541 1317 4622 privato
1349 4538 1706 4605 consularis
1747 4539 2016 4604 Velleius
2046 4540 2086 4604 l.
2122 4540 2183 4617 l.‚
2229 4543 2340 4623 qui
2378 4543 2437 4605 si
2478 4548 2773 4607 accurate
2811 4546 3085 4627 scripsit,
3126 4545 3372 4612 Balbus

795 4639 969 4705 nullo
999 4642 1380 4723 mayistratu
1396 4648 1550 4726 post
1570 4648 1973 4724 quaesturam
1995 4644 2251 4724 functus
2280 4646 2446 4709 inter
2468 4646 2829 4711 consulares
2855 4647 3057 4712 sedem
3089 4649 3373 4716 obtinuit.

795 4744 922 4811 Sed
962 4746 1238 4807 auctoris
1291 4750 1349 4809 et
1406 4745 1690 4828 opusculi
1750 4745 1978 4810 indolis
2020 4748 2270 4811 ratione
2320 4747 2545 4811 habita
2588 4749 2841 4813 concedi
2869 4756 3082 4833 potest
3123 4752 3376 4817 eundem

799 4848 1068 4928 sortasse
1113 4868 1239 4913 esse
1285 4848 1361 4916 L.
1409 4847 1779 4914 Cornelium
1825 4849 2154 4914 consulem
2201 4851 2400 4932 (suff.)
2451 4873 2508 4915 a.
2546 4853 2628 4917 32
2672 4852 2812 4917 eide
2858 4873 3059 4936 supra
3100 4876 3162 4922 n.
3196 4860 3373 4921 1057.

804 4950 1158 5014 Proconsul
1205 4951 1468 5016 Africae
1514 4954 1943 5016 Garamantes
1987 4953 2146 5016 vicit
2189 4963 2255 5017 et
2282 4953 2381 5017 VI
2424 4952 2492 5021 k.
2525 4953 2735 5041 April.
2775 4978 2833 5022 a.
2871 4957 2995 5022 735
3040 4987 3121 5009 =
3172 4959 3251 5022 19
3295 4957 3373 5021 de

806 5052 1311 5118 Garamantibus
1359 5054 1778 5139 triumphavit
1823 5060 1971 5119 acta
2016 5061 2115 5131 tr„
2164 5055 2430 5122 Velleius
2468 5056 2509 5125 l.
2544 5057 2604 5136 l„
2653 5057 2828 5123 Plin.
2858 5079 2922 5123 n.
2952 5057 3013 5122 h.
3048 5059 3090 5124 l.
3122 5059 3164 5125 l.
3211 5060 3377 5140 (inde

807 5153 1011 5222 Solin.
1055 5161 1164 5231 29,
1213 5156 1292 5239 7),
1342 5156 1578 5221 Strabo
1620 5162 1679 5234 3,
1723 5162 1784 5234 5,
1826 5164 1868 5222 3
1897 5180 1973 5241 p.
2005 5164 2148 5223 169.
2198 5195 2272 5206 —
2336 5160 2639 5224 Pontifex
2685 5160 2837 5225 Vell.
2884 5160 2926 5224 l.
2972 5160 3017 5226 l.
3063 5198 3143 5208 —·
3189 5163 3375 5229 Anno
