3859 5992
573 552 861 608 BALBVS
1879 545 2007 613 227
2859 556 3286 615 BALSAMIVS

572 785 659 796 —
700 758 768 828 Q.
814 758 1068 816 1VL1vs
1113 759 1425 819 BALBVS.

569 888 659 898 —
701 859 956 916 IVNIVS
1000 862 1311 922 BALBVS.

571 990 659 1001 —
703 951 778 1018 C.
824 953 1051 1019 Iunius
1096 955 1365 1023 Balbus.

570 1092 660 1105 —
700 1065 772 1122 D.
812 1065 1138 1125 LAELIVS
1181 1068 1492 1126 BALBVS.

572 1194 660 1204 —
704 1158 786 1240 Q.
829 1158 1081 1225 Marius
1125 1160 1391 1228 Balbus.

574 1297 661 1307 —
702 1271 769 1327 L.
814 1271 1135 1329 MINDIVS
1180 1273 1493 1330 BALBVS.

574 1401 661 1410 —
702 1372 981 1431 NONIVS
1023 1375 1335 1433 BALBVS.

572 1502 659 1512 —
700 1474 782 1534 M.
828 1475 1106 1533 NONIVS
1150 1477 1461 1535 BALBVS.

572 1604 661 1615 —
704 1578 771 1636 L.
817 1577 1219 1636 NORBANVS
1262 1580 1557 1636 BALBVS
1601 1570 1964 1654 (FLAocvs
1980 1571 2062 1655 P).

573 1706 661 1717 ·—
703 1680 766 1739 G.
812 1681 1123 1738 PACGIVS
1166 1683 1478 1740 BALBVS.

574 1809 662 1820 —
704 1782 770 1852 Q.
814 1782 1191 1841 POMPEIVS
1236 1785 1546 1846 BALBVS.

579 1913 659 1923 —
702 1884 771 1942 L.
816 1885 1206 1944 POPILLIVS
1250 1887 1561 1948 BALBVS.

572 2014 664 2024 —
704 1976 960 2044 Tullius
1003 1980 1271 2047 Balbus.

574 2117 662 2128 ··-
707 2079 783 2147 O.
829 2080 1132 2149 Valerius
1174 2082 1451 2150 Flaccus
1498 2083 1761 2151 Setinus
1804 2084 2074 2154 Balbus.

573 2201 658 2267 36
701 2200 1004 2287 Ballista,
1067 2201 1436 2288 praefectus
1492 2202 1874 2289 (praetorio)
1934 2198 2341 2291 imperatoris
2384 2203 2753 2288 Valeriani,
2815 2225 2947 2291 quo
3001 2212 3189 2290 capto
3249 2225 3291 2268 a

703 2304 921 2370 Persis
981 2325 1038 2371 a.
1083 2307 1202 2371 261
1270 2306 1389 2389 (M.
1434 2305 1698 2389 Fulvio)
1743 2306 2079 2371 Macriano
2138 2315 2371 2372 auctor
2425 2305 2580 2391 fuit,
2637 2316 2714 2372 ut
2753 2306 3096 2394 imperium
3140 2327 3284 2371 cum

704 2405 853 2472 filiis
898 2418 1187 2473 sumeret
1225 2410 1336 2475 vit.
1380 2407 1671 2475 Gallieni
1695 2415 1755 2487 1,
1804 2410 1949 2491 trio.
1990 2413 2107 2493 tyr.
2137 2415 2244 2487 12,
2288 2409 2589 2476 Zonaras
2621 2415 2729 2488 12,
2758 2413 2881 2489 24;
2923 2408 3289 2496 praefectus

705 2509 1023 2575 Macriani
1069 2511 1213 2595 triq.
1260 2516 1381 2596 tyr.
1425 2516 1532 2579 12.
1620 2510 1802 2577 Dum
1844 2511 2225 2577 Macrianus
2267 2533 2416 2577 cum
2461 2512 2567 2594 (T.
2611 2510 2846 2578 Fulvio
2890 2510 3107 2593 Iunio)
3151 2511 3287 2577 Ma-

700 2612 920 2677 criano
964 2611 1097 2679 filio
1140 2616 1386 2679 maiore
1429 2617 1496 2680 in
1535 2612 1873 2700 Illyricum
1917 2615 2243 2700 profectus
2276 2636 2317 2679 a
2346 2613 2629 2682 Gallieni
2667 2614 2941 2680 ducibus
2985 2614 3286 2700 vincitur,

703 2713 975 2781 Ballista
1016 2738 1164 2782 cum
1195 2717 1300 2800 (T.
1333 2715 1569 2783 Fulvio
1605 2718 1824 2802 Iunio)
1862 2717 2099 2799 Quieto
2143 2717 2275 2782 filio
2320 2717 2638 2783 Macriani
2682 2714 2932 2782 m'inore
2976 2718 3290 2785 orientem

703 2816 840 2883 fere
884 2829 1087 2885 totum
1130 2821 1199 2887 in
1241 2821 1563 2887 dicionem
1607 2820 1892 2905 redegit3
1938 2821 2052 2886 sed
2092 2821 2277 2886 clade
2308 2821 2786 2887 Macrianorum
2815 2821 3116 2886 nuntiata
3144 2842 3291 2884 cum

703 2918 965 3006 plurimi
997 2946 1036 2988 a
1068 2924 1291 3006 Quieti
1318 2925 1612 3012 partibus
1645 2924 2011 3007 deficerent,
2058 2923 2481 2990 Odaenathus
2513 2923 2824 3005 Quietum
2861 2934 2926 2988 et
2956 2923 3290 2989 Ballistam

702 3023 771 3087 in
830 3024 997 3091 urbe
1056 3024 1340 3092 Hemesa
1394 3026 1659 3093 inclusit
1714 3027 2173 3114 interfecitque
2228 3027 2529 3094 Zonaras
2572 3026 2616 3092 l.
2660 3026 2703 3094 l.
2747 3027 2828 3110 cf.
2879 3025 3014 3093 Dio
3058 3023 3290 3095 contin.

710 3124 776 3191 V
789 3147 864 3209 Ρ.
894 3131 1030 3194 225
1077 3129 1171 3195 ecl.
1214 3129 1524 3214 Dindorf.

827 3227 1079 3295 Eadem
1134 3234 1271 3315 fere
1322 3237 1558 3299 narrat
1622 3233 1971 3299 Trebellius
2028 3230 2242 3299 Pollio
2288 3233 2397 3301 vit.
2461 3230 2751 3297 Gallieni
2797 3235 2865 3310 3,
2938 3233 3070 3298 nisi
3128 3230 3295 3315 quod

702 3329 1040 3397 Ballistam
1068 3333 1304 3400 multos
1334 3336 1732 3401 Hemesenos
1764 3357 1909 3401 cum
1943 3336 2181 3418 Quieto
2212 3333 2610 3400 interfecisse
2649 3335 2893 3400 scribit.
2975 3335 3111 3416 Quo
3158 3335 3293 3401 loeo

702 3453 845 3499 oum
888 3433 964 3500 de
1007 3434 1329 3504 Ballistae
1373 3439 1547 3504 exitu
1590 3442 1818 3517 taceat,
1850 3443 2082 3522 postea
2127 3438 2271 3521 triy.
2318 3442 2438 3521 tyr.
2477 3441 2657 3516 14,1
2700 3441 2763 3502 et
2801 3438 2935 3520 ipse
2980 3437 3290 3519 Quietum

705 3558 854 3602 cum
898 3537 1172 3606 Ballista
1211 3539 1295 3606 ab
1340 3541 1724 3608 Odaenatho
1770 3541 2147 3607 interfectos
2192 3562 2332 3606 esse
2376 3541 2647 3624 eaponit.
2737 3539 2869 3606 Sed
2903 3539 3110 3623 paulo
3139 3545 3294 3624 post

703 3641 849 3724 triq.
881 3645 1000 3723 tyr.
1031 3646 1130 3721 16,
1160 3649 1203 3709 4
1230 3649 1293 3709 et
1319 3649 1418 3723 18,
1448 3650 1492 3710 3
1532 3643 1846 3732 plurimos
1887 3645 2019 3710 sive
2059 3643 2297 3709 multos
2340 3642 2644 3708 adserere
2685 3641 3020 3708 Ballistam
3052 3643 3290 3725 Quieto

705 3742 1041 3809 interfecto
1102 3746 1315 3831 ipsum
1368 3745 1724 3834 purpuram
1783 3747 2134 3833 sumpsisse
2184 3745 2458 3830 feliciter
2498 3745 2752 3811 invenit.
2850 3742 3026 3826 Quae
3080 3766 3293 3811 merae

702 3866 910 3929 nuyae
970 3854 1121 3914 sunt
1184 3852 1466 3916 auctoris
1528 3848 1704 3917 nullo
1759 3871 1888 3916 non
1944 3852 2051 3916 asi
2111 3849 2438 3915 mendacio
2498 3848 2587 3914 ad
2638 3868 2966 3913 numeram
3026 3846 3296 3931 tm'yinta

705 3970 884 4032 quem
925 3952 1055 4016 sibi
1079 3960 1508 4037 proposuerat
1545 3960 1962 4037 tyrannorum
1996 3952 2386 4037 avplenamn.
2454 3951 2764 4018 Nummos
2786 3947 2901 4033 qui
2924 3951 3297 4032 ferebantur

704 4052 1005 4137 insoripli
1047 4055 1233 4122 Serv,
1272 4056 1543 4123 Anicius
1588 4055 1878 4141 Ballista,
1924 4057 2065 4122 iare
2108 4053 2623 4122 abiecit-Eekhel
2666 4052 2811 4119 VH
2827 4074 2901 4136 Ρ.
2933 4057 3071 4122 461.

837 4155 1020 4221 Idem
1071 4158 1320 4226 videtur
1369 4156 1712 4245 Callistus,
1779 4159 1918 4226 dux
1982 4161 2456 4241 Romanorum,
2523 4157 2637 4243 qui
2696 4155 3046 4222 Valeriano
3105 4168 3300 4244 capto

707 4259 761 4324 P
764 4281 941 4324 orsas
984 4267 1146 4331 vicit
1190 4277 1256 4332 et
1299 4264 1583 4353 reppulit
1610 4265 1911 4332 Zonaras
1939 4268 2045 4344 12,
2081 4268 2172 4332 23
2200 4285 2273 4348 Ρ.
2301 4266 2440 4329 141.
2479 4265 2608 4328 142
2650 4259 2744 4327 ed.
2774 4257 3083 4343 Dindorf,
3130 4260 3296 4345 Syn-

708 4369 900 4437 eellas
929 4392 1004 4454 Ρ.
1039 4373 1159 4436 716
1202 4390 1280 4435 ex
1323 4368 1533 4436 eodem
1571 4373 1847 4434 auctore.

579 4488 662 4554 37
708 4489 1159 4574 Ballomarius,
1208 4490 1775 4554 Marcomanorum
1814 4512 1934 4554 rex
1964 4488 2089 4554 sub
2127 4509 2185 4553 a.
2218 4488 2337 4552 161
2374 4486 2608 4551 Petrus
2638 4482 2966 4549 Patricius
2992 4483 3226 4571 fraym.
3258 4485 3299 4547 6

684 4593 769 4677 (e
807 4592 1033 4659 Cassio
1074 4591 1311 4679 Dione)
1355 4590 1581 4659 FHG.
1612 4591 1733 4658 IV
1750 4614 1825 4675 Ρ.
1855 4595 1997 4656 186.

579 4712 663 4777 38
708 4723 771 4778 P.
834 4721 1261 4778 BALSAMIVS
1328 4720 1810 4795 SABINIANVS‚
1879 4709 2275 4775 clarissimus
2342 4708 2596 4775 iuvenis
2614 4705 2723 4789 (⁴?),
2792 4704 3093 4777 tribunus
3156 4702 3297 4768 lati-

711 4814 977 4902 clavius‚
1024 4814 1195 4881 filius
1239 4813 1494 4881 Aurelii
1533 4814 1875 4881 Sabiniani
1912 4813 2048 4878 III
2077 4815 2244 4878 1985
2286 4831 2449 4876 corr.
2479 4809 2613 4874 III
2642 4807 2713 4879 S.
2757 4812 2918 4875 8571
2962 4811 3005 4873 t.
3039 4806 3298 4873 Saloni-

708 4924 916 4985 tanus.
998 4918 1316 4985 Traditur
1362 4927 1425 4983 C.
1470 4927 1535 4985 P.
1579 4917 1676 4982 vel
1717 4924 1814 4981 Vc
1858 4914 1956 4982 vel
2000 4924 2078 4998 σε,
2123 4924 2188 4982 G.
2232 4924 2295 4982 P.
2339 4912 2603 4979 retinuit
2647 4910 3003 4977 Mommsen
3029 4909 3296 4993 Ephem.

708 5044 804 5108 ep.
834 5027 894 5100 4,
925 5026 1071 5100 265,
1124 5021 1199 5087 id
1237 5020 1406 5106 quod
1448 5021 1519 5086 in
1564 5021 1818 5086 tribuno
1864 5017 2189 5084 laticlavio
2232 5016 2398 5099 ferri
2435 5035 2565 5081 non
2595 5018 2841 5099 potesa-
2871 5011 3300 5101 praetulerim

711 5146 858 5209 erqo
903 5134 965 5193 C.
1012 5135 1059 5190 1.

2779 5216 2889 5273 15*
