3859 5992
678 491 1045 553 CLAVDIVS
1954 478 2086 545 886
3014 488 3344 545 GLAVDIV
3346 490 3385 544 S

800 688 965 754 Aen.
1011 692 1070 766 6,
1120 687 1419 752 860-886
1473 686 1557 767 cf.
1602 684 1855 751 Donati
1893 684 2003 751 vit.
2049 683 2315 768 Veryi'lii
2353 684 2611 751 Sueten.
2655 676 2895 753 rel.'cd.
2927 683 3390 766 Reifferscheid

796 814 872 876 p.
903 794 991 857 62
1033 798 1099 855 et
1141 788 1518 876 Propertius
1564 786 1774 872 elegia
1814 792 1874 865 4,
1918 789 2021 852 18.

932 894 1336 960 Mmoratur
1380 890 1559 957 Plin.
1602 911 1667 956 n.
1713 889 1776 958 h.
1822 895 1881 968 7,
1928 894 2068 967 109,
2122 889 2270 956 Tac.
2316 889 2379 955 h.
2424 895 2484 968 1,
2521 895 2620 968 15,
2669 913 2730 957 a.
2774 897 2833 970 1,
2865 897 2979 970 74,·
3019 896 3079 970 6,
3109 895 3209 969 51,
3250 889 3383 958 Dio

802 1003 902 1076 53,
930 1001 1013 1062 33
1027 1017 1047 1075 ;
1088 999 1186 1072 54,
1220 999 1281 1073 3,
1329 991 1646 1060 Consolat.
1693 991 1781 1057 ad
1821 994 2076 1057 Liviam
2117 1013 2173 1057 v.
2212 997 2310 1058 67.
2353 998 2493 1058 441.

676 1102 802 1168 740
846 1110 925 1165 M.
975 1107 1341 1165 CLAVDIVS
1387 1104 1839 1160 MARCELLVS
1882 1103 2382 1177 AESERNINVS,
2431 1095 2656 1160 consul
2699 1119 2757 1161 a.
2791 1095 2916 1162 733
2958 1126 3042 1150 =
3078 1099 3162 1162 22
3201 1120 3259 1162 a.
3304 1097 3373 1165 C.

802 1224 951 1269 cum
995 1202 1074 1267 L.
1120 1200 1457 1266 Arruntio.
1547 1198 1956 1264 Memoratar
2004 1199 2076 1262 ia
2117 1197 2308 1279 faeta
2353 1196 2731 1281 Capitolinis
2775 1199 2864 1264 ad
2906 1221 2966 1263 a.
3012 1204 3138 1264 737
3175 1202 3262 1287 (1)
3318 1205 3376 1265 et

802 1306 871 1371 in
916 1306 1078 1370 actis
1118 1302 1556 1369 saecularibus
1596 1301 1880 1385 Amasti
1916 1302 2034 1386 (2).

929 1408 1016 1472 In
1058 1405 1424 1472 consulatu:
1467 1404 1670 1489 plena
1718 1405 1982 1470 nomina
2025 1403 2273 1470 eoehibct
2315 1403 2445 1469 Dio
2486 1403 2616 1468 incl.
2665 1402 2706 1469 l.
2746 1408 2847 1481 54,
2905 1404 2995 1469 Μ.
3041 1404 3373 1471 Marcellus

801 1510 937 1576 Dio
975 1514 1077 1588 54,
1120 1514 1192 1587 1,
1261 1507 1656 1585 Cass-iocor„
1717 1507 2118 1573 Aeserninus
2161 1507 2324 1588 facti
2360 1505 2601 1591 Hydai.
2624 1557 2640 1583 ‚
2700 1511 2968 1572 ceterum
3009 1507 3373 1592 plerumque

802 1610 1149 1677 Marcellus
1193 1610 1373 1692 fasti.
1420 1645 1498 1654 —
1545 1608 1634 1676 M.
1684 1607 2001 1675 Claudius
2045 1607 2393 1674 Marcellus
2441 1613 2485 1674 t.
2526 1614 2585 1685 1,
2631 1608 2721 1676 M.
2766 1608 3108 1674 Marcellus
3153 1615 3195 1676 t.
3235 1617 3297 1677 2.

928 1714 1019 1783 M.
1066 1714 1110 1781 f.
1156 1712 1245 1778 M.
1292 1734 1356 1780 n.
1397 1715 1441 1776 t.
1472 1716 1531 1789 1,
1582 1710 1672 1776 Μ.
1715 1711 1759 1779 f.
1791 1710 1923 1777 Dio
1954 1710 2108 1789 ind„
2154 1710 2328 1794 filias·
2370 1710 2617 1776 videtur
2661 1711 2762 1776 M.
2810 1710 3115 1777 Marcelli
3153 1713 3369 1778 Aeser-

799 1818 942 1883 nini
965 1815 1320 1900 quaestoris
1360 1837 1421 1879 a.
1456 1818 1578 1879 706
1609 1843 1691 1867 =
1718 1817 1804 1879 48
1843 1812 1981 1879 Dio
2008 1820 2114 1891 42,
2144 1817 2245 1880 15.
2315 1812 2557 1879 Consul
2584 1834 2641 1881 v.
2671 1834 2887 1897 supra.
2923 1852 3001 1861 —
3033 1814 3221 1881 Anno
3253 1817 3368 1882 737

802 1950 887 1974 =
919 1921 997 1986 17
1030 1942 1086 1985 a.
1122 1918 1197 1985 O.
1232 1919 1542 2002 magister
1567 1915 1824 2000 collegii
1855 1916 2449 2002 quindecimvirum
2478 1918 2680 1981 sacris
2713 1916 3028 1982 faciundis
3060 1922 3101 1982 t.
3126 1924 3182 1989 1.
3207 1925 3270 1985 2.
3291 1957 3370 1965 ——

809 2022 1074 2088 onrem
1132 2021 1314 2087 duxit
1370 2020 1575 2105 filiam
1636 2017 1704 2085 C.
1749 2019 1975 2085 Asinii
2029 2018 2341 2086 Pollionis
2358 2069 2374 2097 ,
2425 2040 2502 2085 m:
2556 2041 2685 2103 Qua
2732 2021 2948 2105 genuit
3001 2020 3371 2088 Marcellmn

802 2126 1222 2191 Aeserniam
1265 2124 1376 2206 qui
1415 2124 1718 2206 sequitur.

674 2230 794 2296 741
845 2239 925 2293 M.
955 2236 1324 2293 CLAVDIVS
1367 2234 1822 2291 MARCELLVS
1854 2234 2355 2291 AESERNINVS.
2426 2226 2487 2291 T
2479 2225 2628 2291 ibuli
2638 2246 2658 2290 .·
2687 2232 3072 2292 memoratur
3100 2229 3168 2292 in
3196 2229 3371 2310 fastis

799 2329 1140 2395 Arvalium
1170 2327 1321 2395 CIL
1348 2328 1435 2393 1²
1466 2350 1540 2411 p.
1575 2332 1656 2391 70
1693 2328 1803 2412 (1),
1848 2329 1921 2392 in
1960 2328 2144 2411 cippo
2185 2329 2435 2394 urbano
2480 2327 2583 2394 VI
2614 2333 2789 2395 1237
2813 2327 2927 2414 (2),
2974 2331 3043 2395 in
3085 2336 3128 2396 t.
3173 2331 3374 2397 liberti

805 2431 1237 2516 Neapolitano
1276 2430 1350 2498 X
1390 2434 1553 2497 1448
1591 2426 1702 2518 (3).

933 2536 1024 2602 M.
1085 2535 1401 2602 Claudius
1459 2533 1810 2600 Marcellus
1869 2538 1913 2599 t.
1963 2541 2020 2601 1.
2066 2540 2135 2613 2,
2197 2534 2314 2617 (M.
2361 2533 2701 2619 Claudius)
2760 2535 3107 2604 Marcellus
3158 2538 3373 2605 Aeser-

801 2641 992 2704 ninus
1037 2644 1079 2705 t.
1123 2644 1199 2717 3;
1256 2637 1661 2704 Aeserninus
1719 2637 2070 2704 Marcellus
2123 2639 2270 2703 Tac.
2319 2660 2381 2703 a.
2423 2643 2483 2716 3,
2531 2644 2630 2716 11,
2683 2638 2863 2707 Plin.
2909 2661 2973 2705 n.
3017 2641 3079 2707 h.
3125 2647 3228 2721 12,
3272 2649 3370 2721 12,

801 2743 1044 2810 Seneca
1085 2740 1242 2808 rhet.
1274 2742 1527 2824 passim
1540 2761 1562 2818 ‚·
1605 2741 2011 2806 Aeserninus
2065 2739 2214 2805 Tac.
2248 2763 2304 2805 a.
2337 2746 2436 2818 11,
2468 2745 2526 2807 6.
2561 2747 2617 2818 7,
2665 2741 2923 2811 Sueten.
2972 2744 3240 2828 August.
3267 2752 3370 2825 43,-

803 2843 1115 2911 Claudius
1158 2841 1507 2909 Marcellus
1549 2844 1678 2908 sive
1723 2841 2073 2907 Marcellus
2104 2844 2354 2926 passim
2398 2842 2573 2929 apud
2613 2843 2935 2910 Senecam.

929 2945 1021 3011 M.
1065 2945 1112 3012 f.
1159 2950 1201 3010 t.
1236 2951 1302 3029 2,
1348 2944 1526 3030 filias
1567 2944 1806 3011 scilicet
1836 2945 1936 3013 Μ.
1979 2944 2251 3011 Claudii
2279 2945 2586 3011 Marcelli
2623 2947 2894 3013 consulis·
2934 2970 2995 3014 a.
3029 2955 3155 3017 732
3183 2982 3264 3006 =
3289 2960 3377 3021 22

803 3072 863 3117 a.
904 3048 996 3126 0.,
1043 3070 1243 3135 nepos
1290 3047 1365 3114 C.
1410 3047 1621 3113 Asinii
1668 3046 1982 3112 Pollionis
2027 3049 2140 3131 (ex
2178 3046 2339 3131 filia)
2386 3047 2644 3113 Sueten.
2689 3048 2958 3132 Auqust.
2990 3056 3107 3131 43,·
3147 3054 3375 3121 Seneca

806 3156 1081 3217 controv.
1125 3156 1166 3216 4
1197 3151 1414 3234 praef.
1461 3154 1522 3216 3.
1557 3154 1617 3214 4.
1662 3186 1748 3195 —
1799 3150 2072 3215 Praetor
2116 3152 2495 3237 peregrinus
2539 3174 2598 3216 a.
2646 3151 2727 3217 19
2770 3174 2834 3239 p.
2879 3151 2954 3219 C.
2998 3158 3042 3220 t.
3087 3160 3164 3234 1,·
3222 3158 3378 3223 inter

807 3255 1097 3341 quinque
1143 3264 1476 3319 curatores
1520 3253 1809 3340 riparum
1855 3263 1921 3318 et
1965 3251 2135 3318 alvei
2182 3253 2436 3319 Tiberis
2480 3253 2733 3336 (quarto
2786 3254 2944 3340 loco)
2991 3261 3033 3323 t.
3078 3262 3145 3325 2.
3231 3259 3376 3326 Gon-

809 3357 1005 3422 sulem
1044 3354 1378 3435 suffeetwm
1436 3376 1566 3421 esse
1609 3377 1686 3421 ex
1726 3356 1935 3421 verbis
1988 3354 2199 3421 Taciti
2240 3378 2301 3421 α.
2343 3362 2444 3433 11,
2483 3360 2523 3421 6
2572 3356 2679 3421 ‘ad
2724 3380 2976 3425 summa
3019 3373 3372 3447 provectos’

807 3458 1121 3542 Boryhesi
1163 3480 1304 3542 opp.
1336 3457 1472 3523 III
1492 3481 1564 3541 p.
1594 3463 1718 3524 346
1759 3457 1937 3523 haud
1980 3464 2144 3523 certe
2188 3459 2468 3543 calleci&
2524 3480 2719 3542 neque
2778 3462 2942 3527 enim
2985 3484 3062 3529 cx
3104 3470 3380 3530 contextu

806 3562 1135 3627 verborum
1188 3580 1433 3626 necesse
1488 3564 1579 3625 cst
1622 3581 1862 3643 ponere
1919 3560 2036 3627 hoc
2089 3560 2225 3627 loco
2273 3560 2378 3625 ‘ad
2425 3573 2695 3627 summa‘
2745 3563 2911 3629 idem
2953 3565 3163 3633 valere
3207 3573 3379 3651 atque

814 3663 929 3729 ‘ad
968 3683 1239 3729 summos
1280 3662 1594 3729 honore-3².

942 3768 1117 3833 Puer
1173 3774 1391 3830 tantae
1449 3763 1715 3849 indolis,
1778 3775 1852 3830 ut
1912 3765 2117 3831 Pollio
2176 3763 2261 3831 ad
2325 3762 2506 3829 illum
2552 3768 2875 3852 pertinere
2919 3774 3379 3838 successionem

812 3869 1217 3956 eloquentiae
1264 3890 1420 3933 suae
1463 3867 1758 3933 crederet
1804 3868 2049 3935 Seneca
2093 3873 2364 3936 controv.
2408 3873 2451 3933 4
2477 3871 2696 3953 praef.
2740 3876 2798 3939 4.
2885 3873 3065 3939 Inter
3109 3877 3384 3960 insignes

813 3982 1099 4038 oratores
1146 3972 1539 4036 recentiores
1579 3982 1976 4037 memoratur
2015 3972 2161 4037 Tac.
2196 3992 2256 4035 a.
2290 3976 2388 4049 11,
2422 3976 2480 4037 6.
2557 3972 2676 4039 Cn.
2724 3974 2873 4039 Piso
2918 3999 3068 4042 reus
3111 4001 3278 4045 anno
3308 3981 3385 4046 20

811 4075 1052 4141 frustra
1096 4095 1245 4138 eum
1290 4084 1637 4160 patronum
1678 4075 1869 4161 petiit
1910 4074 2041 4140 ibd.
2071 4079 2131 4151 3,
2164 4079 2263 4141 11.
2341 4073 2714 4141 Sententiae
2759 4078 2896 4143 eius
2941 4078 3185 4147 Seneca
3220 4103 3383 4148 suas.

811 4183 877 4256 2,
922 4184 991 4256 9;
1035 4182 1094 4256 6,
1123 4182 1183 4255 4,
1215 4182 1317 4254 10,
1364 4181 1740 4243 οοηίνουενε.
1787 4182 1851 4256 2,
1889 4182 1950 4255 5,
1984 4182 2055 4256 9,·
2097 4182 2155 4255 7,
2189 4182 2250 4255 1,
2279 4180 2338 4242 5.
2371 4182 2502 4257 22;
2548 4184 2603 4257 7,
2633 4185 2699 4263 2,
2730 4186 2847 4260 10,·
2891 4186 2948 4260 7,
2986 4187 3046 4260 4,
3080 4189 3139 4249 1.

939 4281 1018 4345 In
1061 4280 1296 4345 Troiae
1339 4279 1515 4364 luso,
1578 4301 1769 4367 quem
1816 4280 2156 4365 Augustus
2203 4279 2439 4365 edidit,
2506 4303 2665 4367 puer
2708 4306 2857 4350 crus
2901 4285 3096 4370 fregit
3137 4288 3383 4355 Sueten.

813 4383 854 4448 l.
897 4382 937 4448 l.
981 4420 1068 4429 —-
1110 4382 1284 4448 Ditis
1330 4382 1613 4451 familiae
1656 4382 1844 4449 heres
1884 4384 2033 4449 Tac.
2066 4405 2126 4448 a.
2156 4388 2255 4468 11,
2291 4389 2347 4452 7.
2393 4421 2479 4430 -
2523 4384 2775 4451 Liberti
2819 4387 2958 4453 eius
3004 4389 3183 4457 Plin.
3223 4414 3288 4458 n.
3330 4393 3386 4457 h.

810 4491 920 4565 12,
956 4490 1046 4553 12
1089 4490 1150 4551 et
1193 4491 1236 4552 t.
1271 4491 1332 4551 3.

687 4590 812 4656 742
858 4599 1009 4656 ΙΜΡ.
1077 4599 1173 4655 TI.
1250 4590 1675 4673 CL(AVDIVS)
1749 4590 2147 4673 MAR(INVS)
2220 4600 2692 4657 PACATIANVS
2766 4603 3170 4662 AVGVSTVS.
3285 4598 3390 4665 Sic
3501 4612 3507 4617 ’

809 4695 1071 4759 nomina
1113 4692 1403 4759 achibent
1444 4694 1690 4759 nwnmi
1730 4695 1864 4759 eius
1905 4693 2115 4760 Cohen
2162 4693 2294 4759 V12
2328 4717 2402 4779 p.
2434 4699 2555 4761 181
2597 4696 2693 4762 vel
2732 4698 2897 4784 Imp.
2941 4697 3044 4763 Ti.
3090 4698 3189 4766 cl.
3234 4701 3390 4766 Mar.

814 4798 1203 4863 Pacatianus
1248 4797 1322 4862 P.
1367 4798 1443 4865 F.
1496 4797 1670 4881 Aug.
1760 4798 1932 4863 Eum
1992 4798 2328 4881 imperium
2384 4800 2456 4864 in
2500 4798 2843 4865 Pannonia
2895 4799 2991 4867 vel
3034 4801 3104 4866 in
3147 4802 3395 4869 Moesia

813 4901 1147 4985 sumsisse
1190 4900 1431 4966 Eckhel
1477 4899 1619 4966 VII
1639 4923 1710 4985 p.
1748 4906 1870 4966 339
1912 4906 2080 4967 recte
2126 4901 2271 4967 inde
2314 4902 2565 4988 collcqit
2583 4953 2599 4981 ,
2647 4903 2813 4987 quod
2851 4906 3096 4969 nummi
3135 4910 3395 4972 ceteram

815 5004 1151 5071 admodmn
1177 5006 1325 5069 rari
1350 5006 1757 5070 inveniantur
1774 5005 2000 5088 plures
2029 5006 2099 5071 in
2128 5007 2359 5071 muscis
2388 5007 2777 5073 AustriaciS.
2839 5007 3155 5075 Nummus
3191 5007 3394 5075 Colum

811 5132 884 5197 p.
915 5112 1046 5175 182
1082 5129 1148 5175 n.
1198 5114 1240 5173 7
1277 5109 1622 5193 inscriptus
1668 5113 1759 5174 est
1813 5110 1882 5173 in
1942 5130 2168 5175 aversa
2212 5111 2456 5176 Romae
2499 5111 2854 5195 aeter(nae)
2899 5112 3127 5196 an(no)
3173 5111 3393 5196 mill(e-
