3859 5992
471 533 721 588 ANNIA
1782 525 1867 592 77
2952 538 3193 593 ΑΝΝΙΑ

474 739 487 749 “
528 740 541 749 “
606 732 816 814 itaque
837 735 1113 796 ‘mortua
1156 735 1247 795 est
1290 731 1467 796 intm
1509 752 1590 799 m.
1622 729 2035 797 Decembrem
2074 753 2135 797 a.
2168 735 2289 796 140
2334 736 2394 796 et
2433 752 2517 796 m.
2547 731 2792 797 Iulium
2836 755 2896 801 a.
2927 730 3049 799 141
3090 734 3193 819 (de

600 834 869 899 nunimis·
898 832 1365 899 Alemandrinis
1392 834 1475 917 ef.
1506 854 1627 899 von
1655 833 1878 911 Sallet,
1911 832 2131 900 Daten
2161 833 2272 900 der
2300 833 2894 901 alexandoiniseben
2923 836 3194 903 Kaiser-

606 944 871 1003 miim'en
915 958 987 1021 Ρ.
1034 936 1160 1020 36).
1257 936 1321 1001 A
1379 945 1610 1002 senatu
1670 946 2049 1002 consecrata
2106 947 2207 1002 est
2254 936 2483 1003 delatis
2543 937 2942 1004 circensibus
2998 937 3196 1025 atque

608 1039 847 1127 templo
886 1049 953 1104 et
992 1038 1337 1105 flaminicis
1380 1049 1446 1104 et
1488 1041 1720 1105 statuis
1763 1040 1984 1105 aureis
2025 1049 2225 1126 atque
2266 1040 2608 1125 argenteis,
2654 1063 2804 1107 cum
2832 1042 3027 1106 etiam
3056 1042 3196 1128 ipse

607 1143 817 1222 (Pius)
850 1141 969 1207 hoc
997 1143 1406 1226 concesserit,
1442 1151 1515 1207 ut
1544 1143 1760 1227 imago
1788 1144 1927 1208 eius
1971 1143 2225 1207 cunctis
2268 1142 2666 1209 circensibus
2705 1154 3057 1230 poneretur
3081 1145 3192 1209 vit.

607 1244 722 1309 Pii
762 1249 820 1322 6,
866 1249 909 1308 7
920 1264 941 1323 ,·
999 1243 1156 1309 diva
1199 1245 1514 1310 Faustina
1556 1245 1732 1328 Aug.
1777 1246 1905 1311 sive
1949 1245 2106 1310 diva
2155 1245 2469 1309 Faustina
2510 1246 2637 1311 sive
2680 1245 2840 1312 diva
2880 1247 3198 1313 Faustina

608 1349 731 1413 Pia
778 1347 1029 1430 passim
1088 1349 1156 1412 in
1221 1347 1426 1413 titulis
1483 1353 1669 1431 atque
1722 1350 2033 1427 nummis,
2085 1349 2331 1413 nummi
2384 1349 2707 1431 inseripti:
2776 1349 3192 1416 Consecratio

609 1450 708 1516 vel
764 1448 1183 1515 consecratio
1229 1451 1295 1517 S.
1343 1448 1418 1515 C.
1462 1449 1706 1516 Eelcbel
1750 1472 1823 1533 Ρ.
1872 1456 1977 1529 39,
2028 1449 2242 1517 Gohen
2296 1470 2359 1517 n.
2405 1455 2533 1516 162
2571 1470 2722 1533 sqq„
2771 1451 3019 1536 aed(es)
3062 1451 3195 1520 div.

609 1553 958 1619 Faustinae
1002 1558 1062 1619 et
1103 1552 1429 1619 dedicatio
1474 1553 1655 1619 aedis
1697 1553 1945 1620 Eckhel
1974 1576 2048 1637 Ρ.
2077 1559 2181 1631 39,
2239 1552 2452 1619 Gohen
2491 1574 2556 1620 n.
2600 1558 2660 1619 1.
2705 1558 2846 1619 194.
2923 1556 3082 1620 Pius
3129 1555 3197 1620 in

612 1655 922 1721 honorem
962 1656 1313 1722 Faustinae
1366 1655 1617 1743 puellas
1675 1656 2115 1722 alimentarias
2183 1656 2643 1722 Faustinianas
2704 1658 3040 1723 constituit
3088 1658 3195 1723 vit.

609 1758 726 1823 Pii
763 1763 825 1837 8,
867 1763 935 1837 1,
994 1757 1363 1825 Alexandri
1405 1759 1628 1825 Severi
1665 1765 1779 1838 57,
1837 1764 1879 1825 7
1934 1760 2017 1843 ef.
2061 1779 2348 1825 nummos
2405 1760 2475 1824 in
2518 1764 2715 1843 parte
2774 1759 3042 1826 adversa
3094 1781 3197 1826 ex-

608 1861 891 1928 hibentes
920 1861 1079 1927 diva
1105 1861 1408 1947 Augusta
1437 1863 1768 1946 Faustina,
1815 1864 1887 1928 in
1930 1882 2157 1928 aversa
2185 1861 2439 1949 puellae
2468 1863 2933 1928 Faustinianae
2958 1862 3200 1929 Ecklwz

606 1986 680 2049 Ρ.
711 1968 814 2042 40,
870 1963 1082 2030 Cohen
1124 1984 1187 2030 n.
1217 1970 1348 2032 261
1375 1985 1505 2049 sqq.

476 2068 610 2134 553
650 2076 893 2132 amm
956 2076 1291 2132 GALEmA
1355 2076 1734 2132 FAvs'rmA
1809 2070 1922 2152 (11)
1991 2098 2075 2122 =
2139 2077 2515 2133 FAvsTmA
2586 2077 2963 2151 AvevsTA,
3031 2088 3199 2132 uxor

610 2169 700 2234 M.
746 2168 999 2235 Aurelii
1045 2168 1382 2236 Antonini.
1466 2170 1688 2236 Annia
1730 2171 2047 2237 Faustina
2088 2171 2195 2236 vit.
2246 2171 2472 2236 Marci
2512 2176 2581 2248 1,
2624 2175 2683 2249 5,
2746 2176 2790 2236 t.
2836 2170 3199 2256 Olympicus

611 2271 1144 2356 Arehdoloyische
1190 2272 1462 2357 Zeituny
1504 2270 2025 2359 XXXV(1877)
2053 2296 2128 2359 Ρ.
2160 2279 2281 2339 101
2323 2296 2386 2339 n.
2422 2279 2534 2353 70,-
2579 2273 2845 2341 Galeria
2886 2272 3201 2339 Faustina

612 2376 829 2440 iunior
869 2374 1142 2458 Eutrop.
1187 2379 1249 2458 8,
1296 2380 1398 2453 10,
1445 2376 1761 2441 Faustina
1806 2381 2097 2444 ceterum.
2140 2414 2228 2424 —
2277 2378 2691 2464 Imperatoris
2734 2376 3052 2442 Antonini
3096 2375 3199 2440 Pii

614 2488 679 2543 et
717 2475 971 2543 Anniae
1002 2476 1321 2545 'Galeriae
1363 2478 1719 2544 Faustinae
1777 2477 1946 2557 filia,
2006 2478 2396 2544 consobrina
2452 2478 2543 2544 Μ.
2590 2478 2842 2544 Aurelii
2886 2477 3200 2544 Antonini

612 2581 720 2645 vit.
766 2579 882 2645 Pii
916 2585 976 2658 1,
1010 2584 1070 2657 7,
1117 2579 1346 2646 Marci
1370 2586 1430 2659 1,
1459 2586 1521 2659 5,
1562 2581 1836 2664 Eutrop.
1866 2585 1929 2659 8,
1965 2586 2061 2658 10,
2107 2580 2243 2647 Dio
2287 2586 2386 2659 71,
2427 2586 2488 2647 3.
2576 2581 2953 2647 Hadrianus
2996 2579 3199 2645 Anto·

613 2684 839 2749 ninum
884 2705 961 2749 ea
1010 2682 1155 2768 lege
1202 2684 1659 2770 adoptaverat,
1723 2693 1796 2749 ut
1852 2684 2233 2750 Faustinam
2289 2683 2490 2749 filiam
2548 2685 2625 2752 L.
2681 2684 2949 2751 Ceionio
3012 2682 3199 2748 Com-

615 2786 828 2871 modo,
876 2788 988 2874 qui
1031 2792 1256 2875 postea
1284 2789 1361 2856 L.
1393 2788 1607 2855 Verus
1636 2786 1848 2853 dictus
1881 2796 1996 2870 est,
2029 2787 2482 2874 desponderet,
2519 2787 2634 2867 sed
2674 2798 2822 2874 post
2862 2806 3201 2852 excessum

614 2889 935 2955 Hadriani
996 2891 1372 2956 Antoninus
1431 2889 1762 2956 dissolutis
1829 2889 2238 2977 sponsalibus
2304 2891 2654 2956 Faustinae
2718 2901 2784 2957 et
2840 2887 3199 2969 Commodi,

615 2990 816 3058 filiam
856 2993 947 3059 M.
993 2993 1262 3059 Aurelio
1321 2993 1670 3081 despondit
1709 2993 1818 3058 vit.
1861 2991 2042 3059 Aelii
2082 2998 2140 3070 6,
2190 2998 2249 3072 9,
2299 2993 2523 3059 Marci
2563 2999 2622 3072 6,
2667 2999 2749 3073 2,·
2791 2999 2890 3071 16,
2939 2998 2997 3069 7,
3056 2990 3205 3057 Veri

615 3099 682 3172 2,
723 3100 784 3163 3.
857 3096 1051 3162 Anno
1099 3097 1221 3163 143
1265 3097 1425 3161 Pius
1468 3095 1550 3162 de
1595 3119 1674 3162 ea
1716 3097 1978 3183 scripsit
2024 3095 2306 3161 ‘mallem
2349 3095 2722 3162 mehercule
2766 3096 3008 3182 Gyaris
3053 3114 3202 3158 cum

618 3195 729 3261 illa
786 3220 982 3284 quam
1035 3200 1175 3264 sine
1232 3198 1344 3265 illa
1402 3201 1467 3263 in
1526 3198 1778 3265 Palatio
1837 3203 2083 3263 vivere‘
2148 3197 2317 3263 Pius
2371 3199 2461 3264 ad
2512 3197 2902 3264 Frontonem
2947 3220 3023 3281 Ρ.
3061 3201 3200 3263 164.

604 3299 700 3365 Ἀ.
748 3301 870 3366 145
915 3298 1024 3385 (cf.
1066 3322 1391 3366 nummwm
1436 3302 1536 3367 M.
1580 3302 1840 3367 Aurelii
1881 3324 1943 3366 a.
1989 3305 2108 3367 145
2152 3321 2370 3366 cusum
2413 3323 2553 3367 cum
2595 3303 3004 3387 inscriptione
3032 3300 3205 3365 Vota

625 3401 885 3488 publica
911 3404 1154 3469 Eokhel
1198 3403 1341 3469 VII
1361 3426 1435 3487 Ρ.
1464 3408 1571 3490 46)
1615 3405 1773 3469 Pius
1818 3405 2077 3491 nuptias
2117 3404 2473 3469 Faustinae
2516 3415 2579 3470 et
2617 3406 2824 3470 Marci
2867 3400 3205 3468 celeberri-

626 3526 762 3569 mas
806 3505 963 3569 fecit
1003 3506 1112 3570 vit.
1160 3504 1275 3570 Pii
1315 3511 1416 3583 10,
1461 3511 1528 3572 2.
1620 3505 1698 3571 A.
1748 3507 1870 3572 146
1925 3528 2009 3570 ex
2053 3505 2276 3572 Marco
2337 3505 2538 3572 filiam
2594 3507 2849 3593 peperit
2891 3505 3202 3588 (Anniam

623 3606 957 3673 Aureliam
1002 3607 1334 3676 Galeriam
1376 3609 1788 3691 Faustinam)
1830 3610 1940 3674 vit.
1984 3607 2212 3674 Marci
2250 3614 2310 3687 6,
2355 3614 2415 3675 6.
2506 3610 2656 3676 Veri
2695 3609 2901 3674 simile
2954 3612 3074 3685 est,
3132 3613 3204 3672 ut

622 3715 784 3775 recte
838 3711 972 3776 iam
1029 3711 1380 3777 observavit
1435 3711 1678 3778 Eckhel
1721 3710 1864 3777 VII
1895 3734 1970 3795 Ρ.
2021 3717 2118 3789 77,
2168 3717 2320 3794 post
2371 3712 2554 3777 illam
2596 3712 2802 3795 filiam
2843 3716 3084 3787 natam,
3129 3714 3200 3774 ut

624 3811 857 3879 Marco
901 3813 1248 3879 tribunicia
1277 3819 1566 3897 potestas
1612 3813 1862 3880 decreta
1905 3819 1997 3878 est
2040 3815 2121 3898 (v.
2166 3834 2367 3897 supra
2397 3837 2472 3898 Ρ.
2508 3813 2635 3898 72),
2682 3815 2779 3880 ita
2812 3812 3202 3879 Faustinam

620 3920 1051 4000 nuncupatam
1109 3936 1239 3982 esse
1293 3916 1675 3999 Auyustam.
1770 3917 2088 3981 Faustina
2148 3915 2318 4000 Aug.
2375 3918 2448 3982 in
2507 3923 2550 3983 t.
2605 3918 2852 3999 Tiferni
2916 3915 3204 3981 Tiberini

622 4023 868 4100 reperto
905 4018 1026 4084 XI
1044 4024 1207 4086 5931
1240 4020 1455 4103 posito
1497 4021 1665 4085 inter
1706 4040 1976 4085 mensem
2003 4017 2410 4085 Decembrem
2455 4042 2516 4085 α.
2548 4025 2670 4086 146
2712 4024 2772 4085 et
2811 4024 2937 4085 147
2963 4023 3023 4084 et
3056 4017 3203 4083 inde

623 4121 705 4186 ab
748 4142 818 4187 eo
862 4126 1133 4206 ternpore
1164 4123 1417 4206 passim
1455 4124 1526 4187 in
1570 4122 1773 4187 titulis
1816 4122 2210 4204 mammisque
2252 4122 2494 4188 Eckbel
2548 4123 2587 4189 l.
2647 4123 2725 4199 l„
2781 4120 2993 4188 Cohen
3033 4120 3199 4186 1112

624 4245 696 4306 Ρ.
747 4228 870 4289 136
918 4244 1086 4308 sqq.,·
1144 4225 1214 4290 in
1276 4226 1553 4291 nummis
1613 4226 1967 4290 civitatium
2030 4224 2381 4289 liberarum
2446 4246 2632 4307 saepe
2690 4225 2923 4290 dicitur
2985 4223 3206 4288 Annia

628 4326 968 4409 Faustina,
1028 4328 1101 4393 in
1152 4329 1405 4411 yraecis
1457 4347 1909 4410 nmmunquoem
1967 4327 2271 4393 Φαυστῖνα
2335 4329 2442 4394 νέα
2507 4329 2635 4393 sive
2696 4328 3033 4394 Φαυστεῖνα
3099 4326 3205 4392 νέα

625 4429 897 4517 Σεβαστή
939 4430 1066 4495 sive
1114 4429 1238 4496 Ἀν.
1282 4431 1389 4496 νέα
1431 4429 1765 4496 Φαυστεῖνα
1809 4430 1951 4518 Σεβ.
1997 4430 2079 4511 ef.
2124 4429 2367 4496 Eckhel
2395 4452 2470 4512 Ρ.
2499 4433 2602 4495 81.

750 4529 836 4596 A.
880 4532 1002 4597 165
1049 4532 1116 4596 in
1161 4531 1321 4598 Asia
1363 4532 1537 4619 apud
1582 4531 1866 4598 Anniam
1910 4531 2232 4597 Lucillam
2283 4533 2485 4597 fuisse
2528 4531 2791 4597 videtur
2833 4533 2912 4615 cf.
2957 4531 3206 4597 Fronto

626 4632 714 4698 ad
755 4632 982 4699 Verum
1007 4639 1073 4712 2,
1103 4640 1145 4700 4
1176 4657 1249 4718 Ρ.
1279 4640 1411 4703 132
1440 4634 1529 4701 Ν.
1566 4646 1845 4700 ‘socrum
1877 4645 1944 4700 et
1969 4633 2209 4700 liberos
2255 4644 2504 4701 vestros
2548 4634 2781 4700 saluta‘
2817 4635 2935 4718 (ep.
2965 4636 3209 4717 scripta

627 4757 688 4803 a.
736 4738 902 4820 165).
982 4734 1250 4803 Alteras
1307 4740 1570 4825 nuptias
1615 4736 1910 4803 Lucillae
1962 4738 2048 4820 (a.
2099 4739 2249 4821 169)
2295 4759 2441 4803 cum
2486 4736 2764 4804 Claudio
2809 4737 3207 4823 Pompeiano

625 4859 819 4922 aegre
863 4837 1012 4905 tulit
1054 4840 1163 4904 vit.
1213 4840 1440 4907 Marci
1478 4847 1588 4920 20,
1635 4846 1692 4909 7.
1790 4839 1975 4906 Bello
2018 4841 2395 4906 Pannonico
2441 4840 2643 4923 (circa
2683 4862 2743 4905 a.
2793 4839 2942 4923 170)
2985 4838 3206 4904 Sirmii

627 4964 776 5007 cum
831 4941 1031 5009 filiola
1084 4945 1321 5010 trienni
1382 4943 1557 5031 apud
1613 4943 1910 5009 Marcum
1970 4953 2111 5008 erat
2154 4943 2535 5009 th‘lostrat.
2579 4943 2687 5009 vit.
2731 4942 2989 5025 sophist.
3033 4947 3099 5018 2,
3146 4946 3204 5018 1,

510 5034 515 5039 ⁵
625 5050 733 5112 27.
776 5049 884 5124 28,
926 5047 1036 5115 vit.
1085 5047 1310 5112 Marci
1347 5052 1457 5124 26,
1499 5052 1561 5116 8.
1651 5046 1950 5111 Victoria
2005 5045 2088 5110 de
2146 5045 2397 5127 Quadis
2454 5045 2657 5110 relata
2713 5066 2772 5111 a.
2822 5043 2946 5109 174
3000 5053 3211 5107 mater

628 5148 983 5214 castrorum
1021 5148 1348 5238 appellata
1390 5159 1490 5217 est
1512 5148 1647 5218 Dio
1678 5154 1778 5229 71,
1807 5154 1910 5228 10,
1955 5150 2064 5215 vit.
2106 5147 2334 5214 Marci
2371 5154 2479 5228 26,
2508 5153 2571 5227 8,
2618 5146 2810 5213 XIV
2821 5152 2923 5226 40,
2966 5146 3212 5211 nummi
