3859 5992
553 567 894 625 ANTONIA
1852 558 1978 625 106
2924 566 3267 624 ANTONIA

681 764 1025 851 parentela
1059 763 1337 846 quadam
1382 765 1747 830 coniunctus
1793 785 1935 829 cum
1975 764 2074 829 M.
2106 763 2389 829 Antonio
2418 763 2753 829 Polemone
2786 763 3035 829 domino
3070 763 3269 831 Olbae

681 870 764 952 cf.
808 889 1009 952 supra
1049 889 1111 933 n.
1159 871 1301 935 687.

556 975 679 1039 705
723 980 1064 1036 ANTONIA
1093 974 1479 1036 memoratur
1509 970 1579 1034 in
1609 969 1790 1034 titulo
1825 990 2057 1052 qraeco
2087 968 2437 1052 Smyrnaeo
2468 968 2729 1053 publice
2758 970 2973 1053 posito
3004 969 3267 1046 Zenoni,

682 1073 1218 1160 filio-Polemonis
1262 1078 1322 1138 et
1352 1071 1804 1157 Pythodoridis
1833 1071 2306 1149 PhilometoriS,
2351 1073 2567 1155 nepoti
2593 1071 2916 1137 Antoniae
2956 1078 3062 1159 τῆς
3105 1073 3270 1159 εὐερ-

681 1180 908 1266 γέτιδος
950 1175 1217 1259 Ephem.
1265 1197 1358 1259 ep.
1404 1181 1444 1240 1
1474 1196 1549 1258 p.
1581 1179 1731 1240 270.
1822 1174 1922 1238 M.
1969 1174 2243 1238 Antonii
2301 1175 2622 1238 triumviri
2676 1197 2752 1241 ex
2789 1174 3080 1241 Antonia
3128 1175 3272 1259 filia

682 1281 930 1346 videtur
974 1301 1084 1357 ea,
1142 1300 1330 1361 quam
1391 1300 1451 1343 a.
1501 1283 1621 1342 710
1664 1309 1747 1331 =
1791 1283 1871 1343 44
1909 1282 2106 1360 pater
2159 1277 2298 1361 filio
2344 1278 2445 1342 M.
2491 1278 2726 1361 Lepidi
2767 1278 3096 1361 despondit
3136 1278 3271 1344 Dio

683 1389 781 1461 44,
814 1388 930 1462 53,·
974 1403 1034 1450 a.
1068 1387 1193 1446 717
1221 1411 1305 1435 =
1332 1385 1421 1446 37
1457 1380 1782 1446 Antonius
1825 1381 1914 1445 ad
1954 1381 2268 1464 Lepidum
2311 1381 2614 1465 colleyam
2654 1381 2934 1448 Galliam
2978 1381 3273 1447 libertum

682 1487 858 1551 misit
901 1484 975 1549 de
1016 1485 1261 1568 nuptiis
1303 1482 1707 1567 conficiendis
1751 1488 2044 1547 acturum
2075 1482 2361 1566 Appian.
2412 1483 2469 1547 b.
2516 1505 2568 1549 e.
2613 1488 2674 1562 5,
2714 1489 2797 1549 43
2841 1485 2951 1568 (cf.
2995 1484 3062 1548 A
3096 1483 3269 1566 247).

689 1588 998 1670 Nupsisse
1038 1586 1285 1651 videtur
1324 1586 1498 1651 circa
1542 1607 1602 1654 a.
1637 1590 1763 1652 720
1792 1615 1877 1639 Ξ
1910 1590 1994 1650 34
2038 1585 2421 1668 PythodorO,
2471 1608 2548 1652 επ
2590 1608 2710 1669 quo
2741 1589 2995 1672 peperit
3037 1586 3272 1670 Pytho-

686 1689 970 1756 doridem
1023 1690 1310 1772 reyinwm
1353 1688 1579 1765 Ponti,
1642 1692 1894 1753 mortua
1938 1708 2069 1753 esse
2111 1694 2258 1753 ante
2302 1694 2563 1772 patrem
2606 1691 2689 1771 ef.
2739 1689 3096 1755 Mommsen
3140 1689 3182 1754 l.
3230 1688 3270 1756 l.

685 1815 759 1876 p.
804 1796 947 1859 273.

558 1898 683 1962 706
726 1903 1066 1959 ANTONIA
1107 1894 1328 1977 maior,
1376 1893 1465 1958 M.
1498 1892 1766 1958 Antonii
1812 1896 2135 1959 triumviri
2183 1917 2268 1959 ex
2299 1894 2578 1961 Octavia
2619 1894 2772 1978 filia,
2817 1917 2987 1961 uxor
3027 1895 3106 1961 L.
3140 1894 3274 1958 Do-

685 1998 850 2062 mitii
894 1995 1315 2062 Ahenobarbi
1358 1993 1664 2076 (consulis
1710 2017 1769 2061 a.
1803 2000 1924 2061 738
1954 2026 2037 2050 Ξ
2067 2001 2149 2062 16
2192 2018 2252 2065 a.
2295 1997 2394 2081 G.)
2435 1998 2693 2064 Sueton.
2727 1997 2904 2065 Nero
2933 2003 3008 2078 5,·
3051 2003 3276 2063 contra

690 2123 854 2165 uxor
901 2099 1136 2164 dicitur
1178 2101 1389 2163 minor
1431 2099 1723 2164 Antonia
1774 2098 1923 2165 Tac.
1972 2120 2031 2164 a.
2077 2105 2136 2177 4,
2182 2105 2297 2179 44,·
2341 2106 2445 2177 12,
2492 2106 2572 2166 64
2629 2122 2846 2167 errore
2896 2105 2970 2166 ut
3006 2100 3270 2166 videtur.

685 2204 853 2269 Nam
898 2202 1187 2268 Antonia
1235 2201 1372 2267 filia
1414 2203 1622 2266 maior
1666 2224 1752 2267 ex
1797 2201 2077 2268 Octavia
2120 2214 2274 2268 nata
2320 2213 2418 2268 est
2459 2226 2519 2269 a.
2552 2205 2676 2271 715
2707 2235 2792 2259 =
2821 2205 2904 2270 39
2935 2202 3273 2271 Plutarch.

683 2306 923 2371 Anton.
966 2310 1048 2371 33
1091 2305 1173 2387 ef.
1221 2326 1272 2370 c.
1316 2309 1420 2382 87,
1481 2304 1598 2368 ubi
1652 2303 2076 2383 Plutarchus,
2139 2326 2280 2370 cum
2339 2306 2414 2371 de
2469 2307 2732 2391 filiabus
2772 2307 3053 2373 Antonii
3101 2310 3272 2390 ayat,

687 2409 914 2493 priore
957 2407 1091 2473 loco
1130 2429 1392 2472 uxorem
1419 2406 1700 2472 Domitii
1725 2407 2145 2474 Ahenobarbi
2184 2411 2490 2475 nominat.
2565 2410 2647 2475 A.
2681 2411 2804 2476 717
2838 2440 2923 2465 =
2956 2411 3038 2476 37
3071 2410 3275 2476 Anto·

688 2514 835 2576 nius
883 2532 1026 2575 eam
1071 2509 1249 2593 (Cn.)
1289 2510 1580 2575 Domitio
1626 2509 1822 2596 (patri
1867 2510 2088 2594 Lucii)
2149 2534 2420 2577 uxorem
2480 2512 2833 2578 destinavit
2875 2511 3008 2578 Dio
3050 2517 3150 2590 48,
3195 2517 3278 2578 54

686 2616 823 2679 sine
867 2613 1060 2679 dubio
1091 2617 1350 2696 patrem
1392 2633 1530 2678 cum
1573 2613 1713 2697 filio
1755 2614 2161 2696 confundens.
2238 2616 2394 2680 Post
2437 2639 2663 2681 necem
2708 2615 2977 2681 Antonii
3019 2618 3105 2700 (a.
3152 2616 3278 2680 724

683 2748 768 2772 Ξ
812 2718 923 2799 30)
967 2714 1206 2781 Caesar
1245 2714 1562 2781 Octaviae
1604 2714 1862 2780 filiabus
1906 2719 2215 2803 pecunias
2260 2740 2344 2782 ex
2388 2717 2579 2783 bonis
2623 2720 2909 2805 paternis
2952 2718 3276 2785 concessit

686 2819 821 2886 Dio
862 2823 962 2896 51,
1008 2822 1105 2884 15.
1195 2817 1454 2884 Liberi:
1518 2816 1636 2884 Cn.
1684 2819 2016 2885 Domitius
2057 2819 2566 2904 Ahenobarbus,
2614 2822 2938 2905 Domitia,
2985 2821 3278 2886 Domitia

686 2922 957 3009 Lepida.
1004 2957 1084 2970 --
1130 2920 1413 2986 Basilica
1456 2921 1891 2987 Antoniarum
1950 2923 2259 3007 duarum,
2321 2946 2483 3007 quae
2524 2930 2913 2991 memoratur
2957 2925 3059 2991 VI
3087 2928 3273 3002 5536,

685 3026 874 3092 huius
917 3030 978 3090 et
1017 3024 1343 3090 Antoniae
1384 3025 1653 3089 minoris
1699 3025 1898 3107 fuisse
1940 3026 2205 3094 videtur.
2278 3028 2623 3114 Anton(ia)
2654 3029 2905 3094 Domiti
2934 3030 3005 3094 in
3035 3033 3079 3094 t.
3110 3026 3279 3093 servi

692 3130 793 3196 VI
823 3133 1017 3194 4702.

561 3233 685 3300 707
731 3240 1071 3295 ANTONIA
1111 3231 1322 3294 minor
1351 3261 1434 3283 =
1463 3239 1804 3295 ANTONIA
1847 3240 2213 3297 AVGVSTA.
2290 3234 2521 3299 Tituli:
2564 3233 2668 3299 VI
2693 3240 2824 3301 921
2869 3232 2959 3320 (1)
3003 3235 3074 3299 in
3117 3253 3275 3298 arou

690 3333 976 3411 Claudii,
1021 3332 1143 3398 IX
1179 3337 1342 3398 3663
1383 3332 1478 3417 (2)
1522 3333 1964 3411 Marrucina&
2024 3333 2098 3399 X
2142 3340 2303 3400 1417
2342 3335 2429 3420 (3)
2473 3336 3006 3415 Hei-calamna&
3058 3336 3280 3420 yraeci

687 3435 1384 3520 Lebas-Waddinyton
1409 3441 1571 3501 1039
1604 3435 1693 3519 (4)
1731 3436 2012 3514 Iliensi3‚
2055 3436 2224 3503 GIG
2251 3441 2416 3503 5186
2459 3440 2547 3525 (5)
2588 3438 3009 3521 Cyrenaicus5
3050 3459 3276 3503 memo-

687 3546 876 3606 ratur
915 3541 987 3605 in
1018 3541 1181 3605 actis
1208 3539 1552 3604 Arvalium
1582 3561 1643 3604 a.
1670 3543 1753 3604 38
1799 3539 1903 3605 VI
1931 3541 2151 3606 20281)
2183 3541 2292 3624 (6),
2329 3543 2399 3606 in
2429 3541 2634 3606 titulis
2673 3542 3071 3607 sacerdotum
3117 3541 3275 3607 CIA

689 3645 824 3711 III
853 3646 975 3709 315
1016 3643 1138 3727 (7).
1184 3647 1311 3709 652
1355 3642 1484 3726 (8),
1523 3645 1773 3725 passim
1815 3644 1884 3708 in
1930 3648 1974 3710 t.
2022 3643 2391 3709 libertorum
2431 3644 2526 3709 vel
2569 3664 2889 3710 servorum
2933 3645 3015 3727 cf.
3064 3644 3175 3710 VI.
3202 3667 3274 3727 p.

687 3751 832 3814 878.
876 3750 1021 3814 899.
1068 3750 1211 3811 909.
1257 3750 1397 3810 941.
1460 3746 1564 3811 VI
1589 3750 1822 3812 12037.
1866 3750 2089 3813 19475.
2134 3747 2268 3811 ΙΙΙ
2284 3751 2405 3812 560
2434 3776 2519 3801 Ξ
2559 3746 2716 3813 GIA
2747 3752 2924 3826 1435,
2970 3749 3022 3813 I
3023 3747 3140 3813 ΘΙ
3160 3752 3277 3813 734

689 3881 774 3906 Ξ
815 3850 919 3916 01
919 3849 981 3915 G
1022 3853 1213 3915 5802.
1289 3847 1557 3914 Nummi
1596 3849 1842 3914 Eckhel
1884 3848 1989 3914 VI
2010 3872 2081 3932 p.
2126 3855 2248 3915 179
2292 3869 2442 3932 sqq„
2502 3849 2713 3916 Cohen
2754 3851 2836 3917 12
2868 3873 2944 3935 p.
2974 3855 3118 3918 222
3146 3871 3274 3934 sqq.

817 3954 902 4018 In
946 3952 1179 4035 titulis,
1226 3953 1338 4035 qui
1380 3956 1527 4017 ante
1568 3953 1904 4035 imperium
1945 3951 2081 4017 Gai
2110 3953 2316 4035 positi
2357 3958 2534 4030 sunt,
2579 3955 2951 4019 nominatur
2990 3954 3281 4020 Antonia

692 4057 926 4124 Claudi
983 4057 1261 4121 Neronis
1322 4056 1546 4140 [Drusi
1594 4056 1967 4121 Germanici
2026 4054 2244 4120 fratris
2288 4055 2415 4139 Ti.]
2470 4055 2813 4141 G[a]esaris
2869 4057 3087 4142 [Aug.]
3149 4062 3189 4122 t.
3232 4061 3279 4123 2

688 4161 982 4226 similiter
1019 4160 1090 4223 in
1119 4164 1161 4223 t.
1188 4160 1439 4243 yraecis
1465 4164 1525 4224 4.
1555 4163 1614 4236 5,
1665 4158 1952 4224 Antonia
1996 4158 2198 4223 Drusi
2244 4161 2373 4224 sive
2400 4159 2690 4225 Antonia
2716 4161 2787 4225 in
2815 4165 2858 4226 t.
2893 4160 3277 4238 libertorum,

692 4262 1007 4346 (Antonia
1047 4263 1259 4326 minor
1301 4263 1372 4325 in
1418 4266 1458 4326 t.
1504 4264 1672 4326 servi
1707 4262 1981 4339 Bessan,
2028 4262 2327 4345 Inscript.
2372 4262 2481 4327 sel.
2526 4262 2710 4345 1754)
2754 4268 2909 4347 post
2958 4261 3283 4328 Tiberium

692 4365 981 4431 Antonia
1009 4364 1308 4448 Augusta
1345 4364 1546 4429 Drusi
1594 4370 1636 4432 t.
1677 4372 1732 4442 1,
1781 4370 2052 4430 ceterum
2080 4363 2368 4430 Antonia
2397 4364 2696 4448 Augusta
2740 4367 2810 4431 in
2857 4366 3059 4432 titulis
3099 4386 3279 4431 num-

691 4468 962 4549 misquffi
1004 4468 1120 4533 θεὰ
1153 4466 1440 4533 Ἀντωνία
1486 4471 1527 4533 t.
1557 4471 1615 4531 7.
1651 4505 1727 4512 —
1761 4466 2050 4531 Antonia
2075 4469 2286 4532 minor
2317 4467 2574 4534 Sueton.
2619 4467 2826 4552 Caliq.
2858 4473 2916 4546 1,
2974 4467 3208 4533 Claud.
3238 4473 3278 4532 1

693 4570 795 4654 (de
845 4571 1056 4636 Taciti
1096 4591 1309 4635 errore
1351 4570 1492 4634 vide
1535 4591 1598 4637 n.
1647 4570 1811 4653 706),
1860 4575 2131 4635 ceterum
2173 4571 2462 4636 Antonia
2503 4571 2707 4636 Drusi
2748 4570 2847 4636 vel
2887 4572 3192 4639 Antonia.
3273 4599 3278 4603 ·

818 4671 991 4737 Filia
1033 4673 1123 4736 M.
1169 4671 1432 4737 Antonii
1478 4673 1580 4737 111
1633 4674 1761 4737 viri
1821 4683 1887 4737 et
1931 4672 2250 4738 Octaviae
2309 4674 2549 4738 sororis
2608 4673 2894 4758 Augusti
2938 4672 3278 4739 Plutarch.

691 4777 929 4840 Anton.
975 4779 1078 4852 87,
1124 4779 1164 4861 ἡ
1210 4777 1502 4862 ἅδελφιδὴ
1539 4779 1579 4861 ἡ
1625 4777 1770 4842 θεοῦ
1815 4776 2122 4863 Σεβαστοῦ
2168 4781 2209 4840 t.
2250 4782 2311 4841 4.
2400 4777 2572 4842 Nata
2616 4787 2716 4841 est
2758 4777 2865 4841 die
2908 4777 2985 4843 31
3036 4776 3278 4840 mensis

691 4880 981 4945 Ianuarii
1028 4883 1070 4943 t.
1116 4884 1156 4943 6
1199 4901 1256 4946 a.
1306 4880 1429 4943 718
1475 4908 1558 4932 Ξ
1602 4879 1686 4943 36
1730 4885 1802 4943 ut
1850 4879 2101 4945 videtur
2143 4880 2226 4962 cf.
2273 4878 2611 4944 Plutarch.
2656 4880 2896 4946 Anton.
2940 4882 3039 4948 35.
3125 4880 3285 4945 Post

693 5003 916 5046 necem
960 4983 1164 5068 patris
1210 4984 1297 5064 (a.
1346 4986 1472 5047 724
1520 5011 1603 5035 Ξ
1644 4981 1750 5066 30)
1796 4982 2136 5067 Augustus
2199 4985 2256 5047 ei
2316 4994 2381 5048 et
2439 4984 2643 5048 sorori
2689 4984 2919 5048 maiori
2969 5005 3052 5047 ex
3094 4981 3283 5047 bonis

690 5085 978 5170 paternis
1022 5085 1333 5170 pecunias
1377 5085 1697 5149 concessit
1724 5084 1857 5150 Dio
1887 5091 1987 5162 51,
2020 5091 2118 5152 15.
2187 5086 2376 5151 onr
2425 5086 2702 5151 Neronis
2748 5084 3008 5153 Claudii
3053 5085 3277 5169 Drusi,

693 5188 913 5252 fratris
944 5188 1189 5253 Tiberii
1221 5189 1335 5274 qui
1366 5189 1717 5274 imperavit
1762 5193 1805 5252 t.
1843 5194 1901 5256 1.
1938 5192 2004 5255 2.
2049 5194 2110 5254 3.
2155 5195 2215 5255 4.
2261 5194 2319 5255 5.
2363 5196 2422 5255 6.
2467 5194 2527 5254 8.
2576 5195 2635 5267 9,
2685 5190 2942 5257 Sueton.
2983 5189 3190 5273 Galiy.
3221 5194 3280 5269 1,
