3859 5992
530 593 898 650 CLAVDIVS
1817 587 1937 652 401
2864 595 3238 651 CLAVDIVS

528 790 653 856 818
701 792 1127 873 CL(AVD1VS)
1188 799 1699 856 STRATONIGVS
1754 791 2015 875 publice
2072 790 2418 857 honoratus
2471 795 2513 856 t.
2570 790 2947 858 Aeeanitico
3003 791 3240 856 Lebas-

663 892 1093 977 Waddinqton
1119 879 1245 958 884
1269 923 1353 947 =
1391 892 1553 958 ela
1583 898 1752 958 3840
1779 893 2005 959 Addit.
2039 915 2111 977 p.
2144 898 2322 972 1067,
2370 895 2482 977 qui
2511 893 2837 959 dedicatis
2874 898 2966 958 est
3000 915 3242 981 στρατη-

655 1002 898 1083 γοῦντος
939 1000 1007 1062 τὸ
1055 994 1110 1083 β’
1157 994 1273 1061 Κλ.
1319 992 1792 1082 Ἀπολλιναρίουτ,
1852 996 2018 1061 idem
2076 994 2259 1061 homo
2318 997 2592 1061 recurrit
2647 997 2716 1061 in
2776 1001 2820 1062 t.
2861 996 3242 1063 Aezanitico

656 1099 1353 1183 Lebas-Waddinyton
1394 1103 1518 1164 874
1562 1130 1646 1154 --
1691 1098 1854 1166 GIG
1896 1103 2065 1164 3838
2107 1099 2333 1165 Addit.
2364 1120 2437 1182 p.
2468 1103 2630 1166 1065
2658 1100 2874 1183 posito
2918 1121 2978 1166 a.
3011 1103 3153 1165 196.

785 1201 1057 1285 Origine
1088 1201 1525 1282 Aezanitieus,
1572 1201 1797 1267 consul
1839 1203 1934 1267 tit.
1969 1199 2293 1285 (suffectus
2337 1222 2507 1267 anno
2552 1203 2788 1268 incerto
2833 1202 3064 1267 aetatis
3105 1202 3241 1284 fere

657 1302 978 1370 Commodi
1017 1304 1114 1369 vel
1158 1304 1457 1389 Septimii
1495 1305 1754 1388 Severi).
1799 1342 1887 1351 —
1928 1304 2284 1371 Stratonici
2332 1305 2540 1369 nescio
2581 1305 2695 1387 qui
2736 1305 3138 1370 inveniuntur
3181 1308 3241 1368 et

655 1407 724 1472 in
769 1411 811 1474 t.
849 1407 1224 1474 Aeeanitieo
1271 1408 1492 1473 mutilo
1533 1409 1783 1473 Lebas-
1800 1407 2233 1491 Waddinyton
2266 1411 2392 1474 838
2434 1436 2519 1461 =
2564 1406 2665 1473 01
2664 1407 2728 1474 G
2767 1411 2932 1474 3846
2944 1407 3039 1474 2⁷⁵
3068 1405 3235 1473 Add.

647 1530 721 1592 p.
768 1512 952 1574 1079.

526 1628 652 1692 819
698 1628 1124 1711 CL(AVDIVS)
1172 1638 1677 1712 SVLPIGIANVS,
1725 1652 1893 1694 unus
1939 1650 2022 1694 ex
2067 1630 2283 1716 pueris
2329 1630 2686 1713 senatoriis,
2734 1630 2846 1715 qui
2884 1627 3239 1694 Arvalibus

654 1731 1192 1796 ministraverunt
1220 1754 1388 1797 anno
1426 1733 1546 1797 183
1592 1732 1697 1798 VI
1711 1737 1905 1799 2099.
1985 1732 2092 1798 Vel
2120 1733 2286 1798 idem
2314 1731 2408 1797 vel
2431 1731 2609 1816 filius
2639 1733 2772 1797 eius
2800 1733 2912 1815 qui
2937 1732 3236 1815 sequitur.

526 1850 653 1915 820
698 1848 1011 1916 Claudius
1057 1849 1505 1936 Sulpicianus,
1557 1850 1745 1915 homo
1793 1849 2027 1916 nobilis
2069 1850 2155 1917 ab
2198 1853 2587 1937 imperatore
2632 1850 2947 1937 Septimio
2993 1849 3237 1917 Severo

656 1953 908 2017 occisus
950 1954 1062 2019 υἱέ.
1105 1953 1322 2019 Severi
1362 1958 1461 2029 13,
1506 1959 1564 2019 4.

524 2073 644 2140 821
694 2083 790 2139 ΤΙ.
851 2075 1278 2158 cl,(AVD1VS)
1347 2083 1724 2139 SVLPICIVS
1792 2082 2184 2157 IVLIANVS,
2254 2071 2649 2138 clarissimus
2717 2074 2823 2137 vir
2883 2072 2955 2139 in
3019 2070 3240 2156 fistula

652 2176 959 2260 plumbea
1004 2177 1271 2261 oriyinis
1310 2178 1590 2242 incertae
1633 2177 1974 2254 Lanciani,
2020 2175 2256 2260 sylloge
2298 2177 2575 2258 aquaria
2616 2197 2680 2240 n.
2709 2180 2852 2241 495.

527 2298 650 2362 822
697 2307 850 2364 IMP.
915 2305 1209 2361 CAESAR
1267 2307 1345 2363 M.
1407 2306 1774 2361 CLAVDIVS
1837 2305 2152 2361 TAGITVS
2196 2305 2605 2361 AVGVSTVS.
2708 2295 2923 2360 Plena
2976 2293 3239 2359 nomina

649 2400 938 2465 exhibent
984 2400 1158 2466 tituli
1198 2402 1602 2484 imperatoris
1645 2402 2019 2482 nummio-ue,
2066 2399 2332 2465 Tacitus
2377 2399 2554 2483 apud
2592 2400 2953 2483 scriptores.

779 2501 1118 2585 Originem
1176 2502 1433 2568 trahere
1476 2502 1684 2568 voluit
1733 2524 1818 2567 ex
1858 2501 2163 2567 Cornelio
2208 2501 2436 2567 Tacito
2480 2524 2700 2566 rerum
2743 2502 3060 2587 scriptore
3101 2497 3239 2561 vita

652 2611 753 2683 10,
797 2610 857 2670 3.
960 2605 1186 2670 Mense
1241 2605 1607 2692 Septembri
1668 2615 1858 2671 natus
1900 2606 2038 2670 vita
2080 2610 2177 2686 13,
2222 2611 2279 2670 6.
2365 2604 2601 2670 Consul
2643 2606 2695 2670 I
2724 2602 3026 2682 suffectus
3070 2619 3237 2664 anno

649 2710 903 2786 incerte,
951 2707 1305 2774 consularis
1351 2708 1564 2774 Victor
1612 2707 1792 2774 Caes.
1835 2712 1934 2791 36,
1982 2713 2039 2775 1.
2128 2706 2346 2774 Senex
2403 2717 2551 2794 post
2613 2705 2948 2772 Aureliani
3011 2723 3235 2767 necem

648 2833 818 2875 anno
862 2812 988 2877 275
1037 2834 1077 2875 a
1118 2821 1345 2876 senatu
1408 2813 1758 2897 imperator
1812 2809 2051 2875 electus
2111 2820 2177 2875 et
2220 2833 2261 2875 a
2302 2807 2618 2874 militibus
2660 2810 2923 2893 agnitus
2966 2816 3064 2871 est
3103 2805 3238 2869 vita

644 2917 798 2979 3-8.
869 2913 1112 2979 Consul
1155 2914 1223 2979 11
1267 2937 1323 2980 a.
1371 2914 1496 2979 276
1542 2914 1721 2996 fasti.
1812 2912 2058 2978 Contra
2101 2911 2352 2981 Gothos
2397 2911 2726 2999 profectus
2771 2909 3023 2976 insidiis
3066 2905 3234 2971 mili·

641 3015 889 3081 taribus
922 3017 1169 3082 occisus
1200 3026 1298 3081 est
1327 3016 1617 3083 Zosimus
1646 3021 1705 3094 1,
1737 3019 1836 3094 63,
1875 3016 2012 3081 vita
2042 3020 2140 3094 13,
2169 3020 2229 3093 5,
2275 3026 2350 3081 ut
2390 3014 2500 3080 alii
2538 3013 2767 3080 dieunt
2794 3023 2979 3079 sexto
3008 3031 3230 3077 mense

645 3118 870 3183 morbo
925 3118 1060 3183 υἱέα
1115 3119 1244 3185 ibd.
1289 3119 1372 3201 cf.
1418 3124 1516 3196 16,
1564 3124 1640 3197 1;
1697 3118 2139 3183 ducentesima
2196 3120 2379 3202 reg-ni
2430 3116 2578 3184 luce
2620 3117 2892 3204 Tyanae
2934 3125 3228 3181 mortuus

652 3221 866 3287 Victor
910 3220 1090 3286 Caes.
1139 3225 1240 3298 36,
1293 3225 1376 3299 2,·
1440 3222 1612 3286 intra
1668 3231 1923 3285 sextum
1982 3243 2268 3285 mensem
2320 3230 2614 3286 mortuus
2668 3220 2941 3302 Eutrop.
2996 3223 3055 3294 9,
3111 3220 3227 3293 16,-

639 3323 1080 3389 dueentesimo
1121 3323 1376 3408 imperii
1421 3322 1527 3387 die
1571 3322 1745 3409 apud
1789 3323 2071 3388 Tarsum
2113 3322 2283 3388 febri
2333 3332 2624 3388 mortuus
2664 3322 2963 3407 Epitome
3003 3325 3104 3398 36,
3151 3323 3227 3396 1,·

643 3424 815 3513 apud
862 3427 1142 3492 Pontum
1201 3427 1451 3490 occisus
1511 3426 1810 3509 regnavit
1866 3447 2115 3490 menses
2171 3447 2290 3490 sex
2346 3425 2714 3509 Hieronym.
2771 3423 2983 3489 chron.
3032 3421 3120 3487 ad
3162 3441 3223 3487 a.

638 3530 800 3595 Abr.
854 3533 1032 3596 2293
1087 3558 1173 3582 ==
1228 3527 1463 3596 Euseb.
1509 3528 1769 3593 Armen.
1817 3533 1991 3595 2294
2049 3532 2150 3613 (eoe
2205 3528 2596 3611 Hieronymo
2653 3527 2916 3594 Orosius
2973 3530 3031 3603 7,
3077 3523 3226 3606 24),·

640 3656 682 3698 a
723 3630 1042 3696 militibus
1086 3632 1335 3697 occisus
1382 3631 1549 3697 οὔπω
1596 3633 1853 3718 ἕβδομον
1902 3638 2061 3716 μῆνα
2105 3632 2265 3717 παρὰ
2320 3640 2396 3720 τῇ
2445 3632 2712 3717 βασιλείᾳ
2772 3629 3010 3706 ἀνῦσας,
3071 3627 3226 3693 κατὰ

642 3735 708 3800 δέ
750 3758 910 3806 τινας
955 3736 1039 3820 μὴ
1085 3735 1263 3804 ὅλους
1306 3735 1409 3799 δύο
1453 3734 1755 3805 ἐνιαυτούς
1786 3733 2085 3798 Zonaras
2118 3739 2224 3810 12,
2256 3737 2346 3800 28
2389 3738 2586 3811 extr.,·
2630 3733 2928 3816 regnavit
2971 3751 3222 3795 menses

640 3847 781 3901 octo
827 3835 963 3900 dies
1007 3834 1349 3900 duodecim
1391 3834 1951 3919 Chronoyraphus.

765 3937 1013 4015 Annus,
1072 3958 1197 4020 quo
1239 3938 1499 4004 Tacitus
1555 3939 1903 4022 imperator
1946 3943 2196 4004 creatus
2238 3944 2347 4017 est,
2400 3943 2646 4004 constat
2688 3959 2816 4022 per
2858 3936 3221 4003 consulatus

637 4062 948 4107 annorum
990 4044 1119 4107 275
1163 4044 1223 4105 et
1264 4046 1394 4106 276
1406 4060 1427 4119 ,·
1483 4040 1597 4106 illo
1655 4042 1817 4106 enim
1862 4040 2256 4106 Aurelianus
2315 4041 2531 4107 consul
2587 4040 2737 4118 VII,
2799 4041 2914 4105 hoc
2966 4038 3223 4104 Tacitus

637 4142 854 4210 consul
874 4144 964 4208 II
975 4143 1120 4224 fuit.
1151 4141 1508 4208 Aureliano
1531 4149 1739 4209 autem
1758 4145 2089 4226 septimum
2114 4165 2351 4209 annum
2374 4145 2662 4209 tribuunt
2681 4143 2921 4208 nummi
2940 4141 3220 4207 Aleman-

636 4248 811 4313 drini
866 4246 1068 4330 ipsius
1124 4266 1251 4311 non
1307 4247 1469 4323 rari,
1531 4245 1866 4313 Severinae
1912 4246 2223 4330 permulti
2278 4248 2359 4329 cs.
2404 4268 2525 4312 von
2566 4245 2798 4323 Sallet,
2850 4244 3068 4311 Daten
3111 4243 3222 4308 der

636 4347 1227 4415 alexandrinzseben
1258 4349 1765 4414 Kaisermitnzen
1794 4371 1867 4432 p.
1901 4353 2004 4414 81.
2085 4348 2256 4414 Vnde
2285 4350 2566 4434 efficitur
2590 4370 2718 4414 non
2763 4352 2908 4414 ante
2951 4367 3219 4412 mensem

633 4452 1054 4535 Septembrem
1111 4450 1556 4517 Alexandreae
1622 4453 1831 4518 Taciti
1887 4452 2245 4518 electionem
2299 4454 2615 4536 coynitam
2673 4471 2819 4517 esse.
2929 4451 3219 4517 Tacitum

634 4560 842 4621 autem
884 4574 993 4618 sex
1035 4558 1337 4637 septemve
1381 4575 1618 4620 menses
1659 4556 2005 4639 imperasse
2040 4560 2303 4638 praeter
2356 4555 2711 4620 testimonia
2762 4575 2963 4638 supra
3013 4552 3220 4618 allata

634 4679 704 4723 eo
767 4657 1183 4740 confirmatur
1234 4657 1400 4739 quod
1446 4656 1807 4723 Florianus
1869 4679 2011 4723 vere
2074 4659 2209 4741 fere
2272 4659 2525 4723 ineunte
2583 4679 2643 4726 a.
2701 4662 2833 4724 276
2884 4658 3217 4740 imperium

632 4759 899 4843 sumpsit
942 4759 1023 4840 cs.
1054 4758 1120 4822 A
1147 4763 1273 4823 488
1316 4765 1374 4824 et
1415 4764 1607 4826 1288.
1685 4762 1913 4843 Itaque
1954 4782 2168 4826 verum
2210 4781 2339 4827 esse
2369 4765 2581 4844 potest
2623 4760 2790 4844 quod
2830 4758 3218 4844 bioyraphus

631 4863 739 4926 vit.
786 4866 897 4939 13,
945 4867 985 4926 6
1037 4862 1296 4945 scripsit
1352 4862 1649 4927 Tacitum
1706 4885 1927 4928 mense
1989 4863 2373 4949 Septembre
2433 4864 2883 4949 imperatorem
2937 4861 3213 4926 electum

632 4986 803 5046 esse,
866 4963 978 5029 sed
1032 4985 1180 5029 cave
1235 4986 1312 5028 ne
1373 4966 1534 5030 actis
1575 4971 1831 5031 senatus
1875 4988 1937 5031 α.
1983 4966 2043 5032 d.
2099 4965 2243 5032 VII
2277 4967 2405 5032 kal.
2449 4967 2701 5035 Octobr.
2746 4965 2874 5031 ibd.
2912 4970 2974 5044 3,
3007 4971 3057 5031 2
3083 4985 3212 5047 sqq.

629 5066 818 5152 fidem
845 5065 1104 5143 habeaS,
1148 5088 1309 5149 quae
1345 5068 1729 5152 bioyraphus
1759 5070 2009 5134 omnino
2027 5070 2301 5154 prcmrio
2334 5069 2554 5136 Marte
2584 5070 2903 5154 confinxit.
2981 5070 3213 5150 Quam-

628 5190 818 5253 quam
862 5173 1070 5234 autem
1115 5169 1356 5253 aliquot
1397 5169 1811 5237 hebdomades
1853 5173 2275 5238 intercessisse
2301 5172 2646 5257 probabile
2688 5177 2779 5239 est
2806 5173 2973 5237 inter
3004 5191 3212 5236 necem

606 5277 1032 5334 Prosopomphi·
1055 5277 1180 5334 Imp.
1209 5278 1348 5323 Rom.
1401 5278 1442 5324 1.
2732 5273 2802 5334 26
