3859 5992
493 575 915 632 CORNELIVS
1782 568 1906 632 467
2777 576 3196 635 CORNELIVS

748 773 966 838 Filius
993 773 1241 838 videtur
1270 773 1512 838 Fausti
1540 771 1819 838 Cornelii
1845 772 2070 839 Sullae
2099 794 2219 839 cos.
2255 796 2314 838 a.
2343 778 2444 840 31.
2513 772 2795 859 Ἀδελφὸς
2822 781 2927 859 τῆς
2956 774 3198 841 Μεσσα-

622 879 784 961 λίνης
819 874 1064 955 (uxori‘s
1094 874 1382 959 Claudii)
1432 875 1727 941 Zonaras
1766 875 1807 943 l.
1854 876 1916 952 l.,
1963 876 2074 942 sed
2107 897 2188 941 ne
2232 876 2306 941 de
2346 877 2597 941 uterino
2642 877 2888 959 quidem
2931 879 3203 961 coyitari

612 979 861 1060 poterit
897 1000 1095 1060 neque
1134 979 1421 1043 novimas·
1460 978 1660 1043 ulhzm
1706 979 1907 1043 aliam
1943 980 2449 1062 propinquitatis
2489 980 2823 1057 rationem,
2881 1002 3011 1062 qua
3061 1001 3201 1045 cum

623 1080 984 1145 Messalina
1030 1082 1397 1145 coniunctus
1439 1082 1654 1162 fuerit.
1688 1118 1766 1127 —
1816 1081 2058 1146 Consul
2102 1104 2267 1147 anno
2316 1085 2398 1147 52
2441 1083 2619 1164 fasti.
2695 1081 3008 1148 Claudius
3054 1092 3201 1168 post

621 1182 738 1249 Cn.
771 1183 1156 1268 Pompeium
1194 1182 1605 1247 interfectum
1638 1182 1993 1248 Antoniam
2035 1181 2236 1247 filiam
2281 1184 2340 1247 ei
2386 1185 2453 1247 in
2496 1185 2977 1249 matrimonium
3022 1185 3202 1249 dedit

621 1283 876 1350 Suetou.
919 1284 976 1350 G
985 1285 1156 1350 laud.
1186 1291 1294 1363 27,
1350 1286 1498 1350 Tae.
1532 1307 1593 1349 a.
1625 1290 1723 1362 13,
1756 1290 1862 1351 23.
1946 1285 2358 1371 Quamquam
2402 1286 2734 1369 ingenium
2780 1289 2917 1351 eius
2962 1309 3194 1369 socors,

618 1398 853 1452 natura
890 1390 1171 1452 maxime
1202 1388 1510 1475 despecta
1554 1399 1618 1453 et
1658 1387 1900 1452 nullius
1946 1390 2087 1453 ausi
2127 1411 2338 1474 capax
2381 1398 2537 1473 erat,
2584 1388 2827 1453 Neroni
2858 1398 3198 1474 suspectus

619 1513 787 1554 anno
829 1492 910 1554 58
954 1490 1312 1556 Massiliam
1356 1502 1611 1557 amotus
1657 1501 1756 1556 est
1790 1492 1938 1556 Tae.
1973 1513 2033 1560 a.
2064 1497 2164 1569 13,
2196 1498 2295 1575 47,
2341 1491 2507 1556 uude
2547 1492 2616 1556 in
2658 1493 2818 1556 actis
2859 1490 3199 1556 Arvalium

620 1615 681 1657 a.
726 1598 809 1658 58
851 1615 1079 1658 nomeu
1122 1595 1256 1659 eius
1297 1615 1426 1658 nou
1470 1594 1698 1677 leyitur
1739 1595 1870 1658 uisi
1913 1595 1995 1658 ab
2044 1595 2247 1659 initio.
2339 1595 2528 1659 Anno
2569 1596 2652 1659 62
2697 1595 2879 1658 iussu
2922 1594 3198 1659 Neronis

619 1695 946 1760 Massiliae
991 1699 1240 1761 occisus
1285 1697 1413 1761 ibd.
1460 1702 1559 1778 14,
1589 1701 1690 1763 57.
1720 1702 1820 1762 59.
1860 1735 1938 1743 —
1984 1698 2219 1762 Frater
2253 1696 2516 1762 Arvalis
2560 1695 2772 1761 adfuit
2816 1697 2883 1760 in
2927 1696 3197 1780 collegio

618 1821 675 1862 a.
709 1801 810 1865 55.
843 1799 946 1863 57.
979 1801 1060 1864 58
1109 1804 1258 1864 aeta
1284 1798 1444 1863 Arv.
1480 1839 1554 1847 —
1604 1799 1711 1864 Ex
1754 1799 2043 1864 Antonia
2085 1802 2444 1886 imperante
2488 1798 2762 1865 Claudio
2805 1798 3011 1864 filium
3054 1799 3201 1865 tulit

617 1900 916 1967 Zonaras
960 1902 1000 1967 l.
1048 1901 1089 1966 l.

496 2004 658 2067 1198
705 2014 772 2070 L.
820 2013 1242 2069 CORNELIVS
1290 2014 1530 2069 SVLLA
1575 2014 1837 2088 FELIX,
1901 2004 2128 2070 consul
2189 2027 2359 2070 anno
2403 2006 2487 2070 33
2530 2027 2678 2070 eum
2723 2004 2862 2070 Ser.
2911 2004 3197 2090 Sulpicio

622 2106 853 2173 Galba.
942 2108 1344 2173 Memoratur
1386 2109 1455 2173 iu
1499 2109 1692 2189 fastis
1734 2108 2076 2172 Arvalium
2121 2107 2270 2173 CIL
2311 2108 2393 2173 1²
2427 2130 2499 2190 p.
2529 2112 2627 2172 71.

746 2210 829 2274 Iu
878 2209 1240 2275 consulatu:
1300 2210 1379 2275 L.
1427 2209 1611 2275 Sulla
1656 2209 1846 2275 Felix
1889 2211 1964 2276 X
1998 2215 2166 2277 1233
2209 2211 2368 2292 fasti
2412 2210 2676 2287 Nolani,
2729 2210 2807 2275 L.
2853 2208 3198 2275 Cornelius

616 2312 751 2377 Dio
777 2316 879 2389 58,
910 2319 1019 2391 20,
1067 2314 1141 2378 L.
1173 2312 1358 2380 Sulla
1400 2314 1453 2379 I
1486 2318 1630 2379 770.
1679 2319 1798 2378 771
1841 2315 1914 2378 iu
1960 2315 2206 2379 tesseris
2247 2313 2676 2397 yladiatori'is,
2733 2313 2881 2377 Tae.
2915 2334 2976 2377 a.
3007 2316 3066 2388 6,
3097 2315 3196 2388 15,

618 2420 888 2479 ceterum
934 2414 1116 2481 Sulla
1158 2417 1336 2498 fasti.
1383 2453 1470 2464 —
1513 2415 1592 2481 L.
1641 2415 1823 2481 Sulla
1872 2417 2035 2498 fasti
2074 2416 2301 2483 Arval.

750 2518 1018 2582 Praetor
1062 2520 1443 2604 peregrinus
1488 2541 1658 2583 anno
1690 2519 1773 2583 29
1818 2520 1984 2601 fasti
2009 2518 2260 2596 Arval„
2307 2517 2532 2582 consul
2577 2540 2745 2582 anno
2777 2520 2860 2583 33
2906 2518 3085 2599 fasti.
3117 2554 3198 2562 —

614 2618 901 2684 Dubium
937 2625 1046 2698 est,
1089 2642 1242 2686 uum
1285 2621 1450 2687 idem
1492 2622 1577 2686 sit
1603 2622 1680 2686 L.
1715 2620 2107 2705 (Cornelius)
2140 2621 2331 2688 Sulla
2373 2643 2437 2686 u.
2469 2626 2633 2686 1194
2672 2620 2768 2685 vel
2809 2619 3198 2705 (Cornelius)

611 2722 868 2807 [Sulla]
909 2724 1101 2790 Felioe
1142 2747 1204 2790 u.
1251 2730 1431 2792 1196.

492 2827 657 2889 1199
703 2824 1044 2892 Cornelius
1088 2827 1385 2911 TacituS,
1450 2849 1650 2912 eques
1705 2829 2066 2909 Romanus,
2128 2835 2509 2911 procurator
2563 2824 2814 2892 Galliae
2872 2826 3195 2910 Belgicae,

616 2930 799 2993 cuius
839 2928 1045 2993 filium
1088 2932 1451 3016 ἐκτράπελον
1497 2929 1746 2994 Plinius
1791 2929 2047 2994 viderat
2085 2927 2263 2993 Ptin.
2293 2950 2358 2996 u.
2389 2928 2449 2993 h.
2485 2934 2542 3006 7,
2576 2933 2675 2994 76.

491 3033 657 3096 1200
702 3043 764 3099 Ρ.
827 3041 1246 3097 CORNELIVS
1304 3043 1616 3098 TACITVS
1682 3037 2068 3097 memoratur
2131 3032 2201 3095 iu
2270 3036 2313 3099 t.
2373 3031 2710 3114 Mylaseuo
2772 3030 3061 3097 Bulletiu
3125 3031 3199 3096 de

614 3135 1148 3217 correspoudauce
1171 3135 1544 3218 Hellenique
1571 3135 1760 3200 XIV
1778 3133 1994 3218 (1890)
2028 3156 2100 3217 p.
2134 3139 2277 3211 621,
2312 3136 2676 3199 accuratius
2706 3135 2873 3200 edito
2905 3136 2986 3200 ab
3016 3134 3198 3201 Hula

616 3242 675 3301 et
721 3237 959 3303 Szauto
1020 3239 1593 3321 Sitzuuysberichte
1646 3238 1757 3302 der
1814 3237 2068 3304 Wiener
2125 3236 2475 3302 Akademie
2534 3236 2748 3302 Phil.-
2764 3237 2935 3303 Hist.
2983 3236 3199 3303 Classe

614 3344 778 3406 1895
811 3363 882 3423 p.
912 3345 996 3405 18
1039 3340 1147 3424 (1),
1194 3343 1469 3422 fortasse
1512 3346 1572 3405 et
1615 3342 1686 3405 iu
1729 3344 2096 3404 testamento
2139 3337 2445 3404 Dasumii
2495 3337 2597 3403 VI
2627 3345 2848 3406 10229
2894 3339 3011 3425 (2).

744 3444 818 3508 P.
879 3442 1219 3509 Cornelius
1285 3444 1552 3508 Tacitus
1622 3442 1813 3507 coclea:
1881 3442 2210 3507 Mediceus
2275 3443 2346 3506 iu
2408 3442 2982 3525 subscriptionibus
3046 3443 3202 3508 libri

608 3546 819 3628 primi
860 3550 918 3611 et
963 3547 1136 3610 tertii
1179 3546 1545 3624 annalium‚·
1603 3544 1674 3611 O.
1722 3544 2065 3612 Cornelius
2109 3543 2332 3610 Sidon.
2377 3543 2593 3627 Apoll.
2642 3546 2820 3628 epist.
2865 3551 2922 3628 4,
2971 3551 3081 3629 22,
3129 3552 3196 3622 2,

618 3648 690 3715 C.
734 3648 1001 3712 Tacitus
1045 3648 1176 3713 ibd.
1221 3654 1278 3728 4,
1323 3655 1422 3726 14,
1465 3653 1504 3712 1
1546 3648 1718 3730 falso
1757 3654 1832 3713 ut
1871 3647 2155 3725 videtum·
2199 3646 2540 3713 Cornelius
2581 3648 2848 3713 Tacitus
2893 3653 2936 3713 t.
2983 3654 3040 3724 1,
3085 3650 3202 3713 ubi

614 3753 684 3816 iu
715 3750 927 3833 lapide
964 3756 1053 3815 cst
1096 3750 1462 3837 [civilem-dha)
1495 3750 1808 3838 Κορνηλίῳ
1838 3750 2090 3839 Τακίτῳ,
2122 3770 2252 3815 non
2291 3753 2364 3813 ut
2393 3754 2540 3815 amte
2570 3749 2871 3815 edebatur
2904 3750 3197 3840 Πο(βλίῳ)

617 3853 930 3941 Κορνηλίῳ
975 3853 1240 3940 Τακίτῳς
1301 3853 1642 3919 Cornelius
1688 3854 1976 3938 [Tacitus
1992 3853 2049 3937 ‘?]
2095 3858 2139 3918 t.
2182 3859 2249 3931 2,
2314 3858 2584 3918 ceterum
2645 3854 2820 3937 apud
2860 3856 3200 3938 scriptores

617 3956 958 4022 Cornelius
1003 3957 1271 4021 Tacitus
1315 3960 1443 4022 sive
1487 3957 1773 4023 Tacitus.

745 4058 900 4125 oum
931 4059 1220 4125 Cornelio
1260 4061 1478 4125 Tacito
1507 4065 1932 4143 procuratore
1969 4058 2271 4143 Belyicae
2315 4064 2400 4144 (u.
2432 4059 2619 4143 1199)
2665 4065 2827 4126 certe
2858 4062 3201 4143 parentela

617 4165 1001 4246 coniunctus,
1036 4164 1466 4247 probabiliter
1505 4164 1700 4247 filius,
1788 4163 2025 4228 Aetate
2083 4162 2553 4249 propemodum
2612 4162 2930 4248 aequalis,
2993 4168 3201 4229 maior

617 4277 831 4331 tamen
879 4265 1091 4331 Plinio
1119 4266 1300 4330 Pliu.
1336 4267 1512 4349 epist.
1556 4272 1611 4344 7,
1644 4272 1751 4344 20,
1784 4272 1850 4333 2.
1881 4271 1942 4343 4,
1988 4271 2181 4330 uatus
2223 4267 2356 4347 fere
2401 4267 2576 4331 circa
2621 4288 2681 4332 a.
2715 4270 2816 4331 55.
2890 4265 3085 4330 Anno
3118 4266 3197 4330 77

618 4367 736 4432 Cn.
782 4367 988 4433 Iulius
1035 4368 1344 4453 Agricola
1399 4368 1600 4433 filiam
1658 4371 1716 4433 ei
1776 4370 1996 4434 iuveni
2053 4368 2398 4454 despondit
2455 4391 2532 4434 ac
2594 4379 2738 4454 post
2792 4365 3196 4432 consulatum

617 4470 961 4536 collocavit
998 4472 1145 4536 Tae.
1175 4473 1338 4556 Α9ν.
1370 4477 1428 4539 9.
1509 4472 1696 4536 ‘Mihi
1742 4471 1958 4539 Galba
1994 4470 2162 4536 Otho
2211 4469 2515 4535 Vitellius
2561 4492 2681 4534 nec
2722 4470 3032 4536 beneficio
3077 4494 3198 4536 nec

619 4575 858 4639 iniuria
901 4577 1178 4659 cogniti3
1234 4575 1617 4658 dignitatem
1663 4586 1954 4639 nostram
1995 4599 2035 4640 a
2081 4576 2482 4659 Vespasiano
2530 4573 2918 4658 inchoatam,
2966 4598 3006 4640 a
3047 4576 3197 4640 Tito

614 4687 887 4760 auctam,
934 4701 974 4742 a
1017 4678 1388 4742 Domitiano
1434 4677 1689 4762 longius
1738 4688 2116 4763 provectam
2160 4699 2291 4742 non
2333 4676 2696 4742 abnuerim’
2746 4678 2881 4760 ipse
2923 4677 2984 4746 h.
3029 4684 3088 4755 1,
3137 4685 3197 4745 1.

614 4780 724 4844 Ea·
758 4780 985 4862 quibus
1026 4781 1233 4845 verbis
1274 4782 1758 4858 obscurioribus,
1806 4801 1966 4862 quae
1998 4780 2118 4843 alii
2146 4779 2336 4845 aliter
2362 4781 2769 4863 interpretati
2808 4785 2974 4858 sunt,
3017 4781 3199 4845 nulla

611 4903 890 4964 uuquam
954 4884 1205 4949 ratione
1279 4884 1489 4949 Taciti
1554 4903 1773 4948 cursus
1836 4882 2145 4948 honorum
2202 4884 2315 4964 qui
2370 4884 2569 4965 fuerit
2626 4888 2772 4948 aute
2817 4888 3197 4967 praeturam

614 4989 910 5049 accurate
932 4985 1148 5069 colliyi
1165 4988 1427 5069 poterit.
1477 4984 1911 5051 Probabiliter
1934 5007 2073 5050 cum
2106 4984 2372 5049 ordini
2289 4968 2673 5101 jbquestris
2696 4991 2870 5063 esset,
2898 5009 2941 5050 a
2972 4985 3198 5069 Vespa-

617 5088 801 5152 siano
854 5087 1056 5152 latwm
1100 5088 1346 5153 clavum
1386 5090 1485 5153 ita
1530 5091 1800 5173 accepit,
1860 5095 1931 5153 ut
1982 5087 2072 5151 ad
2110 5088 2612 5169 viqiutiviratuau
2658 5088 3095 5153 admitteretur
3139 5092 3200 5152 et

615 5190 931 5272 stipendia
995 5190 1277 5274 leyitima
1335 5192 1631 5257 tribunus
1671 5192 1945 5257 militm
1988 5189 2351 5254 laticlavius
2392 5197 2751 5257 mereretur.
2837 5190 3193 5270 Quaestum

2679 5293 2745 5347 30
2758 5292 2785 5319 ι.
