3859 5992
734 547 1103 605 CLAVDIVS
2021 541 2147 609 368
3068 555 3432 611 CLAVDrvs

980 747 1167 811 Iussu
1211 746 1493 831 Augusti
1553 747 1859 813 Tiberius
1914 750 2160 832 Ticin0‚
2220 771 2348 836 quo
2415 749 2499 814 ad
2563 760 2866 835 parentes
2921 751 3436 837 complectendos

854 860 1136 932 venerat,
1185 849 1269 915 ad
1299 850 1588 915 Drusum
1621 862 2067 935 aegrotantem
2099 855 2165 917 in
2199 851 2617 917 Germaniam
2646 853 2979 919 contendit
3012 866 3079 919 et
3119 854 3202 919 ad
3244 856 3435 920 mori-

854 950 1147 1017 bundum
1191 954 1489 1038 pervenit
1529 952 1663 1019 Dio
1702 958 1803 1030 55,
1833 958 1899 1031 2,
1948 955 2235 1020 Valerius
2267 955 2453 1021 Max.
2490 958 2551 1033 5,
2589 959 2648 1033 5,
2692 962 2752 1032 3,
2797 955 2968 1021 Plin.
3014 979 3079 1022 n.
3126 957 3187 1022 h.
3234 964 3289 1035 7,
3330 962 3435 1023 84.

848 1054 1150 1120 Tiberius
1187 1077 1423 1141 corpus
1456 1057 1655 1121 Drusi
1689 1056 1965 1143 pedibus
1998 1069 2128 1123 toto
2164 1059 2394 1122 itinere
2430 1058 2888 1144 praegrediens
2919 1060 3189 1125 Romam
3237 1081 3436 1146 usque

853 1159 1157 1242 pervexit
1188 1158 1447 1225 Sueton.
1479 1160 1685 1225 Tiber.
1717 1165 1777 1238 4,
1809 1159 1944 1225 Dio
1979 1160 2019 1224 l.
2053 1160 2094 1225 l.
2126 1161 2466 1243 Augustus
2497 1162 2852 1246 asperrimo
2884 1160 3114 1226 hiemis
3137 1154 3435 1227 Ticinum

855 1282 1061 1346 usque
1088 1281 1468 1346 progressus
1499 1285 1627 1328 non
1660 1262 2014 1328 abscedens
2045 1287 2085 1327 a
2117 1263 2344 1327 funere
2389 1262 2581 1328 simul
2626 1264 2847 1329 urbem
2893 1266 3164 1330 intravit
3198 1262 3340 1330 Tac.
3376 1285 3434 1328 a·

851 1367 911 1439 3,
934 1367 993 1430 5.
1048 1362 1301 1450 Corpus
1326 1365 1395 1429 in
1418 1386 1645 1451 campo
1669 1366 1905 1430 Martio
1931 1378 2282 1431 crematum
2306 1376 2373 1431 et
2395 1365 2721 1432 mausoleo
2746 1367 3028 1449 Augusti
3051 1367 3313 1431 inlatum
3342 1378 3441 1430 est

856 1466 995 1531 Liv.
1015 1467 1297 1550 perioch.
1323 1473 1466 1546 142,
1501 1469 1757 1534 Sueton.
1800 1468 2035 1536 Claud.
2068 1476 2127 1547 1,
2172 1468 2308 1535 Dio
2334 1474 2433 1548 55,
2465 1474 2530 1534 2.
2605 1469 2869 1555 Duplex
2898 1470 3101 1535 Drusi
3133 1470 3433 1553 laudatio,

856 1591 986 1633 una
1014 1592 1054 1633 a
1081 1569 1347 1636 Tiberio
1381 1572 1444 1635 in
1495 1572 1634 1657 ipso
1681 1572 1837 1655 foro,
1883 1572 2091 1638 altera
2120 1574 2188 1637 in
2217 1575 2390 1637 circo
2421 1572 2739 1637 Flaminio
2769 1572 2853 1637 ab
2886 1573 3186 1656 Augusto
3218 1572 3439 1640 habita

855 1672 1097 1750 Livius,
1141 1671 1274 1738 Dio
1304 1673 1345 1740 l.
1379 1673 1420 1738 l.
1488 1674 1823 1758 Augustus
1856 1697 1985 1741 non
2015 1686 2356 1741 contentus
2387 1675 2666 1759 elogium
2700 1674 2943 1740 tumulo
2975 1676 3113 1740 eius
3145 1673 3436 1739 versibus

855 1798 895 1838 a
954 1797 1024 1840 se
1081 1777 1451 1862 compositis
1512 1776 1956 1864 insculpsisse,
2019 1781 2212 1843 etiam
2257 1780 2431 1843 vitae
2487 1781 2857 1843 memoriam
2913 1801 3108 1864 prosa
3155 1779 3437 1842 oratione

857 1880 1219 1962 composuit
1250 1879 1508 1945 Sueton.
1536 1880 1771 1946 Claud.
1805 1887 1862 1946 1.
1912 1881 2286 1947 Germanici
2316 1902 2670 1965 cognomen
2704 1883 2761 1945 ei
2793 1884 3200 1967 posterisque
3226 1881 3439 1945 decre-

862 1989 997 2044 tum
1040 1991 1139 2046 est
1184 1981 1439 2049 Sueton.
1487 1983 1637 2061 iod„
1685 1983 1820 2049 Dio
1845 1989 1946 2061 55,
1978 1990 2043 2063 2,
2091 1984 2338 2050 Florus
2365 1990 2430 2061 2,
2461 1988 2563 2061 30,
2608 1983 2787 2050 ovid.
2818 1985 2967 2066 fast.
2998 1991 3057 2061 1,
3088 1989 3228 2059 597,
3275 1984 3436 2047 tn‘st.

855 2087 915 2158 4,
965 2088 1033 2160 2,
1078 2088 1179 2164 39,
1226 2084 1541 2169 Porphyr.
1591 2087 1678 2151 ad
1719 2087 1953 2154 Horat.
2003 2110 2097 2171 ep.
2144 2094 2203 2166 1,
2248 2095 2292 2153 3
2335 2109 2403 2170 Ρ.
2447 2092 2582 2153 272
2625 2086 2720 2151 ed.
2754 2086 2994 2170 Meyer.
3082 2087 3188 2152 Ad
3232 2088 3437 2173 ipsum

859 2184 1156 2250 Rhenum
1218 2189 1544 2253 exercitus
1611 2188 2029 2255 honorarium
2098 2191 2155 2253 ei
2219 2187 2534 2254 tumulum
2604 2188 2943 2271 excitavit,
3010 2190 3186 2253 circa
3248 2210 3436 2274 quem

856 2289 1161 2375 deinceps
1206 2301 1369 2355 stato
1416 2290 1523 2355 die
1567 2294 1918 2377 quotannis
1963 2291 2148 2357 miles
2194 2292 2568 2357 decurreret
2613 2290 3104 2378 Galliarumque
3147 2292 3438 2355 civitates

858 2390 1119 2477 publice
1162 2391 1608 2479 supplicarent
1651 2395 1905 2461 Saeton.
1942 2395 2176 2461 Claud.
2209 2402 2265 2473 1,
2297 2394 2430 2460 Dio
2457 2399 2557 2472 55,
2589 2400 2671 2473 2;
2709 2405 3196 2459 monumentum
3238 2394 3437 2458 Drusi

859 2493 1032 2580 apud
1098 2494 1585 2578 Mogontiacum
1642 2497 1916 2581 Eutrop.
1982 2504 2037 2575 7,
2097 2504 2195 2563 13.
2299 2498 2789 2563 Monumentum
2854 2497 3054 2561 Drusi
3123 2496 3435 2561 urbanum

863 2597 1118 2665 Sueton.
1174 2598 1408 2664 Claud.
1454 2606 1551 2665 46.
1661 2600 1853 2665 Anno
1905 2604 1947 2666 6
2000 2624 2062 2687 p.
2117 2601 2191 2667 C.
2246 2602 2674 2669 Germanicus
2728 2610 2793 2665 et
2834 2599 3148 2666 Claudius
3206 2599 3315 2664 filii
3367 2601 3435 2663 in

860 2699 1170 2765 honorem
1230 2704 1431 2788 patris
1491 2703 1780 2768 defuncti
1842 2706 2087 2769 Romae
2146 2727 2379 2769 munus
2422 2703 2880 2786 gladiatorium
2925 2702 3270 2767 ediderunt
3306 2701 3437 2766 Dio

859 2807 956 2879 55,
983 2808 1091 2868 27.
1171 2803 1481 2869 Claudius
1528 2806 1881 2892 imperator
1924 2805 2133 2872 factus
2178 2806 2350 2871 diem
2396 2804 2674 2870 natalem
2720 2806 2859 2869 eius
2903 2803 3218 2869 celebrari
3260 2806 3442 2869 iussit

862 2905 1118 2973 Sueton.
1161 2906 1395 2973 Claud.
1441 2913 1540 2986 11,
1585 2907 1718 2974 Dio
1764 2914 1864 2986 60,
1907 2914 1968 2975 5.
2057 2908 2351 2974 Herodes
2405 2930 2523 2972 rex
2574 2907 2964 2974 Iudaeorum
3015 2910 3085 2972 in
3136 2906 3438 2972 honorem

864 3009 1001 3072 eius
1046 3011 1276 3074 turrim
1320 3009 1401 3075 ad
1438 3023 1697 3097 portum
1730 3011 2219 3078 Caesariensem
2251 3012 2439 3075 sitam
2472 3010 2778 3075 Drusiam
2811 3011 3168 3075 nominavit
3196 3008 3436 3093 Ioseph.

864 3115 995 3179 ant.
1024 3116 1124 3190 15,
1154 3117 1215 3190 9,
1243 3117 1302 3190 6,
1351 3113 1490 3179 bell.
1530 3119 1588 3192 1,
1617 3119 1723 3192 21,
1756 3119 1815 3179 6.
1864 3149 1941 3160 -
1992 3114 2371 3180 Sacerdotes
2415 3115 2680 3200 Δρούσου
2728 3117 2955 3179 ὑπάτου
2988 3114 3239 3196 passim
3280 3114 3440 3176 inve-

858 3215 1127 3279 niuntur
1154 3217 1225 3281 in
1255 3216 1457 3280 t‘i'tulvs
1486 3216 1723 3281 Atticis
1752 3218 1834 3299 cf.
1866 3217 1998 3282 ind.
2034 3217 2193 3283 GIA
2223 3217 2355 3282 III
2376 3239 2448 3300 Ρ.
2468 3221 2593 3281 319
2624 3221 2681 3281 et
2710 3215 3156 3299 Dittenberyer
3181 3214 3440 3296 Ephem.

862 3319 2066 3400 epw1p116etadCIAIII623
2113 3325 2259 3386 624.

989 3422 1331 3504 Ingenium
1359 3445 1435 3487 ac
1464 3445 1678 3488 mores
1710 3423 1981 3488 Velleius
2008 3429 2073 3500 2,
2106 3429 2206 3499 97,
2241 3423 2497 3490 Saeton.
2532 3421 2765 3488 Claud.
2801 3429 2856 3487 1.
2928 3421 3228 3485 Eximius
3254 3419 3439 3484 favor

862 3522 1086 3609 populi
1133 3525 1202 3589 in
1252 3546 1400 3589 eum
1439 3525 1585 3593 Tac.
1620 3545 1680 3593 a.
1711 3529 1776 3602 2,
1804 3530 1924 3603 41,·
1966 3529 2025 3602 6,
2055 3528 2156 3589 51.
2216 3524 2574 3589 Dicebatur
2603 3546 2732 3588 non
2763 3522 3203 3588 dissimulasse
3231 3524 3438 3609 pristi-

862 3648 1018 3690 num
1065 3648 1134 3690 se
1178 3627 1273 3691 rei
1321 3626 1619 3713 publicae
1664 3638 1918 3709 statum,
1977 3626 2367 3713 quandoque
2410 3636 2643 3713 posset,
2697 3626 3140 3691 restituturum
3187 3626 3438 3692 Sueton.

861 3728 1096 3794 Claud.
1127 3734 1167 3794 1
1209 3730 1290 3811 cf.
1344 3730 1492 3795 Tac.
1526 3752 1585 3795 a.
1617 3734 1683 3807 2,
1714 3735 1824 3796 82.
1894 3728 2197 3795 Tiberius
2229 3729 2444 3794 odium
2477 3728 2795 3793 adversus
2825 3728 3331 3793 necessitudines
3374 3729 3439 3792 in

863 3830 1080 3894 Druso
1134 3830 1335 3897 fratre
1394 3834 1672 3919 primum
1732 3833 1981 3898 detexit
2039 3832 2296 3920 prodita
2355 3834 2492 3897 eius
2549 3831 2855 3918 epistula,
2917 3854 3049 3918 qua
3099 3853 3319 3896 secum
3360 3830 3440 3894 de

863 3934 1151 4016 cogendo
1196 3933 1279 3998 ad
1325 3936 1788 4002 restituendam
1841 3935 2210 4001 libertatem
2242 3935 2534 4018 Augusto
2567 3935 2802 4019 agebat
2824 3934 3079 3999 Sueton.
3113 3934 3319 4002 Tiber.
3340 3938 3437 3999 50.

991 4037 1176 4102 onr
1222 4039 1510 4104 Antonia
1553 4041 1782 4122 minor,
1830 4037 1966 4103 filia
2008 4038 2099 4103 M.
2146 4038 2413 4102 Antonii
2463 4038 2783 4102 triumviri
2830 4037 2912 4118 cf.
2956 4036 3022 4100 A
3070 4042 3206 4115 711,
3253 4059 3439 4122 quam

867 4141 931 4203 in
976 4143 1458 4207 matrimonium
1505 4143 1694 4208 duxit
1738 4153 1914 4207 certe
1960 4152 2109 4206 ante
2154 4164 2211 4206 a.
2246 4141 2369 4206 739
2402 4141 2615 4223 :15,
2663 4161 2791 4226 quo
2820 4161 2985 4204 anno
3020 4138 3441 4205 Germanicus

867 4254 1055 4310 natus
1101 4255 1198 4308 est
1241 4246 1321 4327 cf.
1355 4245 1612 4311 Sueton.
1655 4245 1859 4328 Galiy.
1906 4251 1966 4310 1.
2056 4242 2330 4309 Constat
2372 4243 2666 4308 Drusum
2728 4264 2914 4307 usum
2960 4243 3217 4306 veneris
3278 4243 3444 4305 intra

867 4347 1158 4429 coniugis
1219 4349 1552 4412 caritatem
1615 4347 1905 4413 clausum
1969 4347 2252 4412 tenuisse
2310 4344 2519 4411 Valer.
2570 4345 2758 4409 Max.
2803 4350 2863 4422 4,
2909 4348 2970 4422 3,
3016 4350 3077 4410 3.
3168 4345 3275 4409 Ex
3318 4365 3443 4431 qua

870 4448 1231 4535 complures
1274 4451 1538 4537 quidem
1583 4449 1821 4515 liberos
1866 4450 2035 4533 tulit,
2081 4468 2323 4513 verum·
2357 4461 2485 4513 tres
2531 4448 2791 4513 omnino
2824 4445 3085 4533 reliquit
3115 4446 3445 4513 Germani·

863 4574 1027 4633 cum,
1077 4553 1402 4635 Livillam‚
1453 4553 1798 4619 Claudium
1845 4554 2102 4618 Saeton.
2145 4551 2376 4619 Claud.
2416 4558 2475 4617 1.
3501 4622 3507 4626 ,

994 4655 1397 4721 Memoratur
1436 4658 1650 4724 Senec.
1702 4656 1856 4721 dial.
1889 4662 1991 4732 11,
2024 4661 2123 4733 15,
2151 4662 2212 4734 5,
2260 4655 2438 4722 Ptin.
2470 4676 2532 4721 n.
2563 4654 2626 4718 h.
2659 4659 2716 4730 7,
2747 4657 2830 4717 80
2857 4654 2966 4736 (=-
2998 4651 3202 4718 Solin.
3230 4657 3288 4728 1,
3314 4650 3445 4733 74),-

864 4764 926 4835 9,
958 4764 1103 4837 172,
1143 4760 1291 4825 Ταο.
1325 4783 1384 4825 a.
1416 4767 1474 4838 1,
1505 4766 1604 4828 41.
1636 4765 1719 4826 43
1730 4780 1753 4838 ,·
1786 4765 1845 4836 6,
1878 4764 1938 4836 9,
1985 4759 2197 4824 Germ.
2228 4764 2328 4823 34.
2357 4763 2458 4835 37,
2503 4756 2683 4822 Plv‘n.
2708 4757 2885 4839 epist.
2913 4760 2972 4832 3,
3005 4758 3064 4831 5,
3094 4760 3155 4832 4,
3190 4754 3440 4819 sueton.

861 4862 1031 4947 Auy.
1060 4867 1161 4941 99,
1203 4863 1409 4930 Tibe-r.
1453 4870 1547 4941 76,
1596 4863 1803 4947 Caliy.
1843 4870 1903 4941 1,
1932 4863 2206 4946 Eutrop.
2240 4867 2297 4940 7,
2323 4867 2428 4939 12,
2481 4860 2637 4926 Vict.
2663 4858 2840 4926 Caes.
2863 4863 2922 4936 3,
2947 4863 3012 4935 2,
3044 4857 3224 4940 ffloit.
3250 4862 3307 4933 1,
3332 4861 3444 4934 26,-

860 4972 918 5044 4,
965 4972 1024 5044 1,
1070 4966 1332 5034 Orosius
1377 4972 1433 5044 7,
1477 4972 1536 5032 4.
1578 4972 1687 5044 32,
1736 4966 2068 5031 Plutarch.
2115 4966 2353 5032 Antan.
2387 4970 2489 5042 87,
2536 4964 2668 5030 ‚Dio
2704 4968 2804 5041 55,
2836 4968 2896 5027 4.
2938 4966 3000 5028 5.
3041 4965 3100 5026 6.
3131 4963 3206 5038 8,·
3248 4965 3346 5035 60,
3376 4963 3438 5033 2,

866 5070 1042 5137 ovid.
1089 5092 1166 5135 esc
1207 5069 1418 5135 Ponto
1458 5074 1526 5146 2,
1556 5072 1617 5146 8,
1648 5074 1749 5146 47,
1807 5068 2156 5134 Claudian.
2191 5069 2265 5134 de
2304 5089 2469 5133 cons.
2506 5065 2755 5132 Stilich.
2789 5070 2846 5141 1,
2879 5068 2999 5130 193
3027 5083 3178 5145 sqq„
3226 5061 3301 5126 de
3328 5060 3445 5126 IV

863 5194 1026 5242 cons.
1071 5173 1355 5241 Honora·
1392 5176 1533 5250 455,
1567 5173 1816 5258 passim
1860 5173 1930 5237 in
1975 5166 2414 5237 Consolatione
2459 5169 2546 5235 ad
2586 5170 2857 5234 Liviam.
