3859 5992
517 565 881 622 AEMILIVS
1825 557 1912 622 30
2863 566 3228 622 AEMILIVS

628 664 899 672 >-————·.-———-
944 664 1017 669 --—-
1146 665 1171 669 f
1282 663 1521 669 —---—-
1578 664 1615 670 —
1676 664 1711 669 ἡ..
1776 664 1827 669 ⁴*-
1886 664 1996 671 -.--.
2021 664 2074 669 ³-
2163 665 2226 669 γ--
2613 667 2636 671 ,

769 763 849 844 Q.
903 762 946 827 f.
1005 763 1163 845 fasti
1214 762 1372 845 Gap.
1428 761 1563 827 Dio
1614 761 1744 830 ind.
1791 762 1832 826 l.
1876 766 1987 839 56,
2048 763 2138 827 Μ.
2201 785 2263 826 n.
2324 764 2482 845 fasti
2535 763 2693 846 Cap.
2759 764 2936 848 filius
2993 765 3228 829 seilicet

634 871 705 948 Q.
754 865 987 949 Lepidi
1029 865 1301 930 consulis
1346 888 1406 933 a.
1456 869 1575 929 733
1617 895 1701 918 =
1743 869 1850 941 21,
1896 886 2091 947 nepos
2137 865 2236 930 M.
2285 865 2517 948 Lepidi
2559 867 2896 931 triunwiri.
2985 866 3226 933 Consul

641 993 697 1034 a.
752 972 820 1034 11
875 990 937 1054 p.
984 966 1057 1036 C.
1104 969 1285 1050 fasti.
1370 967 1562 1033 Anno
1608 970 1692 1033 20
1738 968 1956 1033 Pisoni
2003 990 2113 1032 reo
2159 980 2470 1055 patronus
2515 969 2727 1035 adfuit
2779 970 2924 1035 Tae.
2959 993 3019 1038 a.
3055 976 3116 1047 3,
3147 976 3226 1036 11

643 1083 708 1137 et
751 1073 814 1135 in
859 1080 1087 1136 senatu
1118 1070 1432 1157 Lepidam
1466 1091 1751 1136 sororem
1783 1070 2078 1136 defendit
2105 1072 2233 1136 ibd.
2263 1077 2323 1149 3,
2355 1078 2469 1140 22.
2529 1072 2609 1137 A.
2642 1075 2719 1137 21
2771 1071 3227 1157 proconsulatu

641 1175 907 1240 Africae
952 1174 1139 1238 Iunio
1186 1171 1421 1238 Blaeso
1481 1175 1679 1238 cessit
1736 1173 1863 1238 ibd.
1910 1178 1971 1249 3,
2014 1178 2098 1239 35
2152 1184 2215 1238 et
2272 1196 2532 1239 causam
2578 1173 2854 1239 Clutorii
2899 1175 3107 1241 Prisci
3160 1177 3226 1240 in

641 1286 869 1342 senatu
912 1277 1047 1360 egit
1085 1274 1215 1340 ibd.
1244 1280 1304 1352 3,
1337 1281 1439 1341 50.
1514 1275 1592 1343 A.
1626 1277 1709 1342 26
1753 1275 2101 1362 proconsul
2132 1275 2330 1340 Asiae
2365 1275 2494 1341 iod.
2529 1282 2588 1354 4,
2620 1280 2701 1342 56
2735 1281 2776 1341 t.
2810 1282 2869 1344 1.
2904 1281 2968 1342 2.
3031 1278 3111 1344 A.
3144 1278 3227 1343 33

643 1379 804 1445 obiit
837 1379 967 1447 ibd.
999 1384 1056 1454 6,
1088 1384 1194 1447 27.
1234 1416 1310 1424 Μ
1341 1378 1576 1461 Augur
1607 1384 1649 1443 t.
1683 1384 1748 1447 2.
1785 1418 1862 1427 —
1898 1377 2139 1443 Gravis
2172 1389 2235 1443 et
2266 1380 2523 1465 sapiens
2556 1381 2694 1462 vir3
2741 1402 2886 1445 nam
2920 1377 3228 1466 pleraque

642 1482 728 1548 ab
765 1483 976 1547 saevis
1006 1480 1486 1546 adulationibus
1517 1479 1790 1546 aliorum
1825 1481 1891 1545 in
1922 1479 2156 1547 melius
2183 1480 2386 1564 flexit,
2426 1504 2640 1568 neque
2670 1492 2884 1547 tamen
2917 1493 3226 1569 tempera-

642 1587 844 1650 menti
905 1583 1170 1668 egebat,
1229 1606 1376 1649 cum
1437 1583 1762 1670 aequabili
1826 1585 2207 1649 auctoritate
2267 1595 2333 1648 et
2389 1586 2602 1667 gratia
2656 1584 2833 1672 apud
2892 1584 3226 1650 Tiberium

642 1688 928 1771 viguerit
970 1687 1098 1753 iod.
1143 1694 1202 1763 4,
1248 1692 1337 1753 20
1383 1690 1467 1770 ef.
1521 1692 1578 1764 6,
1626 1693 1734 1753 27.
1826 1687 2163 1770 Augustus
2209 1710 2354 1752 eum
2403 1710 2706 1774 capacem
2767 1690 3050 1774 imperii,
3113 1689 3228 1753 sed

638 1790 1026 1856 abnuentem
1079 1789 1337 1855 dixerat
1380 1789 1508 1855 ibd.
1554 1796 1625 1867 1,
1674 1795 1771 1858 13.
1857 1790 2137 1854 Neronis
2197 1790 2340 1873 (filii
2388 1790 2791 1874 Germanici)
2853 1803 3231 1878 praeceptor

643 1895 884 1961 Seneca
921 1898 1117 1959 contr.
1147 1899 1212 1970 2,
1243 1898 1304 1970 3,
1335 1898 1458 1971 23,·
1501 1895 1800 1977 egregius
1844 1895 1950 1956 vir
1991 1892 2120 1958 ibd.
2154 1898 2194 1959 9
2225 1897 2447 1977 praef.
2475 1900 2536 1959 5.
2573 1932 2652 1942 —·
2698 1894 2939 1975 Liberi,
2987 1894 3228 1960 nubilis

642 1995 777 2062 filia
832 1998 968 2064 sub.
1017 2019 1076 2064 a.
1124 2001 1210 2062 21
1254 2001 1685 2061 memorantur
1737 1997 1882 2060 Tae.
1932 2020 1993 2061 a.
2039 2001 2099 2073 3,
2140 2001 2240 2062 35.
2305 2034 2385 2044 -
2449 1996 2841 2062 Nominatur
2891 2003 3228 2079 praetii-ea.

652 2101 799 2165 Tae.
835 2123 895 2164 a.
928 2104 985 2177 6,
1022 2104 1082 2177 5,
1133 2099 1375 2165 Seneca
1420 2104 1618 2164 contr.
1654 2104 1735 2163 10
1767 2101 1988 2182 praef.
2016 2104 2077 2164 3.

516 2205 640 2268 243
687 2204 792 2285 (M.
835 2204 1228 2285 AEMILIVS)
1272 2211 1590 2266 LEPIDVS
1636 2203 1844 2267 neseio
1884 2204 2024 2285 quis
2069 2206 2456 2268 memoratur
2499 2204 2567 2267 in
2613 2203 2817 2267 titulis
2863 2202 3224 2267 libertorum

645 2306 748 2371 VI
779 2310 967 2371 8602.
1014 2309 1234 2370 11056.
1282 2310 1509 2371 11092.

516 2412 642 2474 244
686 2419 764 2473 M.
810 2416 1175 2472 AEMILIVS
1224 2417 1562 2489 LEPIDVS,
1621 2417 1931 2493 patronus
1974 2408 2444 2472 anmensium
2491 2408 2581 2472 II
2607 2412 2785 2473 2820
2831 2407 3231 2485 anneensi83

644 2515 951 2576 incertum
996 2510 1083 2574 ad
1127 2511 1527 2574 triumvirum
1573 2531 1659 2575 an
1702 2510 1790 2574 ad
1818 2512 2239 2593 posteriorem
2285 2510 2385 2574 M.
2436 2509 2740 2592 Lepidum
2779 2513 3116 2593 pertineat.

515 2618 639 2679 245
685 2623 763 2680 Μ.
810 2615 1228 2696 (AEMILIVS)
1290 2622 1607 2677 LEPIDVS
1668 2614 1874 2677 neseio
1934 2615 2075 2695 quis
2119 2617 2505 2677 memoratur
2559 2612 2632 2677 X
2667 2619 2829 2678 6774
2874 2634 2950 2677 ez:
2994 2612 3227 2677 Pontia

647 2716 900 2794 insula,·
960 2715 1241 2780 traditur
1284 2717 1512 2781 Pontio
1557 2715 1830 2798 Nigrino
1876 2716 2105 2799 c[08.‘?]
2154 2716 2226 2797 (a
2276 2716 2389 2794 37)
2444 2715 2533 2781 M.
2596 2716 2915 2802 Lepidus.
2979 2716 3231 2780 omnim)

642 2820 949 2884 incertum
986 2823 1095 2895 est,
1142 2840 1290 2882 num
1338 2820 1407 2882 in
1452 2818 1664 2883 eadem
1712 2820 2125 2901 inscriptione
2156 2818 2279 2882 duo
2309 2818 2589 2884 homines
2617 2820 2933 2883 nominati
2969 2819 3226 2901 fuerint.

516 2922 640 2985 246
685 2931 762 2986 Μ.
823 2930 1185 2985 AEMILIVS
1246 2930 1599 3004 LEPIDVS,
1661 2921 1750 2986 M.
1798 2921 1842 2986 f.
1888 2921 1970 3002 Q.
2029 2943 2125 3002 n.,
2189 2943 2318 2988 cos.
2367 2922 2398 2986 I
2442 2945 2499 2986 a.
2547 2921 2670 2986 708
2717 2951 2800 2975 =
2845 2923 2947 3003 46,
2988 2943 3114 2986 coS.
3159 2921 3226 2986 II

645 3046 701 3088 a.
737 3024 860 3089 712
890 3051 969 3077 =
1005 3026 1103 3099 42,
1138 3024 1345 3088 IIIvir
1393 3026 1482 3087 rei
1532 3022 1834 3110 publicae
1865 3024 2359 3089 constituendae
2392 3047 2449 3088 a.
2475 3024 2813 3089 711—718
2844 3054 2926 3078 =
2957 3025 3227 3103 43-36,

643 3152 701 3194 a.
734 3127 858 3192 718
892 3156 975 3179 =
1002 3127 1085 3192 36
1117 3150 1157 3191 a
1187 3125 1466 3192 Caesare
1508 3128 1889 3211 magistratu
1922 3138 2157 3192 exutus
2189 3127 2390 3192 vitam
2437 3138 2501 3191 et
2543 3125 2986 3213 pontificatum
3029 3128 3229 3191 maxi-

644 3249 821 3292 mum
895 3230 1165 3294 retinuit
1223 3231 1308 3310 ef.
1365 3228 1711 3294 Drumann
1770 3230 1820 3294 I
1854 3252 1927 3311 p.
1974 3235 2062 3295 12
2103 3250 2229 3312 sqq.
2342 3229 2638 3294 Mortuus
2699 3240 2796 3293 est
2854 3229 2974 3294 sub
3035 3230 3226 3293 finem

645 3355 703 3395 a.
751 3331 865 3396 741
920 3360 1001 3385 --:
1052 3332 1132 3397 13
1177 3331 1311 3397 Dio
1352 3336 1454 3410 54,
1499 3337 1593 3398 27
1648 3332 1751 3396 vel
1814 3333 2077 3397 ineunte
2137 3356 2192 3397 a.
2238 3333 2362 3397 742
2421 3334 2502 3415 ef.
2554 3332 2947 3398 Monument.
2992 3333 3229 3416 Ancyr.

644 3443 708 3510 2,
753 3439 843 3499 23
886 3439 945 3498 et
990 3434 1136 3501 adn.
1186 3434 1570 3500 Mommseni
1599 3457 1671 3517 p.
1703 3439 1800 3501 45.

781 3536 1043 3602 Constat
1085 3559 1223 3602 eum
1263 3559 1521 3603 uxorem
1564 3537 1860 3602 habuisse
1903 3537 2050 3602 inde
2083 3538 2164 3602 ab
2208 3558 2375 3602 anno
2420 3540 2553 3621 fere
2584 3543 2704 3603 704
2734 3568 2816 3590 =
2843 3544 2927 3603 50
2970 3538 3232 3603 Iuniam

647 3640 748 3705 M.
792 3639 997 3704 Bruti
1047 3660 1326 3705 sororem
1386 3640 1653 3705 Velleius
1706 3646 1785 3718 2,
1830 3644 1950 3717 88,
2011 3640 2296 3723 Appian.
2346 3642 2402 3705 b.
2451 3663 2501 3708 e.
2547 3646 2618 3717 4,
2661 3645 2745 3706 50
2808 3643 2892 3722 cf.
2949 3640 3079 3705 Cic.
3141 3638 3231 3703 ad

643 3743 776 3806 Att.
824 3750 883 3819 6,
929 3749 987 3821 1,
1033 3748 1154 3822 25‚·
1213 3748 1309 3820 14,
1358 3752 1417 3821 8,
1466 3750 1539 3821 1,·
1596 3766 1745 3809 nam
1794 3744 1892 3810 M.
1941 3743 2223 3826 Lepidus
2269 3744 2503 3826 Lepidi
2544 3766 2621 3808 ex
2664 3745 2862 3809 Iunia
2905 3743 3076 3827 filius
3121 3743 3230 3824 qui

644 3869 704 3911 a.
742 3851 864 3910 724
894 3876 976 3899 =
1002 3851 1104 3923 30,
1145 3848 1382 3911 occisus
1412 3852 1520 3923 est,
1572 3849 1873 3912 ‘iuvenis‘
1919 3847 2160 3911 intem‘it
2205 3851 2406 3911 matre
2448 3847 2802 3929 superstite.
2877 3845 3235 3911 Dubitatur

646 3948 720 4013 de
759 3949 1074 4026 Cornelia,
1106 3970 1293 4031 quam
1339 3972 1601 4015 uxore-m
1644 3952 1780 4015 eius
1825 3973 1884 4015 a.
1922 3956 2049 4015 702
2084 3980 2158 4003 =
2187 3955 2277 4016 52
2320 3951 2520 4031 fuisse
2561 3955 2867 4015 memo-rat
2901 3951 3131 4015 Asson.
3163 3949 3235 4012 in

646 4052 1083 4117 Milonianam
1115 4074 1187 4135 p.
1217 4057 1302 4117 38
1335 4052 1477 4118 KS.
1530 4055 1738 4118 ‘cuius
1767 4055 2031 4118 castitas
2077 4075 2194 4139 pro
2232 4052 2529 4139 exemplo
2579 4053 2800 4119 habita
2844 4062 2989 4120 est’.
3064 4050 3233 4116 Vnde

638 4155 918 4234 sequitur
965 4155 1269 4220 Marcum
1327 4156 1531 4239 filium
1550 4206 1565 4233 ,
1627 4158 1737 4239 qui
1793 4178 1869 4222 ex
1914 4157 2335 4240 praenomine
2377 4160 2536 4221 natu
2578 4158 2892 4221 maximus
2935 4154 3232 4231 ereditur,

643 4278 771 4321 non
829 4264 976 4322 ante
1035 4281 1095 4322 a.
1147 4264 1265 4322 704
1322 4263 1544 4323 natum
1590 4279 1719 4324 esse
1749 4262 2055 4343 potuisse,
2106 4261 2198 4323 ita
2239 4265 2311 4324 ut
2356 4281 2417 4326 a.
2468 4265 2589 4323 717
2627 4258 2907 4341 Lepidus
2943 4263 3131 4340 pater
3173 4261 3232 4321 et

640 4358 962 4425 Antonius
1040 4360 1115 4425 de
1190 4362 1435 4444 nuptiis
1509 4360 1913 4445 conficiendis
1984 4361 2208 4426 Marci
2272 4367 2330 4426 et
2396 4362 2721 4426 Antoniae
2786 4383 2914 4426 non
2974 4366 3232 4443 possent

644 4463 914 4544 ayitare.
998 4463 1277 4529 Errasse
1331 4470 1539 4529 autem
1590 4465 1934 4529 Asconium
1999 4466 2066 4528 in
2120 4467 2370 4529 nomine
2424 4464 2758 4529 Corneliae
2811 4463 2988 4529 haud
3041 4463 3234 4545 facile

646 4567 988 4649 posuerint.
1054 4566 1255 4631 Immo
1298 4568 1434 4632 veri
1473 4568 1748 4632 similius
1792 4572 1883 4632 est
1920 4570 1992 4648 Q.
2027 4567 2336 4649 Lepidum
2390 4568 2703 4633 consulem
2746 4590 2806 4631 a.
2857 4572 2977 4631 733
3010 4595 3096 4620 ·=
3146 4571 3232 4632 21

641 4668 845 4751 filium
890 4672 1193 4735 maiorem
1242 4692 1317 4735 ea:
1356 4670 1653 4736 Cornelia
1697 4672 1978 4753 yenitum-
2022 4671 2252 4751 luisse,
2299 4669 2493 4734 veluti
2534 4669 2812 4752 filiorum
2861 4670 2959 4736 M.
3007 4667 3237 4751 Lepidi

645 4771 919 4838 consulis
962 4795 1021 4837 a.
1054 4778 1177 4838 676
1205 4803 1287 4827 =
1322 4777 1403 4838 78
1444 4774 1654 4837 maior
1699 4779 1855 4837 natu
1902 4794 2030 4837 non
2081 4773 2383 4849 Marcus,
2429 4772 2542 4836 sed
2599 4773 2675 4836 L.
2723 4771 2994 4837 Paullus
3036 4772 3234 4854 fuisse

642 4875 906 4944 videtur.
999 4878 1299 4957 Quintum
1343 4898 1490 4958 erqo
1531 4878 1753 4960 potius
1796 4898 1983 4958 quam
2035 4876 2338 4940 Marcum
2378 4897 2676 4958 yenerum
2720 4876 3002 4939 Antonio
3048 4874 3233 4938 desti-

640 4984 862 5043 natum
917 4979 1310 5045 crediderim.
1360 5017 1440 5026 —
1490 4979 1812 5044 ‘Liberos‘
1866 4979 2099 5061 Lepidi
2143 5001 2202 5043 a.
2252 4984 2371 5042 711
2415 5008 2497 5032 =
2540 4983 2623 5043 43
2665 4982 2972 5043 memorat
3011 4976 3230 5043 Cicero

643 5081 935 5166 Philipp.
968 5087 1065 5160 13,
1098 5087 1158 5148 8.

519 5186 644 5251 247
689 5196 768 5254 Μ.
804 5188 1225 5270 (AEMILIVS)
1255 5196 1594 5269 LEPIDVS,
1642 5185 1874 5272 Lepidi
1921 5188 2078 5268 eine,
2127 5186 2238 5271 qui
2286 5183 2586 5249 triumvir
2630 5183 2843 5247 fuerat
2886 5182 2979 5247 rei
3025 5179 3232 5271 publi-
