3859 5992
632 502 936 558 AVIDIVS
1934 496 2055 562 187
3038 509 3344 565 AVIDIVS

758 699 1045 765 adlatum
1089 710 1187 764 est
1228 700 1338 764 vit.
1382 699 1606 764 Marci
1633 705 1738 777 25,
1771 706 1834 778 2,
1882 702 2110 767 Avidii
2137 709 2195 781 7,
2230 707 2291 780 8,
2338 702 2471 768 Dio
2504 709 2600 781 71,
2633 709 2727 770 27
2767 705 3090 787 (Zonaras
3118 710 3225 783 12,
3255 704 3341 788 3).

761 804 1085 887 Regnavit
1142 814 1271 867 tres
1329 824 1581 867 menses
1640 802 1777 867 dies
1839 826 1956 869 sex
2013 803 2147 870 Dio
2193 806 2233 871 l.
2280 805 2355 883 l.,
2404 828 2529 890 per
2574 812 2874 872 aestatem
2916 809 3051 890 fere
3096 831 3155 874 a.
3202 814 3341 886 175,

758 928 909 972 nam
940 904 1330 989 Commodus
1377 905 1644 970 indutus
1690 916 1843 990 toga
1888 918 1987 972 est
2028 909 2217 972 nonis
2247 909 2433 973 Iuliis
2472 931 2546 974 eo
2578 920 2882 996 tempore,
2918 933 3047 996 quo
3082 911 3344 978 Cassius

759 1034 800 1075 a
838 1010 1061 1074 Marco
1107 1007 1383 1072 descivit
1425 1009 1530 1072 vit.
1574 1008 1899 1075 Commodi
1940 1016 2005 1087 2,
2045 1015 2110 1077 2.

898 1111 1003 1178 De
1060 1110 1279 1176 liberis
1332 1110 1547 1177 Cassii
1604 1111 1965 1195 discrepant
2024 1118 2329 1179 auctores,
2437 1114 2613 1180 Nam
2668 1117 2777 1180 vit.
2839 1115 3064 1182 Marci
3104 1123 3208 1194 26,
3257 1124 3346 1185 12

758 1217 865 1301 (cf.
912 1216 1019 1279 vit.
1052 1213 1280 1279 Avidii
1317 1219 1377 1291 4,
1421 1218 1534 1296 21)
1580 1221 1981 1297 opponuntur
2029 1215 2169 1280 ‘filii
2216 1216 2425 1282 Cassii
2469 1254 2547 1263 —
2603 1256 2679 1265 —
2727 1219 3032 1284 mulieres
3078 1230 3339 1306 autem’‚

758 1324 831 1384 ut
863 1319 1084 1403 plures
1130 1323 1191 1383 et
1230 1317 1402 1402 filios
1459 1323 1519 1382 et
1560 1318 1736 1402 filias
1795 1318 2091 1385 habuisse
2149 1320 2459 1385 videatur.
2559 1321 2743 1387 Certe
2796 1324 3082 1388 novimus
3138 1324 3344 1407 filium

757 1443 953 1488 unum
999 1420 1458 1504 Heliodorum,
1523 1420 1934 1506 deportatum
1979 1433 2126 1508 post
2168 1425 2370 1508 patris
2417 1447 2643 1489 necem
2685 1427 2792 1489 vit.
2843 1426 3069 1491 Marci
3110 1432 3215 1504 26,
3263 1432 3344 1491 10

760 1526 1012 1609 (contra
1055 1523 1186 1589 Dio
1225 1528 1324 1601 71,
1362 1528 1456 1589 27
1492 1525 1742 1588 nomine
1787 1526 2013 1590 omisso
2057 1528 2087 1591 ὁ
2136 1529 2262 1599 υἱὸς
2305 1528 2486 1592 αὐτοῦ
2527 1528 2897 1615 ἐφονεύθη);
2943 1528 3346 1594 Alexandria

758 1627 893 1693 filia
949 1628 1331 1691 Drunciano
1393 1625 1452 1709 C?
1466 1627 1878 1712 Dryantiano
1940 1629 2202 1693 coniecit
2244 1629 2646 1713 Hirschfeld)
2705 1642 2911 1717 nupta
2965 1634 3075 1697 vit.
3123 1632 3348 1696 Marci

757 1736 863 1809 26,
910 1736 1014 1807 12,
1060 1729 1288 1794 Avidii
1328 1733 1389 1807 9,
1433 1733 1494 1793 3.
1581 1728 1785 1794 Falso
1828 1730 2062 1795 dicitur
2106 1731 2461 1818 (Volusius)
2504 1733 2878 1798 Maecianus
2921 1733 3094 1799 filius
3135 1734 3342 1800 Cassii

756 1835 863 1901 vit.
900 1832 1124 1897 Marci
1148 1836 1255 1908 25,
1286 1837 1327 1896 4
1368 1831 1675 1896 incertum
1705 1854 1830 1915 per
1870 1833 2328 1917 neyleyentiam
2369 1838 2649 1900 auctoris
2693 1858 2780 1901 an
2822 1837 3254 1904 librariorum.

887 1936 1158 2001 Amicus
1188 1935 1554 2017 Frontonis,
1604 1936 1717 2020 qui
1761 1934 1845 2000 ad
1891 1957 2039 2000 eum
2085 1938 2345 2024 scripsit
2374 1937 2714 2023 epistulam
2747 1944 2806 2016 1,
2839 1944 2879 2004 6
2921 1940 3009 2004 ad
3044 1941 3227 2005 amic.
3259 1979 3344 1987 —-

761 2039 1166 2104 Memoratur
1224 2035 1516 2120 (praeter
1571 2039 1740 2102 vitas
1795 2038 1999 2121 ipsius
2050 2044 2110 2103 et
2164 2039 2410 2122 Marce)
2465 2042 2574 2105 vit.
2629 2041 2850 2107 Clodii
2891 2041 3120 2107 Albini
3161 2048 3218 2120 6,
3263 2050 3345 2122 2,·

758 2147 858 2219 10,
889 2146 949 2207 9.
982 2146 1083 2206 10.
1114 2145 1229 2219 11‚·
1270 2145 1376 2216 12,
1409 2145 1510 2217 10,
1543 2139 1906 2205 Alexandri
1932 2145 1991 2217 1,
2027 2146 2084 2218 7,
2131 2140 2263 2206 Dio
2297 2148 2392 2220 71,
2426 2148 2532 2212 29.
2566 2150 2668 2209 30.
2700 2149 2780 2209 31
2794 2166 2815 2223 ,·
2853 2149 2956 2222 72,
2993 2150 3049 2221 7,
3094 2146 3344 2211 Fronto

762 2245 848 2311 ad
899 2245 1123 2311 Vermn
1160 2249 1226 2320 2,
1272 2248 1316 2309 3
1363 2266 1433 2326 p.
1479 2248 1601 2308 131
1630 2244 1734 2321 N„
1784 2245 2054 2313 Ducian.
2100 2246 2403 2327 quomodo
2447 2247 2721 2313 historia
2765 2248 3191 2314 couscr‘ae'beud.
3239 2252 3339 2324 31,

767 2347 1139 2414 Tertullian.
1186 2346 1353 2429 apol.
1397 2350 1497 2424 35,
1546 2347 1635 2412 ad
1677 2346 2027 2431 Scapulam
2068 2354 2134 2414 2.

637 2469 799 2534 1166
844 2478 960 2532 CN.
992 2476 1294 2531 AVIDIVS
1328 2476 1578 2531 CELER
1597 2517 1750 2550 .....
1784 2474 2173 2534 mmoratur
2201 2470 2266 2534 in
2299 2470 2483 2534 titulo
2511 2470 2733 2535 mutilo
2749 2471 3017 2536 Araoeae
3047 2459 3115 2535 iu
3138 2472 3343 2554 Lycia

757 2575 1005 2654 reperto
1044 2569 1210 2636 OIG
1253 2573 1476 2653 42249
1518 2569 1688 2635 Add.
1722 2585 1793 2653 p.
1829 2576 1997 2637 1120
2040 2600 2123 2624 =
2170 2573 2415 2637 Lebas-
2435 2572 2864 2657 Waddinyton
2907 2578 3107 2640 1236:
3153 2624 3340 2640 .....

761 2674 1189 2761 [ἀ]φιεροῦντος
1248 2674 1464 2739 Γναίου
1522 2670 1807 2757 Αὐιδ[ίου]
1858 2672 2121 2761 Κέλερος
2166 2675 2485 2741 Φισκιλλιῖ
2532 2724 2548 2741 .
2575 2725 2591 2740 .
2619 2725 2635 2740 .
2679 2674 3157 2762 (Πρισκιλλιανοῢ
3200 2698 3344 2743 con-

758 2779 904 2843 iecit
947 2775 1401 2859 Waddinyton)
1445 2778 1513 2842 τὸ
1561 2775 1733 2863 ἔργον
1780 2781 1880 2843 καὶ
1932 2777 2555 2863 συν[τ]ελ[ειώσαντος]
2598 2776 2881 2865 Ἀραξέων
2928 2783 2965 2865 ἡ
3013 2781 3198 2866 βουλὴ
3245 2784 3344 2845 καὶ

758 2885 790 2948 ὁ
837 2878 1091 2966 δῆμ[ος].
1179 2878 1488 2961 Leyatwm
1531 2879 1768 2961 Dymae
1810 2881 2010 2961 fuisse
2054 2880 2484 2964 Waddinyton
2521 2881 2953 2965 probabiliter
3009 2883 3156 2948 iude
3200 2886 3343 2949 conss

752 2985 916 3061 iecit,
947 2981 1117 3065 quod
1135 3001 1392 3063 praeses
1416 2982 1793 3064 provinciae
1826 2983 2078 3065 templa,
2112 3004 2272 3065 quae
2302 2988 2486 3048 erant
2513 2985 2582 3049 iu
2605 2985 2948 3067 provincia
2982 2984 3343 3068 aedificata,

754 3084 1046 3151 dedicare
1074 3084 1334 3160 solebat,
1369 3085 1549 3149 cuius
1576 3086 1674 3148 rei
1703 3085 1989 3168 exempla
2016 3088 2085 3150 in
2109 3087 2347 3169 Lyciae
2383 3087 2584 3151 titulis
2611 3092 2876 3154 η.1254.
2909 3092 3077 3154 1265
3113 3088 3341 3172 Wadd.

754 3192 988 3264 extant,
1046 3188 1117 3252 in
1176 3208 1438 3269 quorum
1496 3187 1697 3252 altero
1757 3188 1974 3253 eadem
2029 3189 2312 3270 formula
2364 3195 2897 3262 συντελειώσαντος
2940 3194 3037 3256 καὶ
3082 3193 3344 3277 ἀφιερώ-

756 3314 967 3362 σαντος
1010 3291 1083 3355 τὰ
1127 3289 1272 3377 ἔργα
1314 3291 1651 3357 invenitur.

631 3413 793 3479 1167
842 3413 1202 3495 (AVIDIVS)
1236 3420 1737 3493 HELIODORVS,
1785 3411 1956 3477 filius
1987 3413 2214 3478 Avidii
2247 3412 2455 3479 Cassii
2501 3424 2647 3499 post
2686 3415 3100 3480 rebellionem
3140 3415 3343 3499 patris

757 3514 1133 3600 deportatus
1173 3515 1282 3578 vit.
1331 3513 1556 3579 Marci
1596 3519 1699 3592 25,
1748 3521 1828 3580 11
1873 3517 1956 3596 cf.
2000 3537 2064 3583 n.
2102 3521 2281 3583 1116.

632 3635 795 3700 1168
842 3633 913 3701 O.
961 3633 1242 3699 Avidius
1294 3631 1688 3698 Heliodorus
1747 3641 2135 3700 memoratur
2195 3637 2266 3701 iu
2329 3638 2530 3702 titulis
2572 3637 2906 3721 Aeyyptiis
2965 3638 3166 3701 latino
3210 3638 3343 3703 III

756 3743 922 3804 6025
966 3736 1053 3824 (1)
1100 3736 1428 3801 Antonino
1482 3736 1607 3801 Pio
1661 3737 1946 3802 dedicato
1963 3757 1982 3815 ,·
2026 3760 2257 3820 yraeco
2312 3739 2414 3803 CI
2416 3738 2478 3804 G
2521 3744 2685 3806 4955
2729 3744 2843 3824 (2),
2892 3762 3070 3822 quem
3121 3740 3344 3804 melius

758 3840 1089 3923 descripsit
1119 3838 1590 3921 Schweiufurth
1634 3840 1808 3923 apud
1836 3841 2241 3918 Petermauu,
2300 3840 2808 3925 Geoyraphische
2852 3842 3341 3925 Mittheiluuyen

759 3942 946 4009 XXI
979 3941 1190 4027 (1875)
1224 3963 1296 4024 p.
1326 3946 1475 4018 392,
1521 3942 1687 4007 uude
1740 3948 2010 4026 apparet
2055 3944 2306 4009 titulum
2347 3965 2474 4008 uon
2520 3965 2685 4010 armo
2731 3951 2852 4010 140
2884 3947 3167 4029 positum
3213 3968 3340 4011 esse

759 4046 953 4129 (ἔτους
995 4048 1188 4131 τρίτου
1237 4047 1666 4134 αὐτοκράτορος
1706 4048 1775 4110 in
1815 4045 1920 4112 CI
1920 4045 2028 4129 G),
2093 4047 2204 4111 sed
2260 4047 2427 4119 ἔτους
2471 4046 2550 4133 ιη’
2597 4054 2700 4113 τοῦ
2744 4050 3170 4136 αὐτοκράτορος
3212 4054 3341 4144 κτλ.

760 4149 831 4214 id
868 4154 959 4214 est
1003 4169 1063 4215 a.
1112 4152 1249 4214 155.

886 4250 959 4316 O.
1008 4248 1285 4315 Avidius
1329 4249 1724 4315 Heliodorus
1770 4256 1813 4315 t.
1858 4256 1916 4327 1,
1977 4251 2256 4317 Avidius
2299 4251 2689 4317 Heliodorus
2737 4259 2778 4317 t.
2823 4258 2902 4335 23
2964 4252 3140 4335 apud
3179 4251 3342 4318 Dio-

756 4374 897 4420 nem
940 4358 1040 4431 69,
1085 4357 1127 4419 3
1170 4356 1317 4439 πρὸς
1358 4356 1460 4419 τὸν
1507 4355 1687 4419 αὐτοῦ
1743 4355 1888 4419 ἴδιον
1937 4352 2304 4442 Ἥλιόδωρον
2353 4355 2650 4433 traditur,
2711 4360 2859 4443 πρὸς
2916 4360 3017 4422 τὸν
3065 4336 3340 4422 Ἀουίδιοῦ

758 4455 1126 4543 Ἥλιόδωρον
1174 4456 1449 4520 correxit
1489 4455 1562 4522 O.
1608 4456 2012 4537 Hirschfeld;
2057 4462 2324 4522 ceterum
2368 4456 2778 4525 Heliodorus.

850 4560 993 4643 ¹Ex
1060 4558 1313 4645 Cyrrho
1382 4561 1648 4624 civitate
1712 4560 1944 4645 Syriae
2002 4562 2312 4626 oriundus
2371 4560 2505 4626 Dio
2562 4567 2658 4638 71,
2703 4567 2834 4640 22;
2899 4560 2981 4625 ab
3049 4560 3342 4647 epistulis

761 4662 1075 4729 Hadriani
1121 4661 1255 4727 Dio
1294 4667 1392 4739 69,
1436 4667 1479 4726 3
1492 4682 1512 4740 ;
1568 4662 1627 4733 ἐξ
1687 4664 1990 4749 ἐμπειρίας
2035 4664 2342 4750 ῥητορικῆς
2396 4664 2477 4728 ad
2535 4664 3008 4749 praefecturam
3052 4663 3339 4749 Aegypti

760 4775 1091 4852 promotus
1149 4764 1283 4830 Dio
1330 4770 1426 4842 71,
1476 4770 1584 4843 22,
1648 4765 2011 4851 praefectus
2073 4765 2195 4830 sub
2257 4767 2585 4830 Antonino
2646 4767 2765 4831 Pio
2814 4772 2856 4832 t.
2901 4773 2959 4843 1,
3023 4766 3343 4831 Aristides

761 4873 923 4933 orat.
971 4873 1059 4934 26
1116 4868 1168 4933 I
1206 4890 1280 4951 p.
1323 4872 1453 4933 524
1510 4868 1601 4935 ed.
1662 4868 1982 4951 Dindorf,
2052 4892 2110 4933 a.
2174 4870 2296 4933 143
2363 4870 2431 4933 iu
2483 4889 2736 4952 papyro
2803 4890 3031 4953 yraece
3100 4870 3342 4951 scripta

759 4969 1177 5054 Aeyyptische
1234 4970 1573 5036 Urkundeu
1632 4990 1747 5035 aus
1812 4970 1949 5035 dem
2007 4972 2065 5035 lc.
2129 4971 2428 5035 Museum
2485 4993 2564 5036 zu
2620 4971 2850 5036 Berlin
2905 4973 2956 5037 I
3000 4974 3042 5036 5
3085 4992 3150 5035 n.
3201 4975 3338 5045 113,

766 5095 821 5138 a.
860 5074 978 5139 155
1024 5077 1068 5138 t.
1099 5078 1180 5151 2,·
1220 5074 1565 5138 memorari
1591 5072 1839 5137 videtur
1880 5074 1953 5138 in
1997 5074 2206 5138 altera
2235 5095 2493 5158 papyro
2521 5074 2651 5139 ibd.
2683 5076 2734 5140 I
2754 5080 2792 5137 9
2835 5095 2897 5139 u.
2927 5078 3073 5141 256.
3163 5072 3337 5139 Idem
