3859 5992
2 2710 28 2915 --

596 558 938 616 ANTONIA
1902 555 2026 621 107
2964 566 3306 624 ANTONIA

728 756 962 823 Claud.
1008 763 1066 837 1,
1114 757 1452 827 Plutarch.
1497 758 1736 824 Anton.
1774 763 1880 837 87,
1922 759 2171 844 Ioseph.
2217 766 2350 826 ant.
2396 765 2498 838 18,
2531 768 2587 840 6,
2617 767 2675 840 6,
2723 764 2838 849 qui
2885 786 2968 830 ex
3012 787 3090 831 ea
3131 788 3303 831 com-

723 859 943 948 plures
971 861 1236 948 quidem
1267 859 1504 936 liberos
1534 861 1700 944 tulit,
1747 884 1975 928 verum
2006 872 2136 928 tres
2174 866 2435 930 omnino
2478 863 2773 952 reliquit:
2822 868 3301 953 Germanicum,

724 963 1050 1048 Livillam,
1084 963 1431 1031 Claudium
1462 963 1721 1030 Sueton.
1756 964 1990 1034 Claud.
2022 972 2079 1044 1,
2117 967 2353 1033 Marito
2385 978 2638 1034 mortuo
2674 969 2762 1052 (a.
2797 975 2915 1036 745
2936 977 3080 1038 =9
3110 993 3171 1037 a.
3204 972 3302 1055 G.)

724 1068 934 1132 forma
990 1076 1056 1132 et
1111 1077 1322 1133 aetate
1363 1066 1602 1132 florens
1646 1067 1850 1134 vidua
1892 1071 2248 1155 permansit
2292 1069 2500 1137 Valer.
2547 1071 2736 1137 Max.
2776 1078 2836 1148 4,
2873 1076 2933 1149 3,
2974 1078 3036 1151 3,
3083 1095 3304 1160 quam-

723 1192 919 1256 quam
949 1170 1289 1254 Augustus
1320 1170 1397 1253 ei,
1431 1179 1504 1235 ut
1544 1170 1779 1236 iterum
1806 1171 2096 1254 nuberet,
2135 1174 2572 1259 imperaverat
2599 1173 2848 1258 Ioseph.
2873 1181 3005 1243 ant.
3033 1180 3133 1254 18,
3159 1181 3217 1254 6,
3243 1182 3300 1244 6.

725 1272 805 1338 A.
850 1274 934 1338 20
991 1272 1209 1339 funeri
1265 1272 1528 1360 publico
1573 1273 1947 1340 Germanici
2001 1296 2133 1339 non
2191 1275 2514 1359 interfuit,
2571 1277 2889 1342 incertum
2934 1300 3066 1364 qua
3104 1301 3305 1345 causa

731 1375 880 1442 Tac.
913 1398 973 1440 a.
1003 1379 1063 1453 3,
1093 1380 1167 1453 3,·
1211 1375 1439 1442 eodem
1483 1398 1653 1441 anno
1697 1386 1845 1463 post
1884 1398 2109 1441 necem
2141 1376 2260 1444 Cn.
2293 1380 2547 1444 Pisonis
2577 1378 2883 1445 Valerius
2912 1381 3300 1448 Messalinus

722 1479 975 1544 censuit
1025 1487 1243 1561 grates
1288 1479 1345 1544 ei
1392 1478 1681 1563 agendas
1722 1480 1806 1546 ob
1848 1479 2205 1546 vindictam
2250 1479 2626 1546 Germanici
2670 1482 2799 1548 ibd.
2842 1488 2904 1561 3,
2936 1489 3036 1550 18.
3109 1485 3187 1551 A.
3219 1487 3295 1552 31

724 1604 839 1668 per
868 1579 1225 1647 Caenidem
1254 1580 1553 1647 libertam
1599 1591 1665 1648 et
1705 1605 1746 1647 a
1795 1605 1995 1648 manu
2037 1584 2143 1668 (cfi
2178 1583 2435 1651 Sueton.
2468 1582 2833 1667 Vespa-sian.
2864 1591 2932 1669 3)
2963 1587 3301 1655 Tiberium

722 1682 804 1748 de
833 1684 1279 1750 coniuratione
1316 1682 1536 1750 Seiani
1572 1686 1912 1750 certiorem
1956 1684 2111 1752 fecit
2138 1685 2271 1752 Dio
2301 1690 2398 1763 66,
2431 1691 2528 1763 14,
2574 1686 2823 1769 Ioseph.
2857 1694 2987 1754 ant.
3021 1694 3117 1768 18,
3148 1696 3208 1768 6,
3242 1698 3301 1770 6,

722 1786 896 1853 unde
955 1789 1023 1853 in
1079 1808 1319 1872 magno
1377 1786 1621 1853 honore
1678 1789 1856 1875 apud
1914 1812 2065 1855 eum
2123 1790 2248 1856 fuit
2298 1789 2549 1873 Ioseph.
2607 1790 2737 1856 ibd.
2792 1790 2962 1857 Iulia
3002 1791 3305 1877 Augusta

718 1900 975 1956 mortua
1017 1890 1105 1975 (a.
1147 1890 1260 1973 29)
1305 1891 1542 1958 Gaium
1588 1900 1653 1955 et
1694 1891 1998 1957 Livillam
2054 1902 2321 1978 nepotes
2364 1892 2537 1980 apud
2583 1915 2654 1958 se
2694 1892 3001 1959 educavit
3044 1894 3302 1966 Sueton.

723 1992 928 2077 Caliq.
970 1998 1067 2059 10.
1110 1997 1216 2070 24,
1263 1994 1469 2061 Gaius
1524 1992 1646 2059 sub
1708 1995 1964 2059 initium
2014 1995 2267 2081 imperii
2314 1996 2374 2059 ei
2418 1994 2738 2082 quidquid
2782 2018 3068 2082 unquam
3112 1998 3306 2063 Livia

720 2097 1025 2179 Augusta
1081 2094 1403 2162 honorum
1456 2096 1763 2182 cepisset,
1828 2117 1957 2161 uno
2018 2107 2278 2163 senatus
2336 2096 2631 2165 consulto
2675 2102 3002 2185 congessit
3045 2100 3304 2167 Sueten.

724 2197 931 2281 Oaliy.
977 2201 1076 2275 15,
1122 2197 1486 2280 Augustam
1531 2200 1939 2285 nuncupavit
1982 2208 2048 2264 et
2090 2199 2491 2266 sacerdotem
2536 2198 2817 2285 Augusti
2860 2202 3017 2268 fecit
3060 2225 3308 2268 omnes-

679 2322 847 2387 .que
890 2301 1256 2368 Vestalium
1302 2300 1574 2367 honores
1621 2300 1812 2366 simul
1859 2303 1916 2366 ei
1965 2302 2196 2368 tribuit
2237 2302 2374 2369 Dio
2398 2307 2499 2381 53,
2526 2307 2585 2369 3.
2673 2303 2965 2371 Antonia
3008 2305 3308 2390 Augusta

718 2404 792 2469 in
819 2403 1026 2469 titulis
1051 2403 1441 2487 mammisque
1475 2405 1706 2469 aetatis
1739 2404 2008 2471 Claudii
2030 2426 2087 2470 v.
2119 2426 2335 2489 supra.
2391 2405 2524 2472 Sed
2549 2406 2718 2489 quod
2742 2409 2939 2490 refert
2966 2408 3308 2475 Suetonius

724 2505 957 2573 Claud.
1001 2509 1046 2571 8
1102 2504 1454 2572 Claudium
1511 2508 1701 2572 matri
1768 2507 2115 2573 defunctae
2177 2529 2539 2592 cognomen
2597 2509 2935 2594 Augustae
2999 2510 3084 2577 ab
3151 2513 3308 2577 viva

721 2618 1087 2675 recusatum
1135 2607 1616 2673 decernendum
1664 2631 1947 2693 curasse,
1981 2609 2243 2694 publice
2285 2609 2534 2692 quidem
2577 2612 2769 2676 etiam
2810 2613 2924 2678 sub
2963 2613 3136 2680 Gaio
3166 2615 3305 2681 An-

720 2714 960 2778 toniam
999 2711 1360 2794 Auyustam
1415 2712 1810 2777 nominatam
1869 2733 1999 2779 esse
2060 2717 2375 2778 testantur
2433 2718 2581 2779 aeta
2637 2714 2919 2796 fratrum
2961 2717 3306 2783 Arvalium

720 2820 764 2881 t.
795 2819 854 2894 6,
887 2815 998 2898 qui
1032 2837 1090 2880 a.
1121 2814 1205 2879 38
1248 2814 1332 2880 ob
1363 2812 1643 2880 natalem
1676 2814 2006 2880 Antoniae
2038 2814 2374 2897 Augustae
2405 2814 2917 2882 immolaverunt.
2987 2818 3305 2886 Sacerdos

718 2917 1000 3002 Augusti
1044 2918 1116 2983 in
1156 2918 1428 2982 nummis
1470 2917 1586 2983 sub
1627 2916 1907 2983 Claudio
1952 2918 2120 2982 cusis
2158 2916 2404 2982 Eckhel
2447 2916 2550 2983 VI
2568 2940 2641 3001 p.
2676 2924 2813 2986 179.

850 3018 1053 3086 Paulo
1078 3029 1225 3106 post
1247 3020 1453 3088 Gaius
1475 3020 1692 3086 aviam
1716 3030 2083 3086 monentem
2105 3019 2355 3107 aliquid
2379 3022 2671 3104 graviter
2700 3022 3022 3109 increpuit
3045 3022 3302 3091 Sueton.

722 3123 928 3207 Galiy.
960 3126 1048 3189 29
1078 3130 1145 3188 et
1171 3144 1289 3210 per
1319 3121 1739 3207 indignitates
1772 3132 1838 3188 et
1867 3122 2085 3188 taedia
2115 3145 2313 3188 causa
2344 3124 2561 3188 extitit
2592 3124 2836 3207 mortis,
2883 3124 3035 3190 dato
3064 3134 3302 3208 tamen,

725 3238 798 3292 ut
841 3224 1105 3313 quidam
1149 3235 1414 3312 putant,
1462 3235 1528 3291 et
1575 3247 1862 3306 venen03
1916 3247 2038 3291 nec
2079 3225 2428 3291 defunctae
2474 3223 2678 3291 ullum
2721 3225 3032 3292 honorem
3078 3226 3305 3293 habuit

692 3329 979 3425 βυθίσαι.
1024 3327 1156 3396 iod.
1201 3332 1307 3405 23,
1353 3327 1485 3393 Dio
1528 3332 1632 3405 59,
1676 3332 1736 3397 3.
1828 3327 2102 3395 Claudio
2149 3349 2423 3412 regnum
2468 3327 2705 3415 adepto
2753 3331 2981 3395 summi
3027 3329 3305 3395 honores

720 3432 1064 3498 defunctae
1121 3429 1360 3514 habiti,
1419 3441 1830 3518 carpentum,
1890 3453 2021 3517 quo
2079 3454 2198 3518 per
2242 3432 2487 3495 circum
2531 3431 2907 3515 duceretur,
2970 3431 3304 3498 decretum

720 3536 978 3602 Sueton.
1034 3532 1269 3600 Claud.
1315 3539 1429 3611 11,
1489 3543 1555 3600 et
1593 3532 1753 3613 ‚dies
1804 3533 2038 3599 natalis
2086 3534 2224 3599 eius
2266 3532 2436 3598 ludis
2482 3533 2892 3619 equestribus
2936 3533 3305 3602 celebratus

718 3637 850 3704 Dio
896 3642 997 3714 60,
1036 3641 1094 3703 5.

847 3738 1192 3807 Claudium
1249 3736 1455 3804 filium
1513 3748 1883 3826 portentum
1942 3737 2220 3804 hominis
2275 3736 2619 3804 dictitabat
2661 3739 2918 3808 Sueten.
2960 3739 3195 3807 Claud.
3242 3747 3301 3811 1.

719 3842 827 3909 Ab
888 3842 1032 3907 aliis
1090 3840 1360 3906 medicis
1417 3863 1621 3927 prope
1680 3850 2059 3924 excaecata,
2107 3863 2148 3906 a
2188 3841 2386 3905 Floro
2433 3850 2659 3906 curata
2697 3840 2926 3906 Galen.
2963 3842 3127 3909 XII
3159 3849 3301 3911 768.

719 3946 1071 4032 Nunquam
1116 3945 1349 4030 expuit
1391 3943 1569 4011 Plin.
1597 3965 1661 4009 n.
1691 3943 1752 4012 72.
1788 3950 1843 4021 7,
1874 3948 1957 4009 80
1990 3973 2070 3996 =
2102 3943 2306 4011 Solin.
2338 3949 2399 4022 1,
2436 3948 2531 4009 74.
2619 3942 2861 4009 Villam
2904 3945 3077 4031 apud
3108 3947 3305 4013 Baias

718 4047 1121 4135 possidebat,
1185 4069 1357 4133 quae
1414 4046 1628 4111 fuerat
1670 4045 1752 4128 Q.
1797 4047 2131 4111 Hortensii
2179 4046 2343 4112 Plin
2382 4067 2444 4114 n.
2490 4046 2552 4112 h.
2593 4050 2650 4124 9,
2696 4052 2844 4115 172.
2925 4047 3305 4118 Alexander

715 4148 1151 4237 Lysimachus
1187 4160 1568 4236 procurator
1597 4150 1733 4215 eius
1761 4149 2011 4233 Ioseph.
2040 4154 2170 4216 ant.
2200 4155 2303 4226 19,
2332 4153 2392 4227 5,
2425 4155 2483 4215 1.
2514 4187 2601 4196 -
2634 4148 3026 4216 Nominatur
3057 4153 3204 4219 Tac.
3239 4176 3301 4219 a.

715 4259 814 4333 11,
857 4257 936 4333 3;
992 4257 1093 4331 13,
1139 4256 1239 4330 18,
1287 4252 1544 4319 Sueton.
1596 4251 1832 4318 Claud.
1876 4258 1938 4331 4,
1982 4252 2116 4319 Dio
2159 4258 2261 4329 60,
2307 4258 2372 4330 2,
2431 4252 2808 4319 Scribonius
2851 4254 3108 4337 Laryus
3152 4262 3302 4335 271,

716 4355 963 4440 Ioseph.
1011 4359 1144 4421 ant.
1173 4358 1274 4433 18,
1307 4360 1367 4432 6,
1405 4361 1456 4421 1.
1484 4359 1545 4420 3.
1580 4360 1635 4419 7.
1668 4359 1752 4420 10
1823 4355 1937 4420 Ad
1978 4377 2118 4420 eam
2159 4356 2397 4438 referri
2424 4359 2638 4438 potest
2680 4356 3091 4438 epiyramma,
3135 4360 3308 4441 quod

713 4457 1110 4543 Crinayoras
1130 4462 1330 4542 poeta
1357 4459 1427 4522 in
1438 4463 1708 4542 partum
1730 4457 2056 4523 Antoniae
2082 4458 2342 4540 scripsit
2362 4456 2755 4540 Antholoyia
2779 4455 2997 4525 Palat.
3031 4458 3135 4525 VI
3151 4466 3299 4527 244.

588 4563 714 4628 708
760 4564 1120 4646 (CLAVDIA
1136 4561 1198 4644 P)
1221 4570 1580 4643 ANTONIA,
1604 4561 1740 4626 filia
1770 4572 1928 4627 natu
1958 4562 2245 4626 maxima
2267 4558 2526 4626 Claudii
2559 4562 2970 4646 imperatoris
3003 4584 3089 4626 ex
3111 4562 3303 4629 Aelia

716 4666 992 4731 Paetina
1036 4664 1295 4731 Sueten.
1337 4662 1571 4730 Claud.
1600 4669 1707 4741 27,
1761 4665 1909 4729 Tac.
1959 4685 2020 4729 a.
2067 4669 2172 4741 12,
2202 4668 2309 4741 27,
2358 4663 2606 4747 Ioseph.
2651 4669 2782 4729 ant.
2819 4669 2929 4740 20,
2960 4667 3022 4742 8,
3054 4670 3112 4742 1,
3161 4666 3301 4733 bell.

715 4776 781 4847 2,
811 4775 917 4847 12,
948 4776 1007 4836 5.
1062 4769 1201 4835 Vna
1230 4789 1370 4834 cum
1397 4768 1782 4835 Britannico
1817 4775 1877 4834 et
1903 4769 2173 4837 Octavia
2200 4773 2716 4852 repraesentatur
2746 4774 2805 4834 et
2832 4770 3206 4835 nominatur
3233 4771 3305 4834 in

713 4873 986 4938 nummis
1029 4871 1420 4938 coloniarum
1451 4870 1695 4937 Eckhel
1739 4872 1843 4937 VI
1860 4895 1934 4956 p.
1965 4877 2112 4939 246.
2199 4871 2462 4937 Dicitur
2503 4872 2734 4954 ubique
2785 4873 3013 4937 omisso
3055 4874 3304 4937 nomine

708 4975 1032 5058 yenttlicio
1065 4974 1285 5057 patris
1312 4972 1601 5039 Antonia
1629 4995 1823 5056 neque
1859 4995 1936 5039 ex
1967 4973 2149 5038 titulo
2182 4972 2446 5038 libertae
2477 4973 2557 5056 (v.
2582 4973 2790 5059 infra)
2824 4972 3114 5057 colliqere
3160 4975 3303 5040 licet

713 5099 854 5142 eam
879 5098 1160 5161 unquam
1193 5076 1578 5143 ‘Claudiam
1605 5076 1982 5142 Antoniam‘
2026 5076 2421 5140 nominatam
2449 5076 2665 5158 fuisse,
2710 5077 3011 5157 quoniam
3047 5076 3304 5143 libertos

711 5180 995 5245 nmlieris
1035 5200 1279 5263 semper
1316 5200 1542 5245 nomen
1580 5178 1974 5263 yentilicium
2006 5179 2226 5262 patris
2247 5183 2568 5262 patronae
2601 5181 2913 5262 accepisse
2942 5185 3159 5243 notum
3189 5185 3297 5245 est.
