3859 5992
540 533 1011 591 CAESENNIVS
1838 528 1965 593 265
2774 540 3246 598 CAESENNIVS

539 730 663 795 134
704 742 776 795 A.
831 739 1301 794 OAESENNIVS
1357 740 1666 797 GALLVS.
1764 731 1997 797 Tituli:
2052 738 2438 799 memoratur
2481 734 2550 799 in
2591 734 2899 801 miliariis
2937 735 3245 802 Galatiae

664 833 798 899 III
826 837 957 899 312
1000 832 1111 917 (1).
1155 837 1280 899 318
1321 831 1436 918 (2),
1483 834 1616 899 ΙΙΙ
1650 833 1722 900 S.
1765 839 1983 902 12218
2026 833 2134 919 (3),
2177 836 2249 901 in
2294 841 2336 902 t.
2380 836 2595 903 liberti
2634 836 2824 904 XIV
2856 844 2975 904 730
3021 837 3130 924 (4).

793 935 1089 1001 Nummi:
1131 934 1195 1017 1)
1242 935 1594 1002 Caesareae
1638 936 2102 1021 Cappadociae,
2147 940 2260 1021 qni
2297 940 2365 1004 in
2408 939 2674 1005 adversa
2718 940 3011 1006 exhibent
3054 947 3246 1025 eaput

670 1039 800 1104 Titi
842 1044 903 1103 et
942 1040 1417 1123 inscriptionem
1458 1041 1752 1118 nominis,
1799 1042 1868 1107 in
1913 1063 2139 1108 aversa
2178 1040 2293 1108 Επὶ
2325 1043 2559 1110 Γάλλου
2604 1043 2827 1127 ἔτ(ους)
2858 1042 2914 1130 γ’
2949 1042 3245 1109 Mionnet

661 1141 885 1226 Suppl.
928 1141 1072 1208 VII
1091 1164 1163 1225 p.
1196 1147 1320 1207 663
1361 1165 1424 1208 n.
1454 1148 1560 1210 25.
1591 1147 1697 1210 26.
1767 1144 1887 1227 ΙΙ)
1931 1144 2046 1209 Ad
2085 1144 2345 1210 eundem
2398 1146 2633 1227 referri
2675 1150 2949 1230 possunt
3001 1148 3246 1211 nummi

659 1247 926 1329 oriyinis
988 1246 1292 1323 incertae,
1362 1247 1472 1329 qni
1532 1248 1603 1311 in
1669 1246 1936 1312 adversa
2002 1247 2294 1313 exhibent
2358 1253 2550 1331 eaput
2607 1248 2974 1313 Domitiani
3030 1254 3089 1313 et
3145 1250 3242 1313 in-

657 1349 1061 1431 scriptionem
1122 1346 1264 1414 Αὐτ.
1323 1350 1686 1434 Δομετιανὸς
1739 1348 2032 1436 Καῖσ(αρ)
2090 1350 2250 1436 Σεβ.,
2313 1352 2382 1416 in
2441 1371 2666 1417 aversa
2711 1349 2847 1417 Ἐπὶ
2893 1348 3241 1418 Καισεννίου

661 1451 894 1518 Γάλλου
957 1450 1252 1517 Mionnet
1305 1452 1528 1535 Suppl.
1575 1453 1697 1518 IV
1712 1475 1788 1537 p.
1831 1456 1955 1518 348
2010 1475 2074 1521 n.
2118 1456 2265 1521 325.
2310 1457 2440 1577 326
2477 1483 2563 1507 =
2608 1453 2833 1539 Suppl.
2889 1454 2991 1520 VI
3009 1476 3082 1537 p.
3115 1458 3247 1518 687

656 1574 719 1618 n.
749 1558 894 1622 502.
931 1558 1073 1633 503,
1120 1553 1348 1638 Suppl.
1389 1554 1536 1637 Vp.
1567 1559 1691 1621 173
1731 1576 1796 1621 n.
1825 1560 2008 1622 1010.

783 1655 1178 1722 Praenomen
1208 1656 1501 1723 exhibent
1536 1658 1724 1736 tituli,
1760 1664 2029 1725 ceterwm
2052 1657 2451 1724 Caesennius
2475 1657 2702 1726 Gallus
2732 1660 2858 1724 sive
2888 1658 3135 1728 Gallus,
3154 1698 3241 1708 —

656 1757 903 1824 Consul
949 1764 992 1825 t.
1020 1764 1064 1824 3
1105 1757 1407 1838 suffectus
1452 1782 1624 1827 anno
1665 1763 1906 1827 incerto
1941 1763 2056 1827 sub
2104 1761 2493 1844 Vespasiano
2521 1765 2592 1825 nt
2619 1761 2885 1827 videtur.
2952 1762 3239 1846 Legatus

654 1861 824 1946 Aug.
871 1885 969 1948 pr.
1016 1886 1114 1949 pr.
1158 1865 1302 1928 vias
1348 1866 1834 1951 provinciarum
1875 1864 2174 1932 Galatiae
2218 1862 2672 1951 Cappadociae
2716 1865 2908 1929 Ponti
2954 1865 3239 1930 Pisidiae

655 1964 1139 2051 Paphlagoniae
1170 1968 1545 2053 Lycaoniae
1587 1967 1939 2033 Armeniae
1982 1968 2253 2032 minoris
2298 1966 2529 2031 stravit
2575 1970 2617 2031 t.
2650 1972 2707 2033 1.
2740 1971 2807 2032 2.
2835 1971 2912 2044 3,·
2956 1990 3122 2032 anno
3155 1969 3238 2033 80

656 2072 699 2133 t.
729 2072 794 2136 2.
822 2073 884 2146 3,
932 2071 1014 2135 82
1062 2074 1104 2134 t.
1137 2074 1196 2135 1.
1256 2070 1543 2155 Legatus
1574 2070 1873 2138 Galatiae
1920 2081 1986 2137 et
2027 2069 2482 2157 Cappadociae
2526 2092 2583 2136 a.
2621 2070 2875 2135 80-82
2922 2075 2965 2135 t.
2996 2077 3051 2139 1.
3079 2076 3145 2138 2.
3175 2077 3234 2155 3,

648 2173 906 2240 nummi.
954 2210 1030 2219 —
1079 2173 1317 2237 XVvir
1361 2176 1563 2238 sacris
1608 2173 1930 2240 faciundis
1978 2178 2020 2241 t.
2058 2179 2118 2238 3.

525 2273 647 2337 135
693 2283 1165 2339 CAESENNIVS
1225 2285 1653 2360 ISAVRICVS‚
1713 2276 1911 2341 salius
1974 2275 2309 2349 Palatinus
2375 2274 2646 2359 collegio
2689 2276 2850 2340 exiit
2893 2298 3061 2341 anno
3115 2277 3232 2342 178

656 2375 760 2443 VI
795 2382 979 2443 1979.

540 2513 627 2524 -
693 2487 1166 2565 CAESENNJVS
1216 2491 1564 2547 MAXIMVS
1609 2503 1666 2547 v.
1714 2491 2132 2547 CAESONIVS
2179 2490 2547 2547 MAXIMVS.

520 2579 642 2646 136
687 2589 1159 2648 GAESENNIVS
1227 2593 1515 2649 PAETVS
1588 2586 1959 2649 nominatur
2027 2586 2093 2649 in
2160 2589 2203 2649 t.
2267 2584 2537 2649 Flaviae
2605 2582 2888 2648 Sabinae
2954 2584 3231 2665 (uxoris)

644 2683 831 2749 XIV
861 2690 1052 2754 2830.
1142 2685 1359 2752 Potest
1401 2688 1600 2770 fuisse
1644 2688 1861 2753 consul
1905 2710 1967 2752 a.
2013 2693 2092 2753 61
2135 2687 2231 2752 vel
2263 2685 2610 2770 proconsul
2652 2686 2854 2750 Asiae
2896 2707 2957 2749 n.
3005 2690 3142 2751 138.

521 2786 641 2851 137
688 2797 754 2851 L.
803 2797 1274 2854 CAESENNIVS
1322 2799 1624 2872 PAETVS,
1675 2789 1901 2855 consul
1947 2814 2006 2855 a.
2041 2792 2113 2856 61
2169 2811 2320 2854 cum
2365 2789 2440 2853 P.
2478 2789 2785 2853 Petronio
2827 2787 3227 2873 Turpiliano.

643 2889 728 2955 In
787 2892 1153 2957 consulatu:
1212 2892 1610 2963 Caesennius
1665 2892 2012 2977 (Caesenio
2071 2893 2203 2958 eod.
2253 2891 2609 2974 Medieeus)
2669 2891 2912 2955 Paetus
2974 2891 3119 2956 Tae.
3165 2913 3228 2956 a.

642 2997 740 3069 14,
784 2999 892 3071 29,
942 2992 1292 3061 Καισεννίου
1348 2995 1571 3061 Παίτου
1620 2995 1844 3080 Phley.
1889 2995 2052 3061 Mir.
2098 2999 2206 3062 20.
2270 3032 2350 3040 -
2409 2994 2485 3058 L.
2533 2992 2931 3059 Caesennius
2993 2994 3229 3059 Paetus

642 3092 775 3159 Dio
805 3100 910 3172 62,
943 3102 1032 3162 20
1069 3097 1305 3179 (Σένιον
1354 3097 1681 3181 traditur),
1729 3095 2132 3162 Caesennius
2181 3097 2417 3161 Paetus
2471 3094 2619 3159 Tae.
2654 3116 2714 3161 a.
2744 3098 2844 3171 15,
2874 3099 2933 3173 6,
2980 3096 3225 3180 Ioseph.
3337 3105 3343 3111 '

644 3195 781 3261 bell.
817 3203 873 3273 7,
904 3202 963 3275 3,
993 3203 1069 3276 4,·
1116 3204 1170 3275 7,
1208 3204 1264 3276 7,
1297 3204 1355 3276 1,
1402 3205 1671 3265 ceterum
1709 3200 1973 3268 Paetus.

767 3299 1012 3366 Consul
1057 3324 1114 3366 a.
1148 3302 1221 3367 61
1278 3303 1456 3383 fasti.
1548 3302 1795 3368 Eodem
1838 3324 2011 3367 anno
2055 3301 2312 3385 legatus
2356 3299 2810 3386 Cappadociae
2854 3299 2936 3363 ad
2981 3300 3225 3365 bellum

639 3401 1011 3467 Parthicum
1068 3405 1302 3469 missus
1362 3403 1573 3469 hieme
1631 3428 1688 3469 a.
1736 3403 1928 3471 61l62
1991 3406 2057 3468 in
2118 3404 2429 3469 Armenia
2487 3424 2619 3466 rem
2683 3402 2962 3487 pessime
3023 3405 3224 3484 gessit

638 3503 924 3591 indeque
965 3507 1234 3571 Romam
1279 3517 1618 3573 revocatus
1665 3519 1764 3574 est
1806 3508 1956 3573 Tae.
1990 3529 2050 3572 a.
2083 3509 2182 3585 15,
2213 3511 2272 3570 6.
2321 3511 2377 3570 7.
2422 3508 2483 3568 8.
2529 3509 2765 3569 10-17.
2809 3509 2915 3569 24.
2958 3508 3064 3570 25.
3111 3510 3219 3581 28,

636 3605 768 3671 Dio
796 3612 903 3686 62,
934 3614 1045 3674 20.
1075 3615 1182 3676 21.
1212 3615 1327 3677 22.
1403 3608 1571 3675 Cum
1601 3612 1669 3674 in
1700 3609 2015 3674 Armenia
2043 3607 2285 3673 bellum
2316 3616 2588 3691 gereret,
2623 3627 2894 3671 uxorem
2925 3606 3223 3689 (fortasse

632 3709 941 3775 Fla-viam
987 3712 1303 3778 Sabinam
1347 3713 1430 3794 ef.
1474 3732 1538 3778 n.
1567 3712 1711 3796 136)
1773 3722 1838 3778 et
1894 3712 2103 3776 filium
2147 3710 2541 3797 (parvolum)
2603 3731 2819 3773 secum
2878 3707 3104 3773 habuit
3158 3718 3222 3772 et

636 3812 916 3897 castello,
951 3816 1053 3878 cui
1087 3815 1505 3879 Arsamosata
1540 3837 1774 3879 nomen
1806 3825 1920 3897 est,
1969 3813 2222 3879 abdidit
2259 3813 2407 3878 Tac.
2441 3834 2505 3877 a.
2533 3816 2631 3890 15,
2664 3817 2763 3876 10.
2831 3809 3019 3876 Alter
3046 3810 3219 3875 filius

640 3937 697 3978 a.
731 3916 813 3981 63
858 3915 1157 3981 tribunus
1201 3917 1476 3982 militum
1524 3917 1644 3982 sub
1691 3916 2063 3984 Corbulone
2106 3916 2425 3982 militabat
2466 3915 2596 3980 ibet.
2632 3918 2729 3992 15,
2759 3918 2867 3981 28.

763 4017 901 4084 Sub
965 4017 1159 4083 finem
1224 4043 1283 4086 a.
1348 4020 1431 4084 70
1498 4019 1896 4085 Caesennius
1955 4021 2196 4085 Paetus
2254 4041 2294 4082 a
2351 4018 2754 4104 Vespasiano
2822 4020 2889 4082 in
2958 4017 3216 4103 Syriam

633 4117 882 4202 legatus
926 4122 1160 4186 missus
1206 4131 1306 4185 est
1348 4122 1594 4205 Ioseph.
1640 4121 1779 4188 bell.
1829 4128 1883 4199 7,
1920 4126 1980 4199 3,
2012 4126 2054 4186 4
2097 4121 2234 4204 (ubi
2276 4125 2517 4204 tempus
2560 4120 2645 4184 iis
2689 4119 3006 4203 definitur,
3053 4142 3215 4202 quae

631 4221 761 4286 ibd.
808 4229 1197 4289 enarrantur
1259 4230 1314 4301 7,
1353 4228 1411 4302 3,
1451 4230 1526 4304 1;
1573 4231 1628 4302 7,
1665 4231 1724 4302 4,
1761 4223 1863 4307 1),·
1914 4234 2144 4310 quarto
2205 4245 2375 4288 anno
2422 4223 2807 4309 Vespasiani
2865 4223 2949 4305 (a.
2998 4221 3215 4303 72l73)

632 4324 695 4386 in
758 4325 984 4389 eadem
1051 4326 1371 4410 legatione
1428 4328 1823 4394 Antiochum
1884 4328 2350 4411 Commagenes
2418 4347 2632 4409 regem
2700 4324 2951 4410 expulit
3014 4345 3214 4408 regno

629 4426 756 4491 ibd.
806 4434 862 4503 7,
915 4434 968 4505 7,
1002 4435 1151 4498 1-3.
1228 4430 1419 4496 Hune
1465 4431 1737 4514 leyatnm
1780 4431 2039 4496 eundem
2082 4430 2211 4496 esse
2257 4433 2442 4511 atque
2486 4429 2798 4493 consulem
2840 4449 2901 4492 a.
2945 4433 3026 4493 61
3069 4427 3214 4492 inde

628 4532 927 4611 sequitur,
981 4532 1149 4613 quod
1186 4554 1266 4598 ne
1308 4536 1517 4599 maior
1556 4534 1805 4617 quidem
1858 4534 2035 4617 filins
2077 4556 2138 4598 a.
2187 4537 2267 4596 70
2312 4536 2580 4596 aetatem
2624 4529 3018 4595 consularem
3061 4532 3211 4594 atti-

624 4637 828 4714 9erat.
897 4633 979 4699 Si
1019 4655 1183 4699 uxor
1224 4636 1422 4717 fuerit
1456 4636 1703 4701 Flavia
1733 4637 2005 4713 Sabina,
2050 4656 2242 4718 quam
2282 4657 2314 4699 e
2352 4639 2534 4717 yente
2579 4632 2958 4716 Vespasiani
2998 4633 3210 4696 oriun-

629 4734 776 4800 dam
819 4738 1020 4819 fuisse
1065 4737 1285 4803 docent
1325 4740 1603 4816 nomina,
1650 4737 1888 4804 Paetus
1932 4739 2207 4820 fortasse
2252 4736 2612 4820 adfinitatis
2647 4736 2870 4818 qratia
2914 4735 3001 4799 ad
3042 4734 3210 4819 ἱερα-

629 4839 859 4904 tionem
890 4844 1224 4922 promotus
1267 4845 1377 4906 est.

502 4940 622 5004 138
668 4950 735 5005 L.
783 4952 1034 5007 IVNIVS
1096 4952 1566 5008 OAESENNIVS
1628 4953 1949 5026 PAETVS‚
2012 4942 2235 5008 consul
2294 4941 2657 5024 (suffectus)
2702 4962 2925 5005 mense
2969 4940 3206 5005 Martio

625 5065 773 5108 cum
832 5045 903 5109 P.
950 5043 1233 5110 Calvisio
1294 5048 1555 5112 Rusone
1614 5069 1675 5111 a.
1734 5048 1975 5112 incerto
2030 5046 2144 5110 sub
2207 5044 2612 5128 Vespasiano,
2696 5045 2782 5109 In
2840 5043 3205 5107 consulatu:

619 5146 817 5230 plena
872 5148 1133 5212 nomina
1183 5149 1430 5215 exhibet
1476 5150 1830 5233 triptyekon
1874 5148 2332 5233 Pompeianum
2378 5148 2647 5213 Hermes
2688 5146 2959 5212 XXIII
2986 5145 3203 5227 (1888)
