3859 5992
463 512 766 599 Acluvs
1809 506 1846 570 7
2876 513 3174 571 Acmrvs

591 709 854 796 Auggg.
902 709 1013 792 (=
1049 711 1270 778 Severi
1295 711 1613 776 Antonini
1657 711 1858 777 Getae
1888 712 2218 793 2091211),
2257 720 2637 797 procurator
2682 714 2895 800 operis
2940 712 3178 778 theatri

598 815 993 900 Pompeiani,
1026 814 1163 878 fisci
1194 814 1551 879 advocatus
1582 812 1971 878 codicillaris
2002 814 2297 879 stationis
2340 813 2800 880 hereditatium
2846 825 2911 887 et
2954 814 3181 879 cohae-

596 917 880 980 rentium
919 920 960 980 t.
993 921 1050 980 1.
1081 920 1146 983 2.
1230 915 1510 981 Curator
1539 916 1967 981 Laurentium
1999 915 2414 981 Lavinatium
2457 917 2602 980 vico
2648 915 3182 999 Augustanorum

598 1023 643 1082 t.
688 1023 757 1101 1,
804 1017 1102 1082 sacerdos
1151 1017 1578 1083 Laurentium
1620 1017 2039 1082 Lavinatium
2087 1022 2130 1082 t.
2176 1022 2234 1083 1.
2277 1022 2361 1095 2,·
2418 1029 2727 1104 patronus
2771 1020 2931 1107 reip.
2975 1019 3184 1084 muni-

598 1122 728 1207 cipi
791 1122 1127 1188 Severiani
1187 1120 1611 1186 Antoniniani
1671 1120 1915 1204 lib(eri)
1965 1119 2337 1186 Thibursici
2382 1120 2561 1186 Bure
2605 1125 2649 1186 t.
2696 1127 2768 1200 1,
2815 1122 3183 1209 p(atronus)

598 1222 945 1308 c(oloniae)
991 1223 1384 1306 Ost(icnsis).
1430 1261 1518 1271 —-
1576 1224 1660 1288 In
1706 1228 1748 1288 t.
1794 1229 1833 1287 1
1892 1224 1963 1288 in
2012 1230 2285 1287 AVGGG.
2331 1232 2512 1288 NNN.
2561 1224 2752 1289 tertia
2796 1233 2845 1288 G
2889 1230 2949 1291 et
2993 1225 3187 1290 tertia

596 1335 650 1390 N
692 1347 913 1391 erasae
954 1331 1119 1403 sunt,
1164 1327 1313 1392 item
1357 1328 1425 1391 in
1470 1330 1511 1393 t.
1557 1331 1624 1404 2,
1669 1326 1784 1391 ubi
1827 1326 2076 1391 litterae
2121 1335 2184 1389 P.
2233 1334 2296 1390 C.
2342 1328 2629 1390 intrusae
2672 1332 2839 1394 sunt.

465 1429 548 1493 48
592 1438 892 1494 ACILIVS
939 1437 1284 1510 GLABRIO‚
1335 1427 1527 1492 Acilii
1567 1427 1943 1494 Glabrionis
1987 1428 2195 1492 nescio
2240 1428 2419 1492 cuius
2461 1450 2689 1493 servus
2731 1449 2896 1494 nom.
2939 1429 3185 1496 V1809

594 1561 681 1584 =
709 1530 900 1596 XIV
918 1536 1015 1607 74,
1065 1530 1438 1597 Glabrionis
1486 1530 1586 1594 VI
1609 1535 1765 1598 622.

463 1633 547 1699 49
590 1643 893 1699 ACILIVS
936 1642 1284 1715 GLABRIO,
1331 1632 1686 1697 consularis
1727 1643 1791 1697 et
1821 1631 2165 1719 proconsul
2196 1631 2462 1698 Africae
2494 1631 2662 1698 GIG
2690 1639 2861 1701 2979
2894 1638 2938 1699 t.
2970 1633 3182 1716 Ephe-

588 1738 789 1814 sinus,
835 1758 1016 1821 quem
1059 1738 1119 1801 ei
1146 1737 1368 1819 posuit
1410 1735 1727 1801 Aemilius
1771 1736 2157 1802 Latinianus
2203 1737 2604 1823 συγκλητικός.
2687 1736 2788 1819 Of.
2833 1758 2898 1802 n.
2930 1740 3029 1802 56.

462 1841 547 1906 50
590 1849 890 1905 ACILIVS
956 1848 1282 1903 GLABRIO
1350 1838 1520 1903 filius
1588 1843 1629 1903 t.
1692 1844 1981 1922 repertus
2045 1840 2114 1903 in
2183 1839 2547 1904 coemeterio
2615 1838 2957 1905 Priscillae
3021 1837 3188 1921 quod

592 1948 857 2007 vocatur
903 1941 1155 2008 Notizic
1200 1941 1366 2025 cleyli
1404 1941 1581 2005 scari
1621 1945 1788 2006 1888
1817 1964 1889 2025 p.
1922 1947 2063 2007 140.
2126 1941 2436 2007 Fortasse
2477 1940 2913 2007 Christianae.

465 2047 543 2112 51
592 2055 893 2110 ACILIVS
954 2053 1310 2126 GLABRIO‚
1370 2065 1563 2130 quem
1609 2044 1890 2111 Severus
1952 2056 2017 2108 et
2060 2044 2431 2110 Antoninus
2493 2066 2623 2108 non
2677 2043 3027 2110 audierunt
3085 2043 3193 2109 de·

593 2147 988 2213 siderantem
1033 2148 1283 2211 restitui
1329 2146 1641 2212 adversus
1686 2146 1953 2211 fratrem
1995 2144 2153 2229 Diy.
2196 2151 2255 2223 4,
2288 2151 2347 2223 4,
2379 2149 2483 2223 18,
2515 2151 2575 2211 1.

463 2252 549 2318 52
591 2260 892 2316 ACILIVS
952 2258 1312 2331 GLABRIO,
1373 2248 1631 2313 adiutor
1688 2248 1955 2335 quidam
2017 2247 2492 2314 tabulariorum
2548 2246 2756 2315 Acilii
2815 2247 3194 2315 Glabrionis

594 2353 792 2438 leyati
832 2353 1106 2436 fortasse
1150 2352 1528 2416 Lusitaniae
1568 2352 1939 2417 nominatur
1981 2352 2051 2416 in
2095 2357 2137 2416 t.
2184 2352 2389 2419 Incsit.
2430 2350 2654 2417 mutilo
2696 2351 2872 2435 Eph.
2914 2373 3009 2436 ep.
3038 2357 3102 2431 4,
3154 2356 3195 2419 9

596 2487 680 2510 =
725 2456 817 2521 II
850 2455 920 2520 S.
952 2459 1144 2522 5210.

467 2559 551 2623 53
593 2567 891 2623 ACILIVS
951 2557 1358 2641 (GLABRIO),
1428 2557 1757 2639 octoginta
1822 2556 1959 2620 fere
2028 2578 2234 2622 annos
2301 2567 2491 2622 natus
2558 2557 2853 2623 interfuit
2917 2557 3194 2623 consilio

595 2661 952 2726 Domitiani
999 2681 1145 2724 cum
1190 2660 1319 2724 filio
1366 2657 1514 2739 (cos.
1563 2681 1620 2724 a.
1669 2664 1776 2744 91)
1823 2659 2149 2725 Iuvenalis
2183 2666 2248 2737 4,
2303 2665 2384 2726 94
2412 2680 2574 2743 seq.,·
2622 2660 2847 2726 consul
2892 2661 3016 2727 sub
3066 2662 3197 2726 Do-

594 2765 860 2831 mitiano
904 2763 1030 2829 fuit
1058 2784 1402 2846 perperam
1442 2762 1790 2827 scholiasta
1820 2767 2080 2845 patrem
2123 2783 2264 2827 eum
2306 2762 2445 2845 filio
2490 2763 2901 2845 confundens,

468 2868 550 2932 54
591 2868 702 2932 Μ’.
726 2875 1025 2931 ACILIVS
1056 2875 1403 2945 GLABRIO,
1453 2863 1677 2930 consul
1709 2888 1766 2929 a.
1799 2866 1874 2930 91
1914 2886 2062 2930 cum
2097 2863 2184 2932 M.
2216 2864 2407 2951 leio
2440 2865 2730 2931 Traiano
2760 2866 2939 2949 fasti.
2985 2865 3189 2933 Prac-

594 2992 822 3036 nomen
859 2975 1035 3035 extat
1077 2966 1181 3034 VI
1198 2973 1365 3035 1988
1394 2998 1478 3022 --
1506 2965 1696 3033 XIV
1716 2972 1912 3034 2392.
1993 2966 2200 3033 Filius
2233 2965 2608 3033 Glabrionis
2647 2970 2783 3051 (qui
2812 2968 3190 3055 praecedit),

601 3074 856 3160 Papinii
919 3073 1107 3140 Statii
1168 3073 1454 3138 carmine
1513 3070 1595 3137 de
1653 3070 1824 3136 bello
1887 3072 2284 3137 Germanico
2346 3070 2520 3157 quod
2581 3072 2998 3137 Domitianus
3066 3074 3201 3157 egit

600 3177 689 3255 (a.
720 3181 828 3264 83)
862 3177 1170 3262 probatus
1200 3175 1388 3240 schol.
1431 3173 1651 3240 Vallae
1683 3173 1771 3239 acl
1799 3173 2084 3249 Juvenal.
2115 3179 2174 3250 4,
2207 3177 2287 3239 45
2303 3194 2323 3251 ;
2371 3172 2597 3238 consul
2645 3195 2777 3239 una
2820 3196 2969 3239 cum
3013 3184 3198 3261 patre

598 3278 895 3343 interfuit
953 3277 1218 3342 consilio
1270 3278 1625 3343 Domitiani
1689 3279 1753 3341 in
1799 3276 2057 3341 Albano
2121 3276 2342 3361 ibique
2400 3297 2549 3340 cum
2609 3276 2832 3342 bestiis
2881 3278 3199 3363 pugnavit

597 3380 925 3446 Iuvenalis
948 3386 1008 3457 4,
1041 3384 1312 3456 95-103,
1358 3378 1491 3444 Dio
1522 3384 1619 3455 67,
1652 3384 1733 3444 14
1778 3381 1860 3462 cf.
1892 3378 2143 3444 Fronto
2187 3378 2275 3443 ad
2320 3377 2537 3443 Marc.
2579 3378 2760 3447 Caes.
2809 3382 2868 3456 5,
2914 3385 3019 3447 23.
3111 3381 3192 3445 In

597 3482 869 3549 exilium
926 3494 1107 3549 actus
1165 3483 1435 3547 crimine
1492 3504 1709 3547 rerum
1768 3504 2089 3548 novarum
2139 3481 2518 3546 interfectus
2582 3493 2680 3549 est
2745 3504 2803 3547 a.
2863 3482 2944 3548 95
3008 3481 3181 3552 Suet.

599 3584 846 3651 Domit.
877 3590 978 3664 10,
1024 3584 1157 3650 Dio
1187 3590 1287 3662 67,
1320 3589 1425 3650 12.
1457 3589 1557 3652 14.

475 3690 556 3754 55
600 3688 700 3754 Μ’.
746 3698 1043 3754 ACILIVS
1088 3696 1435 3769 GLABRIO,
1483 3686 1707 3753 consul
1752 3710 1808 3751 a.
1846 3688 1969 3753 124
2015 3708 2165 3751 cum
2203 3685 2275 3754 C.
2311 3686 2574 3753 Bellicio
2606 3688 2939 3774 Torquato
2976 3686 3181 3754 Teba-

602 3793 818 3857 niano.
893 3791 977 3856 In
1004 3791 1366 3856 consulatu:
1405 3789 1523 3854 M’.
1566 3788 1812 3854 Acilius
1844 3788 2116 3855 Glabrio
2165 3789 2266 3854 VI
2286 3793 2507 3866 10048,
2555 3789 2743 3855 XIV
2760 3795 2859 3867 51,
2901 3790 3181 3873 plerum-

601 3917 719 3979 que
765 3894 1033 3962 Glabrio
1073 3894 1247 3976 fasti.
1339 3892 1635 3979 Epistula
1690 3892 1824 3957 divi
1877 3891 2197 3957 Hadriani
2256 3892 2340 3956 ad
2387 3891 2805 3958 Glabrionem
2845 3892 3178 3959 consulem

576 4002 986 4064 memoratur
1018 3995 1172 4079 Diy.
1202 4000 1302 4072 48,
1337 4001 1402 4072 2,
1435 4000 1539 4071 12,
1573 4001 1630 4061 1.
1697 3993 1914 4060 Filius
1947 3994 2196 4060 videtur
2228 3994 2358 4061 Μ’.
2392 3994 2597 4060 Acilii
2635 3994 3013 4061 Glabrionis
3058 4017 3182 4064 cos,

603 4124 664 4166 a.
697 4106 797 4179 91,
833 4105 1029 4185 pater
1073 4097 1203 4167 Μ’.
1237 4098 1441 4163 Acilii
1479 4097 1856 4163 Glabrionis
1896 4097 2011 4163 Cn.
2054 4096 2338 4162 Cornelii
2382 4097 2602 4164 Severi
2646 4118 2769 4164 cos.
2815 4121 2877 4164 a.
2908 4103 3055 4167 152.

478 4205 559 4271 56
602 4203 702 4269 Μ’.
720 4212 1018 4268 ACILIVS
1049 4210 1395 4285 GLABRIO,
1425 4199 1649 4265 consul
1678 4200 1747 4267 II
1777 4224 1834 4268 a.
1869 4201 1989 4265 186
2028 4221 2178 4263 cum
2208 4201 2363 4285 imp.
2399 4198 2484 4264 M.
2519 4199 2786 4266 Aurelio
2817 4200 3193 4269 Commodo.

606 4306 1011 4373 Memoratur
1055 4306 1122 4369 in
1153 4309 1195 4369 t.
1228 4303 1548 4386 Allifanis
1588 4303 1796 4386 neptis
1835 4302 1959 4367 IX
1980 4306 2149 4369 2333
2193 4299 2303 4385 (1),
2338 4304 2670 4386 proneptis
2712 4304 2838 4370 IX
2862 4309 3032 4370 2334
3076 4304 3194 4389 (2).

602 4410 687 4475 In
745 4408 1109 4475 consulatu:
1166 4406 1280 4473 Μ’.
1324 4404 1577 4471 Acilius
1636 4404 1905 4471 Glabrio
1968 4403 2070 4470 VI
2101 4408 2250 4471 420.
2296 4409 2496 4481 1980,
2557 4403 2828 4471 Glabrio
2888 4406 3066 4475 alibi.
3109 4445 3199 4455 —

603 4512 723 4579 Μ’.
768 4511 1019 4577 Acilius
1064 4509 1336 4578 Glabrio
1382 4513 1424 4573 t.
1474 4514 1532 4576 1.
1577 4513 1642 4585 2,
1689 4507 1941 4574 Acilius
1987 4506 2258 4574 Glabrio
2303 4506 2456 4585 Dio,
2518 4505 2790 4573 Glabrio
2836 4508 3192 4575 Herodian.

686 4614 896 4680 Filius
925 4611 1037 4679 Μ’.
1073 4611 1264 4677 Acilii
1298 4611 1674 4679 Glabrionis
1704 4633 1839 4676 sen.
1871 4630 2000 4675 cos.
2032 4615 2118 4693 (a.
2149 4609 2299 4692 152)
2331 4614 2375 4674 t.
2408 4615 2466 4687 1,
2499 4610 2715 4676 consul
2752 4612 2803 4675 I
2833 4610 2984 4691 suff.
3024 4633 3194 4677 anno

606 4719 862 4795 incerto,
898 4715 1123 4781 consul
1154 4716 1222 4781 ΙΙ
1252 4738 1307 4780 a.
1343 4714 1464 4779 186
1503 4715 1680 4796 fasti,
1730 4718 1771 4778 t.
1803 4718 1862 4778 1.
1892 4717 1960 4791 2,
1993 4711 2344 4779 Herodian.
2376 4716 2441 4788 2,
2471 4718 2531 4789 3,
2562 4718 2622 4778 4.
2693 4712 2963 4778 Amicus
2991 4715 3196 4779 Perti-

610 4822 788 4886 nacis
856 4820 1197 4905 imperium
1252 4841 1293 4883 a
1350 4817 1690 4882 Pertinace
1750 4818 1816 4879 in
1875 4825 2104 4881 senatu
2164 4813 2449 4880 oblatum
2507 4815 2655 4901 (cal.
2710 4817 2859 4881 Ian.
2921 4838 2982 4882 a.
3042 4821 3193 4905 193)

605 4925 851 5009 respuit
878 4919 1231 4988 Herodian.
1263 4919 1305 4985 l.
1338 4920 1400 4998 l.,
1444 4918 1576 4986 Dio
1609 4924 1706 4999 73,
1736 4924 1795 4995 3,
1826 4923 1885 4983 3.
1960 4916 2180 4982 Vtrum
2207 4917 2310 4983 hic
2349 4938 2435 4982 an
2468 4923 2660 5001 pater
2689 4920 2731 5001 f
2724 4921 2885 4983 uerit
2914 4919 3189 5003 Africae

606 5025 949 5109 proconsul
990 5046 1054 5090 n.
1097 5028 1181 5090 49
1224 5022 1576 5088 diiudicari
1628 5023 1862 5106 nequit.
1906 5058 1997 5068 —
2046 5021 2219 5086 IIvir
2264 5019 2877 5107 q(uin)q(uennalis)
2925 5020 3192 5105 (Allifis)

610 5134 654 5197 t.
680 5133 748 5195 2.
791 5166 881 5174 -
918 5129 1113 5195 Pater
1153 5126 1267 5192 Μ’.
1309 5125 1507 5191 Acilii
1547 5124 1847 5190 Faustini
1891 5147 2024 5189 cos.
2067 5146 2130 5188 a.
2159 5127 2289 5189 210
2327 5127 2371 5190 t.
2401 5128 2460 5190 1.
2489 5127 2560 5190 2.
