3859 5992
545 601 900 657 CEIONIVS
1088 660 1093 665 ,
1836 590 1964 656 329
2904 598 3257 655 GEIONIVS

672 798 750 863 L.
794 796 1101 863 Aurelius
1131 799 1347 863 Verus
1392 798 1728 882 Augustus
1755 798 2011 881 passim
2053 798 2124 862 in
2166 796 2370 863 titulis
2413 801 2473 862 et
2513 797 2786 862 nummis
2827 794 3070 862 Eckhet
3116 794 3261 860 VII

666 924 738 985 p.
766 905 852 966 89
879 920 1029 984 sqq„
1073 900 1286 967 Cohen
1316 901 1482 966 ΙΙΙ2
1516 923 1588 984 p.
1620 906 1740 966 171
1769 920 1898 983 sqq.

814 1002 894 1068 Vt
937 1005 1005 1069 in
1035 1009 1230 1087 patre
1275 1002 1383 1085 (cf.
1426 1024 1492 1069 n.
1534 1003 1704 1087 503),
1748 1003 1847 1068 ita
1888 1003 1959 1068 in
2014 1003 2376 1068 nominibus
2416 1001 2605 1067 huius
2647 1002 2807 1066 mire
2851 1000 3261 1067 hariolantur

669 1107 1009 1189 scriptores
1052 1107 1162 1189 qui
1203 1106 1499 1171 dieantur
1540 1105 1844 1171 historiae
1872 1104 2237 1188 Augustae.-
2279 1105 2356 1172 L.
2392 1103 2700 1170 Aurelius
2732 1103 3038 1170 Ceionius
3071 1101 3259 1168 Com-

670 1207 902 1273 modus
932 1210 1145 1274 Verus
1191 1208 1561 1274 Antoninus
1603 1209 1713 1273 vit.
1744 1208 1922 1273 Aelii
1957 1212 2023 1285 2,
2056 1214 2114 1286 9,
2162 1208 2240 1273 L.
2278 1206 2584 1273 Ceionius
2613 1205 2839 1272 Aelius
2866 1205 3259 1273 Commodus

671 1310 884 1376 Verus
930 1311 1317 1395 Antoninus,
1375 1313 1490 1397 qui
1550 1333 1633 1375 ex
1678 1310 2000 1376 Hadriani
2057 1309 2395 1376 voluntate
2439 1309 2667 1375 Aelius
2724 1308 3084 1396 appellatus
3142 1317 3256 1391 est,

674 1435 755 1477 ex
786 1412 1099 1478 Antonini
1145 1415 1597 1478 coniunctione
1626 1414 1842 1478 Verus
1887 1424 1953 1478 et
1982 1413 2351 1478 Antoninus
2379 1414 2514 1477 vita
2541 1418 2602 1490 1,
2634 1418 2712 1491 3,·
2754 1411 3012 1477 Annius
3044 1411 3259 1477 Verus

670 1518 778 1584 υἰέ.
809 1515 1146 1582 Hadriani
1188 1522 1297 1594 24,
1330 1523 1388 1593 1,
1434 1517 1541 1581 vit.
1575 1515 1690 1581 Pii
1732 1521 1789 1593 6,
1821 1521 1938 1595 10,·
1980 1516 2245 1581 Marcus
2291 1518 2632 1601 imperium
2677 1513 2948 1600 adeptus
2993 1512 3260 1579 fratrem

673 1616 799 1684 sibi
844 1620 1228 1704 participem
1271 1621 1335 1683 in
1369 1620 1638 1705 imperio
1670 1618 2055 1704 designavit,
2089 1640 2283 1705 quem
2314 1620 2403 1683 L.·
2422 1617 2761 1684 Aurelium
2793 1618 3041 1682 Verum
3071 1615 3258 1682 Com-

673 1719 935 1786 modum
981 1720 1336 1808 appellavit
1381 1759 1459 1768 -
1514 1757 1586 1767 -
1632 1719 1949 1786 Antonini
1994 1743 2149 1786 mox
2192 1721 2329 1807 ipse
2374 1742 2609 1786 nomen
2652 1721 2899 1805 recepit
2942 1728 3024 1801 et,
3072 1719 3258 1805 quasi

671 1834 859 1910 pater
897 1825 975 1892 L.
1024 1823 1364 1890 Commodi
1410 1833 1609 1902 esset,
1670 1834 1738 1889 et
1780 1824 2028 1889 Verum
2089 1845 2233 1889 eum
2279 1822 2637 1909 appellavit
2679 1822 2897 1888 addito
2942 1820 3259 1887 Antonini

674 1928 932 1991 nominc
986 1928 1096 1992 vit.
1153 1927 1379 1991 Marci
1422 1932 1478 2004 7,
1520 1930 1672 1995 5-7.
1777 1926 2093 1992 Antonini
2152 1948 2385 1991 nomen
2445 1924 2608 1991 falso
2667 1927 2727 1989 ei
2781 1923 3095 1989 tribuitur
3150 1923 3259 1987 vit.

670 2027 848 2093 Aelii
886 2033 946 2107 5,
978 2034 1081 2106 12,
1133 2029 1427 2094 Macrini
1451 2034 1512 2107 3,
1542 2034 1617 2109 4,·
1662 2034 1720 2107 7,
1755 2034 1812 2107 7,
1857 2027 2242 2095 Diadumen.
2275 2033 2333 2107 6,
2367 2033 2440 2107 6,·
2482 2033 2538 2106 7,
2567 2034 2627 2106 4,
2670 2025 3038 2092 Alexandri
3063 2030 3164 2103 10,
3195 2028 3259 2092 5.

672 2131 748 2195 L.
785 2130 1039 2196 Annius
1071 2132 1440 2197 Antoninus
1469 2132 1704 2215 Verus,
1742 2133 1958 2197 Verus
1989 2131 2245 2197 Annius
2276 2131 2644 2196 Antoninus
2672 2130 2945 2213 Eutrop.
2974 2132 3035 2205 8,
3068 2133 3128 2194 9.
3159 2133 3261 2206 10,

671 2233 747 2298 L.
786 2232 1046 2299 Annius
1089 2234 1301 2299 Verus
1344 2234 1641 2318 Epitome
1684 2240 1783 2313 16,
1826 2240 1885 2301 5.
1965 2234 2255 2302 Ceterum
2309 2233 2485 2317 apud
2522 2233 2863 2317 scriptores
2892 2231 3264 2315 plerumque

671 2336 749 2403 L.
793 2337 1007 2401 Verus
1051 2337 1146 2402 vel
1189 2338 1424 2402 Verus.

799 2439 1008 2504 Natus
1053 2449 1151 2504 cst
1192 2440 1436 2505 Romae
1481 2442 1546 2505 in
1592 2448 1897 2526 praetura
1939 2439 2142 2526 patris
2188 2440 2285 2503 sui
2333 2440 2444 2521 (=
2489 2462 2547 2504 a.
2591 2438 2743 2522 130)
2787 2437 2850 2502 d.
2900 2437 2979 2502 15
3024 2436 3262 2500 mensis

669 2541 1069 2624 Decembris,
1118 2542 1224 2606 die
1253 2565 1384 2629 quo
1416 2553 1482 2608 et
1506 2543 1679 2607 Nero
1713 2540 1820 2624 (cf.
1856 2542 2115 2609 Sueten.
2151 2541 2331 2608 Nero
2362 2541 2424 2624 b)
2468 2542 2603 2606 vita
2645 2547 2701 2621 1,
2731 2544 2792 2617 8,
2839 2539 3002 2622 fasti
3039 2536 3264 2602 Philo·

669 2644 799 2710 cali
825 2649 888 2710 et
915 2645 1111 2712 Silvii
1138 2645 1219 2709 12
1251 2668 1322 2729 p.
1353 2648 1501 2712 278.
1548 2650 1698 2711 279.
1769 2644 1974 2729 Origo
2020 2647 2163 2709 cius
2204 2654 2478 2730 paterna
2518 2643 2830 2730 pleraque
2875 2664 2960 2706 ex
2992 2640 3262 2706 Etruria

668 2747 810 2830 fuit,
862 2758 1156 2813 materna
1201 2770 1283 2812 ex
1326 2749 1647 2813 Faventia
1686 2749 1823 2812 vita
1863 2753 1923 2825 1,
1971 2753 2047 2826 9,·
2101 2748 2209 2812 avi
2268 2757 2335 2812 et
2392 2748 2619 2833 proavi
2672 2756 2738 2811 et
2780 2747 2932 2809 item
2986 2744 3261 2807 maiores

669 2848 932 2936 plurimi
980 2850 1348 2916 consulares
1393 2851 1534 2918 iod.-
1557 2856 1617 2929 1,
1650 2855 1693 2915 7
1736 2852 1818 2933 cf.
1861 2855 2125 2917 stemma
2155 2850 2244 2915 ad
2269 2872 2332 2916 n.
2362 2855 2500 2916 503.
2576 2837 2774 2915 Patre
2805 2847 2889 2912 ab
2922 2844 3261 2911 Hadriano

672 2976 729 3017 a.
781 2955 902 3018 136
961 2954 1267 3040 adoptato
1330 2955 1394 3018 in
1458 2953 1769 3019 familiam
1813 2952 2071 3018 Aeliam
2128 2952 2393 3018 devenit
2449 2962 2833 3038 mortuoque
2891 2958 3075 3036 patre
3128 2945 3261 3012 kal.

672 3055 995 3121 Ianuariis
1035 3081 1092 3122 a.
1131 3059 1252 3122 138
1298 3058 1361 3120 in
1397 3056 1718 3121 Hadriani
1748 3055 1996 3121 familia
2027 3057 2335 3120 remansit
2370 3055 2499 3120 iod.
2532 3061 2600 3133 2,
2631 3060 2706 3134 1,·
2748 3053 2819 3119 id
2860 3050 3026 3135 quod
3054 3051 3263 3115 minus

672 3164 967 3224 accurate
1009 3159 1243 3224 dictam
1299 3160 1564 3237 videtur,
1625 3164 1789 3224 certe
1845 3161 1944 3224 ita
2001 3158 2545 3242 interpretandum
2603 3162 2710 3235 est,
2769 3161 2841 3221 ut
2892 3152 3265 3221 Commodus

666 3283 795 3327 non
825 3263 966 3327 iure
996 3262 1356 3346 adoptionis
1387 3264 1455 3327 in
1478 3267 1726 3346 yentem
1754 3261 2014 3327 Aeliam
2060 3263 2390 3327 transierit
2435 3261 2514 3345 (v.
2538 3259 2784 3344 supra),
2827 3257 2937 3324 sed
2964 3259 3036 3322 in
3081 3255 3260 3321 domo

672 3366 1095 3448 imperatoria
1120 3386 1314 3448 usqne
1343 3364 1432 3429 ad
1459 3365 1859 3448 adoptionem
1897 3364 1968 3430 T.
1998 3363 2257 3429 Aurelii
2278 3363 2479 3430 Fulvi
2516 3367 2801 3428 moratas
2842 3362 2945 3427 sit.
3012 3360 3139 3425 Die
3178 3359 3260 3424 25

674 3489 872 3533 mens.
909 3467 1250 3533 Februarii
1295 3490 1355 3533 a.
1390 3469 1511 3533 138
1559 3467 1934 3533 Hadrianus
1966 3468 2042 3534 T.
2075 3466 2415 3533 Aurelium
2441 3465 2709 3532 Arrium
2736 3464 3142 3531 Antoninum
3188 3484 3265 3527 ea

670 3568 816 3654 lege
862 3572 930 3635 in
979 3569 1388 3657 adoptionem
1420 3570 1633 3654 elegit,
1669 3580 1744 3635 ut
1772 3569 1880 3635 ille
1910 3569 2001 3636 Μ.
2037 3569 2324 3635 Annium
2354 3570 2603 3635 Verum
2633 3578 2697 3634 et
2725 3568 2802 3632 L.
2835 3563 3263 3633 Commodum

671 3672 796 3738 sibi
839 3672 1180 3760 adoptaret
1218 3674 1354 3739 vita
1401 3680 1466 3752 2,
1510 3675 1617 3740 vit.
1658 3672 1773 3738 Pii
1808 3678 1867 3751 4,
1908 3677 2062 3751 5-6,
2126 3673 2352 3738 Marci
2388 3677 2449 3751 5,
2494 3678 2552 3750 1,
2610 3671 2829 3739 Seven·
2868 3675 2977 3748 20,
3022 3672 3081 3744 1,
3128 3665 3263 3731 Dio

672 3782 771 3854 69,
803 3781 926 3856 21,·
966 3778 1331 3843 nominibus
1370 3777 1466 3842 vel
1511 3776 1957 3859 ademtionibas
2000 3778 2281 3858 confusis
2323 3777 2433 3841 vit.
2465 3775 2802 3841 Hadriani
2828 3779 2933 3850 24,
2980 3776 3039 3849 1,
3085 3769 3266 3835 Aelii

670 3886 730 3957 5,
769 3884 892 3958 12,·
935 3885 993 3957 6,
1025 3885 1101 3958 9,·
1148 3884 1205 3956 7,
1246 3884 1311 3946 2.
1400 3881 1560 3944 Post
1603 3880 1952 3964 septimum
1997 3901 2238 3943 annum
2284 3880 2350 3943 in
2396 3877 2708 3943 familiam
2753 3874 3086 3941 Aureliam
3134 3883 3259 3938 tra-

674 3981 906 4048 ductus
949 3982 1153 4046 Marci
1199 3981 1488 4047 moribus
1533 3991 1601 4046 et
1644 3982 2030 4047 auctoritate
2073 3981 2386 4046 formatus
2430 3991 2527 4046 est
2567 3981 2704 4046 vita
2739 3985 2807 4056 2,
2854 3983 2953 4043 10.

801 4083 1137 4150 Educatus
1184 4095 1282 4150 est
1324 4085 1391 4149 in
1436 4083 1627 4149 domo
1675 4084 2059 4162 Tiberiana,
2113 4084 2524 4149 educatorem
2569 4081 2797 4148 habuit
2842 4077 3261 4145 Nicomedem

672 4185 783 4270 (cf.
811 4187 877 4251 A
908 4186 1101 4267 1281)
1142 4189 1279 4253 υἱέα
1319 4192 1384 4265 2,
1416 4192 1474 4255 5.
1507 4193 1567 4253 9.
1635 4186 1911 4252 Audivit
1958 4186 2349 4253 Scaurinum
2390 4186 2885 4272 grammaticum
2928 4183 3256 4258 Latinum,

676 4291 905 4356 Scauri
941 4290 1165 4373 filium,
1199 4292 1312 4377 qui
1339 4292 1798 4375 grammaticus
1829 4290 2150 4355 Hadriani
2184 4289 2322 4372 fuit,
2356 4291 2643 4357 Graecos
2667 4286 3029 4373 Telephum
3064 4295 3261 4370 atque

673 4392 1237 4479 Hephaestionem,
1285 4394 1884 4479 Harpocrationem,
1931 4393 2218 4458 rhetores
2250 4390 2683 4478 Apollonium,
2732 4389 3021 4456 Celerem
3069 4386 3262 4453 Cani-

674 4494 854 4559 nium
900 4506 965 4561 et
1008 4495 1336 4561 Herodem
1381 4494 1705 4577 Atticum,
1753 4497 2063 4560 Latinum
2107 4493 2479 4562 Cornelium
2524 4496 2915 4559 Frontonem
2961 4488 3069 4573 (ef.
3118 4489 3268 4553 Veri

673 4603 732 4663 et
760 4597 1117 4664 Frontonis
1160 4598 1506 4682 epistulas),
1557 4598 1972 4684 philosophos
2002 4598 2423 4685 Apollonium
2454 4595 2964 4664 Chalcedonium
3011 4592 3119 4675 (cf.
3151 4592 3261 4657 vit.

672 4699 897 4765 Marci
920 4706 980 4778 3,
1014 4702 1079 4785 7)
1126 4712 1192 4767 et
1234 4702 1507 4768 Sextum
1539 4701 2058 4768 Chaeronensem
2100 4702 2205 4786 (of.
2238 4702 2347 4766 vit.
2380 4702 2605 4766 Marci
2630 4704 2690 4777 3,
2721 4704 2831 4788 2),·
2874 4698 2992 4762 hos
3040 4716 3261 4761 omnes

674 4805 918 4869 amavit
948 4806 1139 4869 unice
1168 4815 1364 4892 atque
1395 4804 1478 4868 ab
1512 4805 1612 4870 his
1649 4806 1717 4868 in
1748 4806 1959 4869 vicem
1990 4804 2261 4870 dilectus
2305 4814 2421 4888 est,
2468 4826 2588 4868 nec
2630 4813 2847 4868 tamen
2891 4801 3263 4885 ingeniosus

674 4905 758 4970 ad
799 4905 1045 4973 litteras
1090 4907 1214 4973 fuit
1254 4909 1388 4973 vita
1431 4914 1498 4974 2.
1588 4907 1734 4988 Quo
1795 4906 1902 4972 die
1964 4917 2181 4991 togam
2240 4906 2495 4971 virilem
2552 4907 2830 4993 accepit,
2893 4904 3263 4970 Antoninus

676 5009 831 5074 Pius
891 5033 968 5075 ea
1028 5011 1397 5094 occasione,
1457 5032 1588 5096 qua
1639 5010 1842 5095 patris
1887 5008 2201 5096 templum
2253 5009 2627 5093 dedicabat,
2689 5007 2928 5095 populo
2973 5004 3262 5072 liberalis

676 5111 803 5177 fuit
841 5113 976 5178 vita
1009 5118 1071 5192 3,
1103 5117 1162 5178 1.
1246 5115 1381 5195 Quo
1415 5113 1741 5197 pertinent
1779 5114 2024 5177 nummi
2052 5113 2167 5177 Pii
2209 5113 2346 5178 cusi
2388 5134 2448 5180 a.
2479 5116 2616 5196 145,
2663 5113 2773 5194 qui
2810 5108 3266 5176 liberalitatem

673 5215 812 5280 IIII
850 5215 1234 5299 praedicant
1286 5215 1497 5283 Gohen
1533 5216 1625 5281 II
1644 5237 1717 5299 p.
1760 5218 1900 5281 318.
1991 5214 2165 5281 Ante
2223 5226 2475 5302 tempus
2533 5239 2575 5279 a
2632 5216 2750 5279 Pio
2810 5223 3113 5300 quaestor
3157 5210 3263 5276 de-
