3859 5992
517 522 823 589 Amr-vs
1816 518 1944 584 222
2961 519 3226 579 AZIZVS

522 731 687 796 1352
732 728 813 810 Ω.
846 726 1106 793 Axilius
1136 725 1440 809 Vrbicus,
1472 725 1579 790 vir
1620 723 2147 812 perfectissimae,
2194 723 2503 805 magister
2546 742 2875 786 sacrarum
2918 721 3230 805 cognitio·

645 854 834 915 num,
896 853 937 895 a
995 829 1226 895 studiis
1287 838 1354 893 et
1394 850 1435 893 a
1478 826 1761 893 consiliis
1804 826 2285 911 Augustorum3
2341 835 2653 911 patronus
2712 822 3223 909 Aquileiensium

653 935 716 1000 V
742 938 918 1001 8972
961 939 1004 998 t.
1049 931 1495 1014 Aquileiensis.

520 1039 685 1105 1353
731 1046 974 1120 AXIVS,
1036 1037 1287 1119 legatus
1345 1058 1461 1122 pro
1511 1057 1668 1122 pr..
1692 1084 1749 1098 ..
1795 1032 2034 1098 fetialis
2079 1032 2214 1098 III
2243 1036 2375 1098 248
2417 1036 2461 1097 t.
2504 1031 2890 1115 Ancyranus
2931 1029 3228 1107 mutdus;

647 1140 889 1224 legatus
927 1139 1235 1205 Galatiae
1276 1138 1372 1203 vel
1415 1137 1722 1204 Galatiae
1767 1142 1826 1202 et
1864 1135 2329 1220 Cappadociae.

556 1282 643 1291 -—
685 1244 775 1311 M.
821 1244 1141 1309 Bassaeus
1186 1242 1418 1308 Axius.

519 1349 686 1414 1354
729 1346 942 1412 Axius
985 1343 1299 1410 Aelianus
1344 1345 1559 1408 iunior
1602 1345 1661 1424 (ὁ
1705 1343 2043 1430 νεώτερος),
2089 1340 2291 1426 (filius
2339 1342 2411 1423 Q.
2447 1341 2612 1407 Axii
2637 1340 2928 1424 Aeliam)
2976 1340 3225 1407 Sarmi-

643 1454 965 1534 zeyetusae
1010 1448 1323 1514 dedicavit
1367 1452 1409 1514 t.
1445 1445 1550 1512 01
1551 1445 1613 1512 G
1656 1450 1853 1525 6813;
1911 1446 1987 1511 de
2048 1445 2480 1510 additamento
2541 1445 2800 1510 obscuro
2847 1442 3046 1517 Ἰόνιος
3085 1442 3226 1508 vide

643 1555 717 1617 in
746 1557 958 1635 patre.

521 1657 685 1720 1355
731 1654 814 1735 Q.
859 1654 1071 1720 Axius
1116 1651 1448 1718 Aelianus.
1556 1651 1787 1716 Tituli:
1840 1652 1976 1733 ipse
2028 1650 2340 1715 dedicavit
2383 1650 2514 1715 III
2555 1654 2722 1715 1422
2765 1650 2875 1734 (1).
2920 1652 3089 1714 1423
3130 1647 3225 1731 (2)

647 1758 1321 1840 Sarmieeyetusenses;
1365 1755 1426 1817 ei
1452 1754 1706 1835 positus
1749 1757 1842 1818 est
1883 1775 1925 1818 a
1971 1752 2221 1818 colonia
2257 1752 2767 1836 Sarmizeyetusa
2793 1751 2928 1816 III
2945 1754 3107 1816 1456
3134 1745 3224 1833 (3)

646 1858 1310 1942 Sarmieeyetusensis5
1366 1860 1755 1921 memoratur
1811 1856 1884 1921 in
1939 1860 1982 1923 t.
2044 1855 2503 1921 Mauretaniae
2552 1852 2990 1919 Caesariensis
3040 1851 3222 1918 VIII

642 1967 816 2027 8812
860 1957 949 2047 (4)
996 1964 1055 2024 et
1098 1961 1169 2023 in
1214 1964 1255 2027 t.
1300 1979 1505 2042 nuper
1562 1960 1631 2024 in
1687 1960 1942 2042 reqione
1987 1957 2286 2040 Sitifensi
2338 1963 2586 2041 reperto
2629 1957 2892 2022 Recueil
2949 1956 3024 2022 de
3068 1954 3227 2022 Gon-

643 2065 920 2130 stantine
956 2062 1215 2128 XXIX
1242 2084 1313 2145 p.
1346 2065 1469 2127 691
1512 2062 1622 2148 (5).

770 2166 852 2247 Q.
884 2165 1096 2231 Axius
1127 2163 1443 2229 Aelianus
1486 2170 1530 2229 t.
1565 2171 1620 2232 1.
1651 2171 1715 2242 2,
1765 2164 1845 2245 Ω.
1890 2164 2104 2230 Axius
2149 2164 2210 2230 A
2243 2213 2258 2230 .
2287 2215 2300 2229 .
2328 2213 2349 2252 .,
2370 2214 2383 2228 .
2413 2214 2427 2229 .
2475 2169 2517 2232 t.
2555 2168 2629 2243 3;
2673 2163 2883 2228 Axius
2913 2160 3226 2227 Aelianus

641 2278 680 2336 t.
714 2276 772 2336 4.
805 2274 864 2336 5.
933 2268 1012 2349 Ω.
1046 2267 1110 2351 f.,
1160 2267 1337 2333 tribu
1380 2266 1512 2335 Pal.
1561 2273 1602 2332 t.
1633 2272 1709 2346 3,·
1754 2268 1855 2331 vir
1887 2269 2188 2351 egregius
2223 2273 2265 2332 t.
2297 2274 2354 2332 1.
2388 2272 2453 2334 2.
2475 2272 2535 2332 4.
2566 2271 2624 2343 5,
2668 2288 2867 2353 eques
2897 2266 3228 2331 Romanus

645 2378 686 2440 t.
733 2378 796 2437 3.
870 2370 1153 2437 Curator
1194 2370 1277 2435 ad
1324 2368 1636 2457 populum
1681 2369 1786 2450 (cfi
1827 2369 2220 2452 Hirschfeld,
2267 2368 2822 2452 Untersuchunyen
2849 2372 2962 2435 etc.
2998 2389 3072 2451 p.
3101 2369 3230 2431 112

643 2475 790 2541 adn.
839 2474 905 2557 4)
948 2474 1203 2538 viarum
1249 2472 1571 2538 Traianae
1630 2484 1696 2538 et
1737 2472 2047 2539 Aureliae
2092 2483 2156 2537 et
2205 2471 2645 2555 Aeclanensis,
2706 2481 3087 2558 procurator
3144 2470 3227 2535 ad

641 2578 951 2642 alimenta
1009 2600 1127 2663 per
1183 2575 1488 2662 Apuliam
1534 2574 1910 2642 Calabriam
1973 2576 2329 2640 Lucaniam
2388 2585 2453 2641 et
2508 2575 2801 2640 Bruttios
2858 2578 2902 2640 t.
2947 2578 3028 2651 35
3083 2596 3227 2660 pro-

641 2690 903 2745 curator
942 2680 1206 2744 rationis
1252 2680 1551 2764 privatae
1583 2680 1960 2765 provinciae
1987 2678 2437 2743 Mauretaniae
2467 2677 2906 2744 Caesariensis
2952 2682 2994 2744 t.
3023 2681 3066 2741 3
3107 2677 3228 2742 sub

641 2783 883 2849 Severo
915 2780 1292 2847 Alexandro
1326 2786 1367 2846 t.
1398 2786 1456 2846 4.
1487 2785 1546 2858 5,
1592 2782 1744 2845 item
1792 2803 1911 2867 per
1938 2780 2273 2865 Belgicam
2318 2791 2383 2845 et
2424 2779 2587 2845 duas
2617 2778 3039 2863 Germanias3
3084 2801 3225 2865 pro·

641 2895 902 2950 curator
946 2885 1323 2970 provinciae
1356 2884 1604 2949 Daciae
1631 2881 1989 2970 Apulensis
2018 2882 2119 2948 bis
2147 2884 2293 2948 viee
2323 2883 2635 2969 praesidis
2669 2889 2711 2948 t.
2742 2888 2803 2962 3,
2850 2892 3230 2969 procurator

642 2985 918 3072 Aug[g.]
952 2992 993 3051 t.
1018 2991 1076 3053 1.
1113 2991 1195 3064 2;
1238 2988 1378 3050 int.
1405 2992 1463 3051 1.
1495 2992 1544 3053 2
1574 2986 1782 3051 altera
1825 3004 1865 3052 e
1905 2987 1977 3050 in
2007 2984 2284 3071 Aug[g.]
2320 3006 2510 3051 erasa
2545 2990 2653 3064 est,
2700 2987 2770 3050 in
2799 2991 2843 3050 t.
2876 2991 2915 3050 1
2945 2984 3229 3050 traditur

639 3089 832 3172 Aug„
885 3089 1014 3170 fuit
1057 3109 1205 3171 erqo
1235 3093 1626 3172 procurator
1664 3087 1917 3153 Daciae
1960 3089 2074 3154 sub
2123 3089 2488 3153 Maximino
2534 3095 2593 3154 et
2632 3089 2948 3165 Maoeimo,
2991 3088 3230 3153 mansit

639 3191 753 3255 sub
797 3189 1150 3255 Gordiano,
1201 3228 1280 3238 —
1324 3191 1620 3256 Laurens
1665 3192 1985 3273 Lavinas3
2031 3202 2341 3279 patronus
2387 3191 2942 3274 Sarmizegetusae
2986 3197 3029 3256 t.
3071 3196 3132 3258 3.

770 3292 962 3359 Aelia
1005 3294 1295 3359 Romana
1339 3318 1508 3359 uxor
1552 3301 1594 3360 t.
1640 3299 1705 3373 2,
1769 3294 1942 3360 filius
1986 3295 2197 3361 Axius
2241 3293 2556 3360 Aelianus
2600 3296 2831 3361 iunior.
2872 3331 2960 3341 —
3013 3296 3106 3361 Et
3155 3297 3226 3360 in

639 3396 765 3480 fine
795 3400 837 3463 t.
868 3402 917 3463 2
948 3399 1168 3480 patris
1212 3397 1474 3462 additur
1517 3399 1659 3463 Ioni
1706 3403 1766 3462 et
1807 3399 1877 3462 in
1920 3398 2047 3481 fine
2092 3403 2133 3462 t.
2181 3398 2309 3481 filii
2350 3396 2430 3478 (v.
2460 3401 2686 3484 supra)
2719 3396 2919 3470 Ἰόνιος
2947 3399 3225 3462 incertae

641 3499 1082 3582 explicationis
1094 3520 1115 3579 ,·
1162 3500 1412 3583 siynum
1456 3521 1583 3566 esse
1626 3501 1955 3583 utriusque
1998 3502 2262 3566 coniecit
2306 3500 2677 3568 Mommsen.

514 3603 680 3695 1356
724 3612 946 3667 AXIVS
992 3613 1052 3666 M
1079 3651 1307 3684 ......
1353 3604 1557 3668 frater
1599 3603 1861 3669 Arvalis
1907 3627 1965 3669 a.
2018 3604 2138 3669 193
2184 3602 2275 3669 VI
2316 3609 2493 3670 2102
2537 3609 2685 3669 acta
2727 3603 3086 3669 Arvalium.

516 3705 679 3771 1357
724 3714 792 3769 L.
851 3715 1075 3769 AXIVS
1135 3715 1364 3789 NASO,
1426 3705 1771 3792 proconsul
1831 3705 2036 3793 Cypri
2094 3728 2315 3771 mense
2372 3706 2725 3772 Novembri
2779 3730 2837 3774 a.
2885 3707 2968 3772 29
3027 3729 3088 3792 p.
3146 3704 3220 3775 C.

635 3813 1021 3873 memoratur
1062 3809 1132 3872 in
1177 3814 1218 3874 t.
1262 3809 1499 3892 Cyprio
1535 3830 1763 3893 yraece
1805 3811 2044 3892 scripto
2088 3809 2788 3893 Lebas-Waddinyton
2828 3814 3016 3877 2773.

550 3947 638 3957 —-
680 3910 937 3976 Licinia
979 3910 1172 3976 Axia.

513 4014 676 4078 1358
722 4013 898 4078 Axia
927 4013 1216 4097 Aeliana,
1249 4014 1382 4079 filia
1404 4016 1696 4080 Terentii
1722 4015 2030 4100 Mus(a)ei
2058 4026 2124 4081 et
2143 4015 2441 4100 Hydriae
2464 4013 2797 4081 Tertullae
2827 4014 3221 4081 clarissimae

638 4115 918 4181 feminae
961 4116 1124 4182 XII
1151 4121 1273 4183 675
1317 4124 1358 4182 t.
1404 4117 1780 4201 sepulcralis
1822 4118 2224 4184 Arelatensis
2240 4169 2255 4195 ,
2303 4120 2480 4183 cuius
2525 4116 2891 4202 anaqupha
2918 4123 3225 4202 parentes

638 4218 961 4302 filiamque
991 4218 1395 4285 Christianos
1422 4222 1621 4302 fuisse
1663 4221 1974 4285 indicant.
2040 4222 2150 4286 Ex
2191 4222 2551 4286 nominibus
2577 4220 2920 4305 parentela
2948 4221 3225 4305 quadam

639 4340 777 4384 cum
817 4323 887 4402 Q.
931 4321 1105 4387 Aoeio
1147 4322 1425 4388 Aeliano
1470 4325 1805 4389 coniuncta
1849 4344 1979 4389 esse
2019 4324 2284 4392 videtur.

510 4423 675 4489 1359
720 4422 990 4509 Azizus‚
1040 4448 1158 4490 rex
1201 4427 1749 4511 Hemesenorum3
1811 4427 2107 4514 Agrippa
2150 4428 2218 4494 11
2262 4451 2380 4493 rex
2427 4426 2820 4494 Iudaeorum
2863 4427 3219 4494 Drusillam

638 4548 921 4592 sororem
983 4530 1041 4592 ei
1098 4531 1166 4593 in
1224 4531 1705 4596 matrimonium
1752 4531 1965 4614 dedit,
2019 4541 2357 4618 postquam
2404 4531 2796 4597 Iudaeorum
2840 4530 3219 4616 religionem
3314 4615 3320 4619 q

637 4629 962 4716 professus
1016 4642 1114 4697 est
1156 4631 1402 4716 Ioseph.
1451 4639 1583 4698 ant.
1627 4637 1738 4713 20,
1787 4639 1843 4712 7,
1890 4639 1966 4713 1,·
2024 4636 2232 4719 primo
2291 4634 2569 4699 Neronis
2629 4657 2796 4699 anno
2854 4635 3217 4719 defunctus,

637 4735 742 4797 eui
791 4733 1103 4800 Soaemus
1148 4735 1351 4801 frater
1393 4738 1704 4802 suecessit
1748 4737 1873 4803 ibd.
1912 4742 2022 4813 20,
2065 4742 2126 4814 8,
2171 4744 2230 4803 4.

530 4872 615 4882 —-
679 4837 922 4924 Tyrius
970 4838 1321 4923 Septimius
1366 4839 1625 4905 Azizus.
