3859 5992
508 530 816 586 Avmrvs
1806 517 1927 583 188
2913 525 3217 579 Avmlvs

636 725 884 791 videtur
911 724 1302 791 Heliodorus
1348 723 1790 812 philosophus,
1840 745 2030 809 quem
2060 721 2439 788 Hadrianus
2485 722 2552 786 in
2598 743 2851 786 summa
2891 718 3221 786 familiari-

639 839 770 894 tate
821 827 1048 894 habuit
1098 829 1205 894 vit.
1265 827 1606 895 Hadriani
1662 832 1762 905 16,
1822 832 1942 907 10‚·
2000 848 2197 912 quem
2255 826 2427 891 idem
2484 827 2931 892 famosissimis
2987 823 3218 890 litteris

637 932 965 998 lacessivit
1007 931 1136 997 ibd.
1182 935 1281 1010 15,
1321 935 1384 998 5.
1433 968 1513 978 -·
1559 932 1758 997 Pater
1801 929 2027 996 Avidii
2074 929 2282 996 Cassii
2325 929 2460 996 Dio
2504 935 2603 1009 71,
2644 934 2758 997 22.

762 1035 850 1101 In
889 1036 1024 1100 vita
1050 1033 1279 1099 Avidii
1314 1033 1529 1100 Cassii
1566 1039 1606 1098 1
1650 1032 1965 1098 traditur:
2008 1032 2290 1099 Avidius
2321 1032 2586 1099 Cassius
2624 1069 2706 1080 —-
2738 1068 2819 1079 —
2850 1053 2935 1096 ex
2977 1029 3222 1095 familia

638 1137 1009 1204 Cassiorum
1056 1135 1257 1202 fuisse
1300 1135 1560 1220 dicitur,
1607 1158 1726 1222 per
1768 1145 2036 1201 matrem
2077 1146 2310 1221 tamen,
2357 1136 2607 1202 homine
2650 1137 2795 1220 (om.
2828 1134 3007 1220 libri)
3050 1154 3219 1198 novo

634 1242 892 1325 genitus
930 1239 1170 1306 Avidio
1204 1239 1468 1322 Severo,
1518 1240 1631 1324 qui
1677 1237 1940 1304 ordines
1971 1238 2249 1304 duxerat
2290 1250 2357 1304 et
2398 1249 2544 1326 post
2576 1238 2662 1304 ad
2699 1260 2981 1304 summas
3010 1236 3219 1321 digni·

635 1354 799 1409 tates
860 1352 1281 1429 pervenerat3
1340 1343 1525 1407 cuius
1586 1340 1964 1422 Quadratus
2022 1343 2090 1407 in
2151 1341 2436 1409 historiis
2491 1343 2789 1408 meminit
2847 1352 2912 1407 et
2955 1341 3220 1428 quidem

635 1448 942 1529 graviter,
992 1467 1142 1511 cum
1186 1444 1365 1509 illum
1411 1466 1735 1510 summum
1778 1446 1994 1510 virum
2046 1456 2110 1510 et
2152 1448 2583 1511 necessarium
2629 1447 2722 1511 rei
2769 1444 3069 1533 publicae
3109 1443 3219 1508 ad-

635 1550 792 1614 serit
834 1560 900 1614 et
942 1548 1117 1634 apud
1175 1549 1389 1634 ipsum
1431 1548 1727 1613 Marcum
1789 1547 2273 1633 praevalidum3
2333 1570 2483 1614 nam
2541 1550 2672 1614 iam
2729 1570 2803 1614 eo
2865 1549 3220 1634 imperante

636 1654 881 1738 perisse
941 1651 1121 1716 fatali
1181 1660 1353 1716 sorte
1397 1649 1795 1736 perhibetur.
1882 1651 2066 1717 Haec
2113 1653 2326 1717 omnia
2365 1651 2614 1717 nullam
2654 1656 2973 1718 merentur
3013 1649 3217 1735 fidem,

634 1757 863 1839 quippe
906 1775 1066 1838 quae
1125 1753 1382 1819 eundem
1439 1754 1704 1836 sapiant
1748 1753 2079 1831 rhetorem,
2137 1755 2247 1836 qui
2302 1759 2437 1819 tota
2495 1754 2614 1820 illa
2660 1754 2796 1819 vita
2837 1753 3216 1829 hariolatur,

632 1878 827 1940 neque
870 1858 1072 1939 iyitur
1118 1856 1409 1923 ‘Severo’
1460 1858 1530 1922 in
1578 1855 1819 1942 ‘Syro',
1879 1861 1954 1922 ut
1999 1858 2341 1940 proposuit
2396 1857 2787 1939 Hirschfeld,
2848 1855 3219 1921 'tentandum

634 1961 773 2037 erit,
808 1980 888 2025 ne
917 1960 1313 2044 oorriyamus
1342 1963 1662 2025 auctorem
1698 1960 1905 2044 inepte
1936 1962 2189 2026 omnino
2218 1960 2290 2026 in
2329 1961 2691 2026 nominibus
2721 1961 3015 2045 propriis
3057 1957 3219 2025 ludi-

633 2064 947 2148 ficantem

508 2166 674 2232 1169
720 2176 782 2233 C.
818 2174 1124 2230 AVIDIVS
1155 2173 1514 2230 NIGRINVS
1551 2170 1941 2231 memoratur
1982 2165 2054 2230 in
2091 2165 2275 2230 titulo
2302 2164 2616 2250 Delphico
2648 2165 2921 2250 bilinyui
2952 2165 3085 2232 III
3099 2168 3225 2231 567

635 2298 719 2323 =
758 2267 926 2334 OIG
974 2273 1132 2333 1711
1176 2267 1266 2351 (1)
1311 2273 1371 2332 et
1414 2268 1484 2332 in
1527 2272 1570 2332 t.
1619 2267 1834 2333 libem·
1872 2268 2052 2352 filiae
2094 2268 2167 2333 X
2206 2272 2369 2335 6706
2413 2269 2508 2354 (2)
2553 2268 2913 2336 Antiatino.

764 2371 838 2437 C.
869 2370 1150 2437 Avidius
1180 2371 1490 2454 Nigrinus
1531 2375 1572 2437 t.
1603 2376 1661 2447 1,
1692 2370 1909 2436 eadem
1935 2372 2199 2436 nomina
2229 2372 2586 2455 procedunt
2628 2393 2705 2437 ex
2748 2377 2790 2437 t.
2835 2377 2914 2438 2.·
2956 2371 3031 2439 C.
3064 2371 3218 2438 Avi·

639 2475 783 2540 dius
828 2472 1110 2540 Avidiae
1149 2472 1447 2539 Plautiae
1488 2473 1746 2556 Nigrini
1808 2471 1980 2538 filiae
2035 2472 2340 2558 libertus,
2401 2495 2541 2539 oum
2581 2479 2800 2540 notum
2841 2476 2928 2540 sit
2969 2473 3222 2540 libertos

633 2577 919 2643 mulieris
975 2577 1314 2659 sumpsisse
1357 2577 1578 2660 patris
1618 2582 1945 2659 patronae
1985 2597 2211 2643 nomen
2261 2576 2654 2661 yentilicium
2697 2582 2756 2643 et
2800 2597 3219 2661 praenomen,·

636 2678 917 2745 Avidius
961 2678 1275 2763 Nigrinus
1321 2676 1622 2756 Plinins;
1664 2678 1980 2762 Nigrinus
2023 2681 2131 2744 vit.
2179 2679 2528 2748 Hadriani.

768 2780 1066 2867 Epistula
1095 2782 1451 2846 Domitiani
1493 2780 1576 2845 ad
1608 2781 1923 2848 Avidium
1952 2782 2300 2866 Nigrinum
2345 2783 2798 2869 proconsulem
2841 2787 3222 2849 memoratur

634 2884 811 2950 Plin.
858 2886 1038 2968 epist.
1085 2884 1174 2949 ad
1222 2884 1488 2952 Traian.
1532 2888 1630 2951 65.
1676 2888 1775 2961 66,
1827 2885 1944 2949 nbi
1992 2906 2069 2950 ex
2112 2890 2402 2951 contextu
2441 2888 2580 2951 veri
2617 2886 2822 2952 simile
2866 2890 2959 2950 est
3002 2885 3225 2969 Niyri-

631 3008 784 3052 num
827 2988 1197 3070 praefuisse
1238 2987 1614 3071 provinciae
1674 2987 1872 3053 alicui
1930 2988 2260 3053 orientalis
2315 2991 2533 3073 partis
2601 2990 2885 3073 imperii,
2947 2991 3220 3071 fortasse

560 3154 567 3161 ,
637 3090 945 3155 Achaiae.
1035 3091 1323 3176 Legatus
1368 3089 1650 3174 Augusti
1698 3112 1815 3177 pro
1867 3113 1964 3177 pr.
2011 3096 2054 3157 t.
2095 3098 2154 3170 1,
2210 3093 2322 3174 qui
2360 3094 2702 3158 sententias
2746 3091 2909 3156 duas
2951 3092 3221 3157 continet

633 3214 903 3276 warum
943 3213 1141 3258 unam
1182 3194 1495 3277 Nigrinus
1555 3215 1637 3258 ex
1696 3196 1875 3259 iussu
1919 3195 2142 3279 optimi
2201 3196 2514 3281 principis
2560 3194 2643 3259 de
2699 3194 2925 3259 finium
2969 3203 3217 3259 contro-

635 3298 866 3361 versiis
912 3297 1081 3361 inter
1109 3295 1402 3381 Delphos
1447 3306 1512 3361 et
1545 3295 2012 3381 Anticyrenses
2057 3297 2362 3362 finitimos
2388 3298 2486 3363 VI
2529 3297 2674 3362 idus
2719 3296 2983 3363 Octobr.
3028 3295 3217 3361 Eleu·

635 3401 775 3464 sine
819 3398 1018 3464 latine
1062 3398 1237 3478 tulit,
1287 3398 1557 3464 alteram
1597 3421 1824 3482 yraece
1867 3400 2040 3486 πρ(ὸ)
2085 3398 2122 3466 ι’
2167 3398 2320 3465 Καλ.
2369 3399 2665 3487 Ὀκτωβρ.
2710 3399 2792 3464 de
2834 3398 3112 3485 Delphis
3155 3409 3221 3464 et

637 3501 1247 3587 Amphissensibus3
1301 3501 1547 3567 decreto
1604 3502 1807 3567 latino
1850 3504 2267 3585 praescripta
2323 3508 2470 3568 sunt
2524 3504 2787 3568 nomina
2835 3502 3029 3587 leyati
3069 3522 3222 3567 oasa

633 3609 826 3673 sexto,
866 3606 1042 3687 Quas
1061 3606 1404 3670 sententias
1427 3626 1547 3687 quo
1572 3606 1711 3669 inre
1737 3604 1971 3682 tulerit,
1992 3626 2234 3688 param
2259 3604 2483 3687 liquet,·
2510 3607 2766 3670 missum
2790 3625 2918 3670 esse
2949 3607 3221 3687 leyatam

635 3712 702 3776 in
732 3709 1050 3774 Achaiam
1083 3707 1170 3772 ad
1199 3707 1623 3773 ordinandum
1664 3707 1758 3771 vel
1804 3707 2246 3790 corriyendum
2290 3713 2524 3773 statum
2567 3729 2780 3773 rerum
2811 3708 3224 3791 publicarum

508 3802 527 3811 ⁷
636 3814 897 3879 coniecit
923 3813 1278 3877 Mommsen
1310 3809 1458 3877 CIL
1490 3811 1622 3877 III
1628 3832 1701 3893 p.
1728 3816 1869 3878 107.
1918 3809 2295 3876 Consularis
2323 3812 2430 3878 vit.
2462 3811 2797 3875 Hadriani
2825 3816 2881 3889 7,
2912 3816 2972 3889 3,
3008 3811 3223 3877 consul

633 3914 935 3996 suffectus
978 3915 1176 3998 iyitur
1221 3934 1389 3978 anno
1433 3914 1671 3978 incerto
1714 3912 1957 3977 saeculi
1982 3914 2034 3978 I
2052 3914 2335 3977 exeuntis
2363 3913 2459 3978 vel
2491 3914 2583 3978 II
2600 3914 2895 3977 ineuntis.
2964 3912 3222 3998 Nigrini

636 4018 922 4100 insidias,
967 4039 1128 4103 quas
1175 4015 1282 4080 ille
1327 4017 1713 4081 sacrificanti
1758 4014 2097 4081 Hadriano
2142 4016 2397 4080 conscio
2443 4016 2570 4081 sibi
2603 4016 2803 4080 Lusio
2835 4014 3127 4098 (Quieto)
3161 4027 3224 4081 et

634 4119 855 4186 multis
914 4119 1059 4184 aliis
1121 4127 1499 4206 paraverat,
1561 4140 1708 4183 cum
1767 4119 1962 4183 etiam
2021 4139 2459 4183 successorem
2523 4117 2902 4183 Hadrianus
2966 4119 3225 4184 sibimet

645 4224 1047 4307 destinasset,
1095 4222 1334 4303 evasit3
1381 4243 1585 4308 quare
1616 4258 1695 4268 —
1733 4260 1809 4268 —
1839 4221 2153 4305 Nigrinus
2197 4222 2554 4287 Faventiae
2600 4259 2675 4268 —
2709 4258 2793 4268 —
2836 4222 3032 4287 occisi
3076 4232 3225 4287 sunt

640 4328 832 4411 (anno
876 4326 1022 4408 118)
1067 4325 1196 4390 ibd.
1245 4330 1302 4403 7,
1348 4329 1505 4390 1-2.

767 4429 901 4513 (L.)
947 4427 1253 4493 Ceionius
1299 4425 1693 4492 Commodus
1741 4428 1875 4511 (qui
1905 4432 2134 4510 postea
2170 4429 2247 4492 L.
2278 4426 2503 4492 Aelius
2541 4426 2785 4492 Caesar
2824 4431 3226 4511 nuncupatus

636 4536 749 4617 est)
795 4553 996 4615 gener
1040 4531 1297 4614 Nigrini
1344 4530 1739 4595 insidiatoris
1778 4529 2106 4614 quondam
2155 4528 2475 4594 Hadriani
2522 4530 2756 4595 dicitur
2799 4529 2927 4594 ibd.
2961 4534 3067 4607 23,
3109 4535 3225 4609 10,·
3277 4616 3282 4620 p

638 4635 882 4700 Avidia
925 4633 1186 4700 Plautia
1229 4633 1301 4700 C.
1349 4632 1571 4698 Avidii
1617 4632 1876 4716 Nigrini
1935 4632 2101 4717 filia,
2163 4634 2361 4697 amita
2417 4633 2495 4699 L.
2540 4634 2697 4698 Veri
2743 4631 3026 4716 Augusti
3072 4637 3116 4698 t.
3157 4638 3223 4717 2,

635 4760 818 4805 soror
862 4759 1009 4822 erqo
1053 4739 1182 4821 fuit
1224 4739 1300 4805 L.
1343 4737 1593 4803 Ceionii
1636 4735 1967 4802 Commodi
2008 4741 2068 4801 et
2108 4738 2366 4801 uterina
2406 4735 2674 4819 quidem,
2723 4756 2865 4800 oum
2903 4734 3014 4799 ille
3055 4735 3229 4821 filius

636 4848 790 4908 esset
842 4843 917 4909 L.
975 4840 1223 4906 Ceionii
1274 4839 1602 4906 Commodi
1658 4838 1936 4904 consulis
1993 4860 2052 4903 a.
2098 4844 2238 4917 106,
2301 4840 2396 4904 ita
2449 4845 2521 4903 at
2576 4843 2844 4903 matrem
2902 4839 3229 4922 utm'usque

632 4947 919 5031 primum
966 4946 1041 5013 L.
1098 4943 1358 5009 Ceionio
1412 4942 1747 5008 Commodo
1808 4943 1955 5026 (cos.
2005 4962 2065 5007 a.
2110 4942 2275 5025 106),
2344 4941 2567 5007 deinde
2615 4942 2894 5024 Niyrino
2944 4941 3231 5024 nupsisse

636 5048 1037 5116 statuendum
1094 5049 1196 5112 sit.
1302 5047 1699 5129 Quamquam
1765 5067 1891 5128 per
1954 5065 2020 5110 se
2072 5047 2238 5128 poni
2288 5049 2498 5128 potest
2563 5044 2822 5109 Aeliam
2890 5042 3230 5111 Caesarem

638 5155 832 5221 etiam
884 5172 1183 5237 yenerum
1244 5149 1513 5233 ,Niyrini
1566 5149 1764 5231 fuisse
1823 5152 1882 5213 et
1938 5147 2147 5232 filiam
2205 5146 2392 5214 huius
2444 5168 2519 5213 ex
2561 5147 2965 5213 matrimonio
3008 5147 3233 5231 priore

3835 5346 3841 5823 —.-..——..-..-——.—.-.—.-.
3829 5228 3841 5307 ,—
3822 5114 3841 5171 st...
