3859 5992
8 438 66 679 „bu

585 534 863 591 Anmvs
1893 524 2016 590 139
2264 608 2269 612 ⁶
3024 536 3303 592 Amuvs

712 753 950 816 graeca
980 743 1045 798 et
1073 731 1322 797 iambos
1351 731 1530 798 Plin.
1563 733 1741 816 epist.
1770 738 1829 810 4,
1861 738 1905 799 3
1915 753 1938 810 ;
1966 738 2026 809 4,
2059 738 2174 812 18,·
2200 738 2260 810 5,
2292 736 2387 798 15.
2467 735 2716 800 Plinius
2749 735 2832 800 ad
2865 758 3009 801 eum
3040 737 3305 821 scripsit

713 837 893 920 epist.
923 841 983 914 4,
1013 841 1091 915 3,·
1130 841 1190 913 4,
1221 840 1338 916 18,·
1378 841 1440 914 5,
1472 841 1567 902 15.
1638 876 1716 885 —
1777 836 2055 901 Maritus
2099 837 2412 902 Boioniae
2458 837 2793 921 Procillae,
2841 848 3026 925 pater
3066 837 3303 903 Arriae

715 938 1027 1023 Fadillae,
1059 962 1222 1006 avus
1250 949 1582 1005 maternus
1614 942 2023 1027 imperatoris
2054 940 2369 1005 Antonini
2401 942 2501 1005 Pii
2534 943 2642 1006 vit.
2673 941 2788 1007 Pii
2813 948 2870 1019 1,
2903 947 2962 1009 4.
3019 941 3297 1024 Mortuo,

716 1065 864 1108 cum
908 1065 1109 1129 nepos
1151 1044 1494 1128 imperium
1539 1044 1806 1126 iniisset,
1860 1052 2074 1108 statua
2116 1042 2378 1109 decreta
2421 1053 2520 1109 est
2560 1046 2667 1109 vit.
2714 1044 2829 1109 Pii
2869 1048 2928 1122 5,
2974 1050 3042 1109 2.

588 1147 708 1212 891
757 1155 1034 1211 ARRIVS
1081 1154 1537 1226 ANTONINVS‚
1585 1155 1857 1231 patruus
1916 1155 1981 1209 et
2025 1155 2203 1211 tutor
2245 1145 2424 1210 Arrii
2472 1148 2788 1211 Honorati
2836 1157 3045 1212 aetate
3089 1148 3300 1232 Septi-

715 1250 827 1314 mii
886 1248 1112 1315 Severi
1177 1249 1493 1333 leianus
1551 1248 1796 1333 Diyest.
1848 1254 1950 1327 36,
2003 1254 2061 1326 1,
2116 1253 2220 1326 38,
2269 1255 2328 1314 1.
2400 1248 2707 1315 Fortasse
2763 1250 2937 1334 lilius
2996 1250 3067 1318 C.
3113 1250 3305 1314 Arrii

714 1352 1033 1417 Antonini
1069 1373 1134 1419 n.
1163 1355 1304 1417 894.

587 1455 714 1520 892
758 1463 1033 1519 ARRIVS
1077 1463 1528 1537 ANTONINVS,
1579 1504 1594 1520 .
1622 1504 1637 1520 .
1663 1504 1679 1519 .
1728 1453 1934 1538 (milia
1964 1455 2323 1538 nummum)
2366 1465 2557 1541 ‘quae
2599 1477 2683 1519 ex
2710 1455 3029 1520 sententia
3062 1453 3301 1520 Aemili

718 1559 1064 1623 Frontonis
1110 1556 1445 1622 clarissimi
1494 1559 1617 1624 viri
1665 1567 1888 1643 postea
1937 1557 2171 1623 deinde
2217 1557 2395 1622 Arrii
2426 1556 2741 1622 Antonini
2789 1557 3128 1623 clarissimi
3174 1558 3300 1621 viri

717 1662 811 1726 rei
842 1658 1143 1748 publicae
1173 1658 1482 1741 Tif(erni)
1514 1658 1868 1743 Tib(erini)
1907 1668 2249 1724 numerata
2291 1670 2490 1737 sunt',
2536 1665 2963 1725 memorantur
3006 1661 3075 1724 in
3120 1659 3302 1724 tilulo

717 1762 948 1829 ibidem
988 1768 1235 1845 reperto
1278 1762 1399 1827 XI
1427 1766 1610 1829 5939.
1699 1762 1856 1843 Quis
1895 1784 1973 1827 ex
2022 1761 2246 1827 Arriis
2294 1761 2640 1827 Antoninis
2693 1761 3143 1845 intelleyenclus
3197 1763 3300 1839 sit,

713 1888 842 1932 non
887 1867 1095 1949 liquet.

588 1971 713 2035 893
759 1978 820 2037 C.
865 1978 1142 2034 ARRIVS
1186 1976 1654 2051 ANTONINVS,
1716 1967 1968 2052 legatus
2024 1967 2309 2051 Augusti
2373 1993 2466 2055 pr.
2515 1991 2611 2054 pr.
2657 1969 2960 2053 (Daciae)
3006 1970 3076 2033 in
3121 1969 3301 2034 tilulo

714 2072 964 2138 Dacico
979 2093 1110 2156 pro
1137 2072 1343 2136 salute
1373 2072 1509 2136 eius
1517 2073 1732 2154 posito
1755 2071 2793 2155 Archaoloyzsch-ffliyraphische
2814 2071 3304 2156 Miltheelunyen

725 2196 842 2240 aus
889 2172 1276 2242 Oesterrcich
1318 2176 1481 2238 1890
1508 2194 1583 2256 p.
1618 2176 1756 2249 194,
1789 2178 1866 2238 14
1909 2202 1993 2226 =
2041 2175 2171 2238 III
2206 2173 2275 2239 S.
2323 2178 2548 2240 12574.

587 2280 714 2345 894
760 2290 823 2344 e.
869 2287 1145 2343 Annlvs
1189 2285 1641 2343 ANTONINVS.
1741 2275 1974 2341 Tituli.-
2034 2277 2095 2340 ei
2136 2260 2342 2359 positi
2395 2282 2544 2341 sunt
2599 2283 2641 2342 t.
2698 2276 3179 2343 Concordnnsis
3238 2277 3301 2342 V

715 2387 877 2448 1874
917 2380 1006 2467 (1)
1051 2385 1111 2446 ct
1163 2379 1489 2455 Cirtensi3‚
1553 2379 1733 2444 cuius
1784 2380 2043 2444 initium
2074 2380 2295 2462 periit,
2345 2379 2530 2444 VIII
2564 2384 2722 2444 7030
2757 2378 2891 2463 (2),·
2950 2382 3084 2463 ipsc
3129 2380 3302 2445 cledi-

718 2487 881 2551 cavit
903 2485 1095 2550 uxori
1122 2488 1163 2547 t.
1206 2481 1786 2565 Thamuqadensem
1832 2481 2017 2548 VIII
2032 2488 2202 2549 2390
2231 2481 2360 2565 (3);
2386 2487 2773 2547 memoratur
2802 2485 2871 2548 in
2902 2485 3064 2548 actis
3092 2484 3301 2548 Arva-

718 2588 873 2653 lium
934 2586 1038 2651 VI
1073 2590 1239 2652 2100
1282 2583 1404 2667 (4),
1457 2585 1528 2648 in
1572 2589 1614 2648 t.
1659 2583 1970 2649 Amaside
2025 2589 2275 2666 reperto
2321 2583 2484 2650 GIG
2526 2588 2691 2650 4168
2720 2583 2842 2670 (5),
2901 2587 2971 2650 in
3036 2587 3305 2670 Tyaneis

717 2689 822 2755 CI
821 2689 883 2755 G
938 2693 1102 2754 4193
1161 2688 1282 2773 (6),
1349 2685 1636 2752 Bulletin
1695 2686 1771 2752 de
1836 2686 2371 2770 correspondance
2432 2685 2802 2769 Helleniquc
2862 2688 3046 2754 VIII
3091 2689 3303 2772 (1883)

713 2816 784 2876 p.
814 2797 943 2858 320
972 2787 1084 2873 (7).

845 2894 919 2962 C.
966 2893 1199 2959 Arrius
1243 2892 1613 2958 Antoninus
1670 2897 1713 2957 t.
1760 2898 1819 2960 4.
1867 2898 1926 2970 7,
1981 2891 2103 2976 [C.]
2153 2892 2388 2958 Arrius
2435 2892 2809 2959 Antoninus
2856 2899 2895 2958 t.
2949 2900 3009 2971 1,
3071 2894 3305 2959 Arrius

717 2997 1088 3063 Antoninus
1134 2997 1312 3066 alibi.
1401 2996 1628 3061 Patris
1667 3018 1892 3062 nomen
1923 2998 2128 3081 periit
2172 2998 2241 3063 in
2285 3003 2327 3062 t.
2383 3003 2431 3075 1,
2480 2998 2658 3063 tribu
2705 2997 2985 3079 Quirina
3029 3003 3072 3065 t.
3119 3005 3177 3063 1.
3222 3035 3304 3043 —

718 3099 1128 3165 Clarissimus
1172 3101 1277 3164 vir
1322 3105 1363 3164 t.
1396 3099 1531 3184 [3].

849 3204 984 3268 IIII
1046 3204 1147 3267 vir
1202 3203 1457 3267 viarum
1516 3202 1981 3285 curandarum,
2048 3204 2348 3269 tribunus
2409 3202 2777 3268 laticlavius
2835 3203 3111 3287 legionis
3166 3204 3299 3268 1111

722 3306 1066 3392 Scythicae
1125 3311 1167 3374 t.
1211 3311 1270 3372 1.
1317 3311 1396 3387 2,
1457 3316 1766 3391 quaestor
1845 3305 2133 3371 urbanus
2196 3312 2238 3371 t.
2282 3313 2332 3372 2
2376 3304 2697 3385 (omissum
2758 3309 2827 3372 in
2888 3311 2927 3373 t.
2963 3312 3062 3391 1),
3126 3308 3302 3370 sevir

721 3410 1010 3495 equitum
1041 3410 1478 3474 Romanorum
1518 3414 1558 3474 t.
1589 3414 1638 3475 2
1681 3409 2110 3494 (equestrium
2158 3419 2510 3473 turmarum
2561 3414 2602 3476 t.
2637 3412 2721 3491 1),
2768 3408 2995 3474 aedilis
3035 3408 3298 3491 curulis,

720 3511 802 3577 ab
856 3514 1016 3577 actis
1075 3520 1334 3576 senatus
1380 3516 1422 3579 t.
1468 3516 1527 3576 1.
1570 3516 1651 3589 2,·
1708 3521 1969 3597 praetor
2024 3515 2125 3576 cui
2188 3514 2394 3598 primo
2454 3512 2810 3577 iurisdictio
2870 3511 3206 3598 pupillaris
3264 3535 3304 3574 a

720 3615 1137 3680 sanctissimis
1192 3614 1687 3701 imperatoribus
1747 3615 1852 3699 (=
1902 3615 2139 3679 Marco
2195 3619 2253 3679 et
2315 3614 2472 3680 Vero
2531 3637 2593 3679 a.
2650 3614 2938 3697 161l169)
2999 3614 3303 3679 mandata

720 3728 817 3783 est
860 3723 903 3784 t.
934 3723 973 3783 1
1001 3749 1084 3771 -·-=
1118 3717 1422 3805 [praetor]
1454 3716 1861 3782 curatoribus
1892 3727 1956 3781 et
1985 3718 2303 3783 tutoribus
2348 3717 2580 3781 dandis
2624 3719 2870 3803 primus
2914 3720 3300 3781 constitutus

721 3826 762 3885 t.
806 3827 855 3887 2
870 3842 890 3900 ;
933 3820 1245 3886 iuridicus
1291 3843 1406 3906 per
1449 3819 1705 3885 Italiam
1747 3821 2029 3903 regionis
2074 3820 2583 3906 Transpadanae
2629 3822 2871 3906 primus
2918 3825 2959 3884 t.
2993 3825 3051 3887 1.
3083 3827 3131 3885 2
3160 3821 3298 3903 (sub

723 3924 954 3990 Marco
1000 3930 1058 3989 et
1103 3924 1260 3989 Vero
1304 3930 1376 3989 ut
1420 3946 1496 3989 ex
1539 3929 1580 3988 t.
1627 3929 1667 3988 1
1712 3924 2026 4006 amiciret),
2086 3945 2205 4005 qno
2259 3929 2545 4006 spectant
2603 3923 2909 4006 (pistulae
2952 3922 3301 3987 Frontonis

722 4028 808 4092 ad
863 4049 1000 4092 eum
1060 4028 1249 4091 datae
1307 4027 1381 4091 cle
1440 4048 1638 4091 causa
1696 4027 2016 4091 Volumnii
2074 4025 2302 4092 Sereni
2367 4026 2846 4091 Concordiensis
2903 4026 3150 4089 Fronto
3217 4025 3304 4089 ad

722 4131 956 4195 amicos
996 4134 1062 4206 2,
1108 4135 1165 4197 6.
1216 4135 1272 4207 7,
1321 4130 1395 4193 (lc
1439 4150 1636 4194 cansa
1666 4130 2092 4194 Baburianae
2135 4128 2262 4194 ibd.
2311 4152 2403 4210 ep.
2435 4134 2494 4206 8,
2544 4134 2600 4193 et
2646 4129 2733 4193 acl
2771 4129 3029 4193 cundem
3074 4130 3301 4211 maqis-

722 4238 960 4298 tratum
1004 4232 1400 4314 referendum
1443 4232 1689 4296 videtur
1739 4234 1810 4296 in
1854 4237 1896 4296 t.
1938 4237 2009 4296 1:
2064 4234 2175 4318 qui
2236 4232 2647 4317 providentia
2700 4234 3125 4297 maximorum
3188 4235 3300 4296 im-

720 4346 1089 4421 peratorum
1156 4338 1388 4399 missus
1455 4337 1744 4417 urgentis
1811 4357 2109 4399 annonae
2172 4334 2612 4399 difficulitatcs
2680 4336 2846 4399 iuvit
2904 4345 2970 4399 et
3027 4334 3305 4399 cosuluit

722 4437 861 4523 (sic)
907 4440 1238 4503 securitati
1284 4437 1571 4503 fundatis
1615 4440 1707 4500 rei
1757 4437 2055 4523 publicae
2100 4436 2740 4522 (Concordiensium)
2793 4437 3060 4523 opibust,
3119 4461 3301 4524 prae-

722 4544 928 4607 fectus
973 4544 1183 4607 aerari
1230 4542 1496 4607 Saturni
1542 4540 1715 4621 (ante
1758 4564 1817 4608 a.
1864 4546 2011 4626 169)
2060 4546 2101 4608 t.
2147 4546 2206 4605 1.

860 4645 1099 4711 Consul
1152 4643 1455 4723 suffectus
1498 4645 1672 4709 circa
1731 4668 1791 4709 a.
1839 4649 1960 4708 170
2000 4644 2116 4708 sub
2166 4643 2421 4708 Marco.
2508 4644 2793 4727 Legatus
2851 4644 3304 4730 Cappadociae

724 4752 765 4811 t.
794 4753 852 4813 5.
886 4747 995 4829 (cf.
1030 4747 1444 4829 Marquarclt,
1483 4745 1816 4811 Roneische
1851 4746 2462 4830 Staatsverwaltuny
2506 4747 2554 4810 Ι
2562 4746 2587 4782 2
2615 4770 2680 4828 2).
2711 4752 2844 4811 372
2873 4748 3019 4812 adn.
3047 4752 3112 4831 3)
3143 4753 3201 4811 6.
3238 4752 3304 4825 7,·

701 4850 791 4935 9ἐκ
836 4855 877 4914 t.
908 4854 948 4915 5
1000 4850 1099 4915 M.
1143 4849 1453 4914 Aurelius
1511 4849 1744 4914 (licitur
1801 4850 2233 4932 Sarmaticus,
2291 4870 2484 4931 quam
2541 4848 3027 4931 amiellationem
3078 4872 3137 4917 a.
3185 4855 3304 4915 175

723 4953 954 5035 recepit
998 4953 1081 5034 cf.
1112 4951 1355 5017 Eckhel
1402 4952 1543 5017 VII
1563 4975 1635 5035 p.
1667 4957 1770 5020 62.
1847 4950 2206 5016 Proconsul
2235 4951 2433 5016 Asiae
2461 4954 2569 5017 vit.
2605 4951 2931 5017 Commodi
2976 4958 3031 5029 7,
3064 4958 3100 5016 1
3132 4953 3305 5015 circa

724 5077 783 5121 a.
822 5059 977 5133 185;
1022 5055 1110 5119 acl
1150 5054 1315 5119 hunc
1357 5057 1562 5138 neaffl's
1604 5077 1793 5137 quam
1836 5055 1922 5120 ad
1936 5054 2381 5137 proconsulem
2412 5056 2835 5138 coynominem
2864 5051 2950 5134 (n.
2982 5054 3132 5137 890)
3178 5060 3298 5118 ret-

723 5157 989 5235 tulerim,
1036 5179 1197 5240 quac
1252 5163 1486 5223 narrat
1538 5158 1965 5225 Tertullianus
2010 5158 2098 5225 ad
2140 5156 2491 5243 Scapulam
2531 5161 2600 5224 5.·
2657 5157 2888 5225 Arrius
2934 5156 3303 5223 Antoninus
