3859 5992
575 552 1029 616 ATHENAEVS
1495 638 1498 641 ,
1876 534 2000 618 173
2688 624 2695 629 ,
2909 540 3295 615 Ammius

583 757 746 824 1067
791 756 1201 842 Athenaeus,
1251 755 1548 824 Seleucia
1593 755 1860 822 Ciliciae
1921 756 2273 840 oriundus,
2337 754 2760 843 philosophus
2806 730 3297 844 Peripateticus,

708 859 1000 947 aequalis
1050 859 1388 925 Strabonis
1450 868 1717 947 propter
1777 860 2125 925 amicitiam
2170 859 2487 926 Murenae
2546 881 2697 924 reus
2755 858 2965 925 factus
3010 860 3301 927 coniura-

706 965 902 1028 tionis
948 964 1015 1028 in
1062 962 1463 1047 Augustum,
1525 961 1639 1027 sed
1700 962 2036 1028 absolutus
2093 962 2288 1049 paulo
2348 971 2497 1047 post
2542 959 2628 1043 (a.
2663 966 2782 1027 731
2826 991 2908 1016 -=
2952 960 3064 1044 23)
3108 963 3304 1051 periit

707 1065 947 1132 Strabo
993 1071 1090 1144 14,
1131 1070 1190 1144 5,
1237 1070 1298 1135 4.

586 1187 746 1252 1068
793 1185 1189 1268 AthenaeuS,
1225 1185 1514 1271 sophista
1537 1185 1920 1251 Naucratita
1949 1185 2101 1251 Ath.
2133 1189 2176 1249 3
2191 1206 2262 1267 p.
2287 1188 2367 1250 73
2379 1205 2423 1249 a
2435 1205 2457 1263 ,·
2498 1188 2626 1266 71).
2657 1188 2865 1262 301c‚·
2906 1188 2987 1249 11
3004 1200 3076 1267 p.
3098 1188 3223 1249 480
3241 1183 3302 1264 d,

711 1289 952 1354 Romae
1008 1289 1192 1371 degit
1248 1288 1373 1354 sub
1421 1288 1777 1355 Commodo
1822 1288 1977 1355 Ath.
2010 1293 2098 1355 12
2129 1310 2201 1372 p.
2232 1287 2421 1369 5377&
2477 1286 2594 1352 ubi
2639 1307 2802 1369 quae
2851 1286 2928 1352 de
2967 1286 3303 1353 Commodo

714 1386 1012 1458 Herculis
1062 1411 1411 1475 personam
1478 1397 1699 1475 ayente
1767 1390 2067 1456 olio-untur
2081 1440 2097 1467 ,
2157 1394 2308 1473 post
2371 1409 2579 1454 necem
2646 1389 2782 1454 eius
2839 1390 3082 1471 scripta
3137 1392 3304 1453 sunt.

715 1493 1021 1583 Ἀθήναιος
1079 1494 1521 1581 Ναυκρατίτης,
1584 1493 2024 1583 γραμματικός,
2086 1497 2349 1581 γεγονὼς
2409 1493 2504 1558 ἐπὶ
2568 1498 2687 1558 τῶν
2755 1491 2989 1578 χρόνων
3054 1488 3305 1577 Μάρκου

719 1598 978 1676 Sinda-3,
1023 1597 1135 1664 sed
1174 1597 1329 1663 haec
1372 1600 1588 1679 aperte
1632 1600 1886 1678 sumpta
1930 1599 2078 1661 sunt
2121 1616 2197 1660 ex
2224 1593 2557 1678 principio
2601 1596 2739 1677 ipso
2776 1592 3309 1677 DiPnosophista-

715 1723 889 1779 rum,
961 1720 1117 1784 quos
1187 1694 1554 1766 Athenaeus
1631 1698 2044 1781 colloquentes
2117 1698 2306 1782 fingit
2370 1697 2442 1762 in
2513 1685 2696 1774 cena,
2770 1717 2959 1779 quam
2998 1695 3314 1761 ‘exhibuit

720 1804 822 1887 (P.
872 1802 1131 1887 Livius)
1175 1803 1484 1868 Lai-ensis
1530 1802 1638 1884 (cf.
1683 1801 1744 1865 L
1779 1801 1936 1884 2079
1980 1801 2413 1886 καθιστάμενος
2465 1791 2561 1864 ἐπὶ
2617 1804 2737 1865 τῶν
2795 1801 2973 1886 ἱερῶν
3020 1800 3169 1864 εἶναι
3210 1801 3309 1863 καὶ

719 1908 941 1974 θυσιῶν
988 1907 1101 1990 (---
1145 1906 1443 1992 pontifex
1486 1905 1724 1988 minor)
1770 1907 1885 1970 ὑπὸ
1930 1909 2036 1971 τοῦ
2085 1903 2377 1992 βασιλέως
2420 1901 2671 1987 Μάρκου
2715 1901 2869 1967 Ath.
2906 1907 2946 1966 1
2978 1923 3051 1985 p.
3082 1905 3200 1966 20.

847 2010 1233 2075 Accuratior
1278 2009 1575 2092 temporis
1618 2007 1900 2092 definitio
1950 2006 2182 2090 pendet
2230 2028 2273 2071 a
2313 2006 2523 2072 verbis
2565 2004 2885 2070 Athenaei
2924 2007 3006 2070 15
3037 2026 3109 2088 p.
3139 2007 3309 2070 6860

723 2113 797 2177 cle
842 2112 1122 2195 thiano
1162 2111 1389 2195 Tyrio:
1431 2114 1529 2177 καὶ
1575 2109 1704 2198 μετ’
1737 2112 1804 2176 οὐ
1843 2110 2072 2181 πολλὰς
2115 2109 2344 2196 ἡμέρας
2386 2110 2587 2195 ὥσπερ
2633 2108 2812 2178 αὐτὸς
2857 2110 3037 2174 αὑτοῦ
3080 2109 3308 2193 σιωπὴν

724 2218 1359 2302 καταμαντευσάμενος
1389 2215 1693 2282 ἀπέθανεν
1728 2216 2015 2299 εὐτυχῶς,
2063 2213 2281 2282 οὐδένα
2309 2213 2514 2299 καιρὸν
2538 2211 2703 2297 ’νόσῳ
2748 2210 3068 2297 παραδούς,
3116 2209 3310 2275 πολλὰ

722 2321 787 2385 δὲ
832 2322 1103 2407 λυπήσας
1145 2322 1305 2404 ἡμᾶς
1346 2319 1483 2388 τοὺς
1527 2319 1811 2404 ἑταίρους.
1891 2316 2067 2397 Quae
2096 2316 2291 2380 verba
2321 2313 2566 2379 Kaibel
2582 2314 2798 2396 praef.
2821 2313 2977 2378 Ath.
3003 2335 3077 2396 p.
3109 2311 3310 2395 Vsqq.

719 2423 969 2487 ratione
1034 2426 1198 2487 recte
1264 2422 1550 2504 eaffiosita
1565 2471 1581 2498 ,
1649 2440 1776 2504 qua
1843 2421 2095 2485 omnino
2147 2418 2516 2484 Athenaeus
2573 2418 2644 2481 in
2693 2418 2992 2499 personis
3046 2414 3317 2481 convivii

722 2524 1034 2607 finqendis
1088 2543 1241 2589 usus
1298 2528 1408 2601 est,
1458 2528 1609 2605 post
1666 2522 1941 2605 Vspiani
1992 2523 2133 2587 iure
2195 2520 2466 2587 consulti
2518 2524 2782 2585 mortem
2825 2519 3025 2603 (circa
3070 2540 3131 2585 a.
3176 2520 3314 2584 228

726 2626 939 2710 occisi)
990 2628 1237 2710 seripm
1295 2646 1425 2692 esse
1482 2627 1623 2691 iure
1672 2626 1917 2690 statuit.
2003 2623 2185 2706 Quod
2242 2628 2450 2688 autem
2495 2627 2647 2706 post
2700 2621 2864 2689 alios
2905 2619 3161 2686 Dessau
3204 2619 3308 2703 (of.

723 2727 793 2792 D
833 2732 977 2814 145)
1023 2734 1295 2813 propter
1351 2734 1698 2812 temporum
1754 2727 2040 2793 rationes
2086 2727 2347 2810 'putavit
2406 2724 2754 2808 Vhoianwm
2809 2723 3128 2788 Athenaei
3185 2743 3315 2787 non

721 2849 910 2912 posse
949 2852 1077 2896 non
1114 2831 1426 2896 diversum
1469 2850 1597 2895 esse
1644 2851 1684 2894 a
1725 2831 1866 2894 iure
1907 2828 2209 2906 consulto,
2255 2830 2531 2911 fortasse
2562 2830 2838 2910 patrem,
2885 2825 3045 2890 mihi
3083 2826 3155 2890 in
3192 2824 3314 2890 hac

726 2954 964 3015 quoque
1005 2954 1076 2999 re
1109 2933 1475 2999 Athenaeus
1520 2936 1685 3019 ζήλῳ
1732 2931 2106 3021 Πλατωνικῷ
2137 2930 2438 2995 Platonis
2478 2930 2745 3012 vestiyia
2788 2928 3008 3012 leqisse
3047 2928 3312 2994 videtur.

725 3036 874 3118 Ipse
903 3037 1065 3100 enim
1096 3036 1347 3119 (Athen.
1372 3038 1502 3119 51⁹·
1526 3039 1655 3102 217
1670 3034 1727 3118 c)
1765 3055 1895 3099 non
1932 3034 2160 3099 nesciit
2188 3032 2527 3103 Platonem
2561 3052 2690 3097 non
2728 3031 2916 3096 semel
2942 3030 3052 3113 (ef.
3085 3030 3312 3108 Zeller,

735 3138 932 3204 Ueber
990 3139 1092 3204 die
1131 3138 1681 3204 Anachronismen
1736 3138 1808 3205 in
1866 3137 1986 3203 clen
2031 3136 2477 3219 platonischen
2522 3134 2930 3218 Gesprachen
2944 3184 2961 3212 ,
3006 3132 3317 3199 Abhand-

729 3240 957 3324 lunyen
1000 3242 1112 3307 der
1153 3242 1453 3307 Berliner
1480 3240 1834 3307 Akademie
1878 3240 2259 3308 Phil.-Hist.
2294 3239 2374 3303 K
2378 3239 2419 3305 l.
2450 3243 2615 3304 1873
2645 3261 2717 3322 p.
2751 3243 2831 3304 79
2860 3236 3017 3320 sqq)
3050 3257 3318 3321 peceare

730 3346 892 3430 παρὰ
933 3347 1067 3417 τοὺς
1102 3346 1355 3432 χρόνους
1384 3358 1583 3392 -“-
1611 3348 1765 3410 πάνυ
1795 3344 2180 3429 ἐσκεμμένως
2225 3347 2409 3425 atque
2449 3343 2575 3426 eqit
2619 3341 2694 3407 de
2725 3339 3049 3424 Symposii
3086 3344 3317 3422 tempo-

729 3445 925 3524 ribus,
972 3447 1139 3529 quod
1165 3448 1572 3531 potissimum
1605 3446 1929 3530 exemplar
1959 3447 2087 3511 sibi
2114 3445 2404 3528 eleyerat.
2483 3444 2702 3526 Neque
2732 3442 3043 3508 audacior
3070 3441 3319 3507 videtur

730 3547 1048 3631 leianus
1091 3551 1161 3615 in
1211 3571 1429 3617 cenam
1477 3553 1684 3614 aetate
1726 3550 2135 3633 imperatoris
2182 3548 2282 3613 M.
2326 3546 2586 3612 Aurelii
2627 3545 2973 3611 exhibitam
3022 3545 3317 3610 inductus

730 3672 921 3742 quam
953 3654 1316 3718 notissimus
1357 3652 1469 3717 ille
1514 3651 1828 3741 διῳκισμός
1860 3651 2389 3716 Mantinaeorum
2432 3647 2610 3732 apud
2646 3647 2984 3712 Platonem
3027 3646 3315 3731 Sympos.

726 3775 799 3837 p.
844 3759 970 3821 193
984 3778 1045 3822 a.
2696 3827 2704 3833 ,

862 3857 1240 3923 Athenaeus
1299 3869 1645 3944 antequam
1702 3856 2251 3943 Dipnosophistas
2310 3854 2564 3937 ederet,
2624 3853 2976 3938 scripserat
3021 3857 3153 3939 περὶ
3195 3861 3314 3920 τῶν

735 3960 798 4026 ἐν
846 3961 1029 4047 Συρίᾳ
1075 3963 1548 4049 βασιλευσάντων
1578 3960 1733 4025 Ath.
1764 3964 1806 4025 5
1839 3980 1908 4042 p.
1940 3964 2129 4026 211a
2173 3968 2238 4024 et
2279 3959 2412 4044 περὶ
2456 3954 2717 4045 θρᾴττας
2756 3960 2799 4020 7
2825 3977 2899 4037 p.
2932 3960 3060 4022 329
3076 3976 3127 4020 e.
3212 3955 3316 4039 Cf.

739 4061 980 4141 Christ,
1024 4062 1394 4155 Geschichte
1442 4063 1554 4129 der
1588 4061 2021 4146 yriechischen
2064 4062 2426 4126 Ia’tteratur
2466 4060 2515 4145 ἕ
2557 4064 2692 4125 482
2705 4059 2757 4123 2.

611 4182 777 4247 1069
821 4181 1229 4269 Athenaeus²
1293 4182 1633 4250 Gallienus
1680 4168 1828 4248 eum
1885 4193 1949 4248 et
1992 4180 2411 4248 Cleodamum
2467 4180 2821 4265 Byzantios
2881 4177 3320 4242 instaurandis

638 4356 648 4367 ,
737 4285 1007 4351 urbibus
1051 4287 1548 4374 muniendisque
1592 4296 1819 4350 contra
1862 4284 2142 4370 Scythas
2193 4282 2506 4370 praefecit
2546 4282 2655 4347 vit.
2701 4279 2991 4346 Gallieni
3027 4284 3128 4358 13,
3172 4284 3232 4345 6.

652 4424 737 4433 -
782 4398 1196 4455 CARMINIVS
1240 4398 1817 4456 ATHENAGORAS.

651 4527 738 4537 —
781 4491 1050 4558 Flavius
1092 4492 1564 4577 Athenagoras.

651 4629 738 4640 —-
779 4596 1138 4680 MAR(OVS)
1182 4595 1559 4678 FL(AV1VS)
1608 4603 2021 4660 CARMINIVS
2066 4599 2625 4657 ATHENAGORAS
2672 4596 3046 4656 LIVIANVS.

615 4716 781 4783 1070
821 4715 1160 4800 Athenais‚
1206 4718 1418 4782 amica
1447 4726 1512 4780 et
1544 4716 1732 4780 heres
1763 4714 2059 4779 Arruntii
2106 4712 2361 4795 medici,
2408 4712 2513 4776 cui
2560 4711 2857 4775 sestertia
2883 4710 3009 4779 (ἷῧὸ
3039 4708 3316 4794 reliquit.

737 4818 915 4889 Plin.
956 4841 1021 4886 n.
1068 4820 1129 4886 h.
1174 4826 1284 4899 29,
1326 4824 1388 4884 8.
2734 4816 2737 4820 ⁴

654 4961 737 4972 —-
782 4922 1062 4990 Claudia
1105 4922 1439 4989 Athenais.

653 5061 740 5073 --
781 5036 1074 5093 MARCIA
1118 5033 1448 5091 CLAVDIA
1491 5033 1717 5089 ALCIA
1761 5030 2145 5088 ATHENAIS
2193 5031 2505 5087 GAVIDIA
2550 5025 2921 5083 LATIARIS.

652 5164 740 5177 --
782 5129 1122 5216 [Vibullia]
1167 5129 1505 5197 Athenais.
