3859 5992
540 517 919 573 ANTONIVS
1856 511 1941 576 92
2869 521 3253 580 ANTONIVS

542 716 669 782 633
713 714 1038 781 Antonius
1053 762 1071 797 ,
1139 736 1338 799 eques
1403 716 1737 781 Romanus
1802 739 1860 780 a.
1916 717 2001 784 55
2067 717 2151 782 ob
2216 717 2535 782 veneficia
2591 741 2633 782 a
2686 717 2947 783 Nerone
3003 720 3254 785 occisus

667 818 800 884 Dio
842 822 941 894 61,
991 821 1047 883 7.
2633 820 2649 833 ‘

540 930 670 994 634
713 929 1057 1013 AntoniuS,
1106 930 1477 1015 praefectus
1522 929 1663 995 alae
1706 929 1874 996 bello
1919 932 2189 998 Iudaico
2219 932 2467 1015 Ioseph.
2502 932 2641 998 bell.
2671 938 2732 1011 3,
2762 937 2829 1011 2,
2859 938 3009 999 1-3.

540 1042 667 1108 635
717 1039 1062 1124 Antonius,
1112 1043 1405 1106 centurio
1450 1041 1618 1106 bello
1663 1042 1934 1108 Iudaico
1973 1044 2222 1127 Ioseph.
2257 1044 2396 1110 bell.
2427 1049 2488 1122 3,
2524 1049 2582 1121 7,
2612 1046 2712 1109 35.

542 1152 669 1218 636
714 1151 1058 1235 AntoniuS‚
1107 1153 1398 1217 centurio
1446 1175 1503 1217 a.
1549 1154 1670 1219 175
1714 1153 1848 1220 Dio
1878 1159 1976 1233 71,
2009 1161 2116 1222 27.

539 1271 665 1337 637
711 1280 979 1335 IVLLVS
1025 1279 1423 1355 ANTONIVS,
1472 1271 1698 1337 consul
1737 1296 1794 1336 a.
1847 1273 1974 1338 744
2017 1304 2101 1328 =
2150 1276 2230 1341 10
2274 1297 2330 1339 a.
2377 1273 2450 1340 O.
2498 1297 2647 1340 cum
2689 1274 3001 1339 Africano
3046 1274 3250 1340 Fabio

668 1374 978 1440 Maximo.
1028 1374 1297 1439 Rectam
1313 1378 1755 1458 praenominis
1783 1378 2061 1458 formam
2091 1378 2436 1443 docuerunt
2468 1382 2510 1444 t.
2540 1379 2829 1443 urbanus
2858 1379 2939 1443 ab
2964 1379 3252 1461 Auyusto

670 1479 924 1561 positus
972 1477 1227 1542 Notizie
1284 1477 1452 1561 deyli
1503 1481 1680 1543 soavi
1733 1483 1906 1545 1888
1952 1503 2024 1562 p.
2070 1485 2199 1546 244
2242 1478 2330 1563 (1)
2391 1480 2557 1544 Iullo
2613 1479 2896 1545 Antonio
2942 1480 3251 1546 Africano

668 1580 876 1646 Fabio
907 1603 1036 1645 cos.
1084 1586 1144 1645 et
1186 1585 1228 1645 t.
1265 1581 1479 1645 liberti
1515 1581 1604 1646 M.
1639 1581 1882 1646 Antoni
1914 1581 2067 1647 Iulli
2114 1585 2317 1669 patris
2363 1583 2403 1648 l.
2436 1584 2729 1649 Rufionis
2777 1584 2877 1649 VI
2895 1589 3108 1650 12010
3137 1586 3249 1668 (2).

667 1683 868 1766 Apud
903 1684 1244 1766 scriptores
1283 1705 1508 1748 nomen
1543 1685 1866 1749 insolitum
1910 1708 1954 1749 a
1997 1686 2288 1751 librariis
2319 1687 2690 1769 plerumque
2731 1692 3099 1769 corruptum
3141 1692 3248 1765 est,

666 1786 778 1850 secl
816 1791 981 1850 recte
1019 1785 1172 1851 Iull-
1213 1785 1346 1852 Dio
1387 1790 1489 1863 51,
1535 1791 1648 1865 15‚·
1687 1790 1785 1865 54,
1833 1793 1939 1864 26,
1997 1788 2358 1854 Cassiodor.
2386 1788 2535 1885 ⁴chr.
2580 1811 2641 1853 a.
2691 1794 2827 1866 744,
2873 1789 3142 1854 Horatii
3183 1791 3253 1854 in

665 1889 1073 1971 inscriptione
1117 1910 1310 1956 carm.
1340 1894 1399 1966 4,
1432 1894 1480 1955 2
1521 1895 1582 1954 et
1623 1892 1694 1955 in
1734 1911 1790 1955 v.
1821 1896 1870 1956 2
1915 1891 2223 1956 librorum
2252 1912 2419 1975 pars
2461 1893 2732 1957 servavit
2766 1890 2937 1975 Iull-‚
2986 1892 3108 1956 alii
3148 1914 3248 1957 ea:-

669 1991 884 2055 hibent
940 1990 1110 2074 Iuli-‚
1174 1992 1294 2055 alii
1348 1990 1509 2074 Iul-3
1568 1992 1719 2058 Iuli-
1769 1993 2036 2058 Velleius
2079 2000 2145 2071 2,
2192 2000 2332 2072 100,
2371 1999 2431 2072 4,
2479 1994 2738 2060 Sueton.
2781 1994 3017 2060 Claud.
3063 2000 3131 2072 2,
3177 1995 3250 2059 cle

663 2099 1002 2177 yrarmnat.
1047 2100 1142 2169 10,
1199 2095 1344 2159 Tac.
1395 2118 1453 2160 a.
1499 2100 1556 2173 1,
1603 2102 1720 2174 10;
1758 2102 1818 2173 3,
1867 2102 1984 2177 18,-
2027 2103 2086 2173 4,
2132 2103 2241 2175 44,
2287 2098 2533 2181 Ioseph.
2585 2102 2718 2163 ant.
2761 2104 2860 2175 16,
2907 2104 2966 2175 6,
3015 2104 3073 2175 7,
3118 2098 3250 2164 Dio

663 2201 764 2273 54,
793 2202 875 2262 36
889 2223 909 2275 ,·
948 2199 1046 2271 55,
1079 2202 1181 2262 10.
1266 2196 1427 2263 Cum
1472 2204 1705 2263 constet
1747 2199 1914 2263 inter
1961 2221 2167 2264 omnes
2209 2222 2424 2265 veram
2462 2201 2735 2265 nominis
2785 2202 3063 2282 formam
3104 2200 3250 2268 Iull-

661 2300 892 2381 ubique
933 2301 1386 2364 restituendam
1427 2322 1573 2378 esse,
1623 2302 2039 2366 librariorum
2067 2324 2312 2367 errores
2340 2305 2523 2385 infra
2547 2325 2675 2369 non
2702 2305 2837 2369 iam
2868 2306 3247 2371 curabimus,

794 2417 1167 2495 Nummum,
1229 2440 1408 2501 que-m
1467 2419 1797 2503 descripsit
1839 2420 2110 2498 Florez,
2173 2421 2501 2487 Medullas
2560 2422 2636 2488 de
2694 2424 2792 2488 las
2843 2423 3122 2489 colonias
3167 2424 3253 2488 da

664 2521 940 2602 Espwaa
982 2521 1034 2585 I
1067 2544 1139 2603 p.
1168 2526 1290 2585 331
1350 2522 1541 2604 (unde
1584 2523 1864 2605 pendent
1924 2524 2219 2588 Mionnet
2279 2524 2506 2608 Suppl.
2553 2526 2605 2590 I
2637 2548 2709 2609 p.
2755 2531 2841 2591 72
2896 2548 2959 2591 n.
3006 2531 3139 2592 412
3194 2532 3252 2591 et

662 2624 1038 2689 recentiores
1083 2624 1313 2705 omncs)
1369 2624 1757 2690 eoehibentcm
1809 2626 2152 2691 secundum
2193 2626 2565 2693 Floresium
2620 2631 2691 2693 in
2735 2634 2929 2712 parte
2986 2629 3252 2695 adversa

666 2731 856 2809 caput
891 2726 1173 2809 Auyusti
1216 2748 1357 2790 cum
1400 2728 1810 2810 inscriptione
1855 2728 2153 2812 Augusto
2199 2731 2284 2794 D.
2318 2731 2404 2799 D.
2437 2730 2510 2796 O.
2545 2730 2619 2796 C.
2660 2731 2739 2797 N.
2775 2730 2867 2814 0.,
2916 2734 2987 2796 in
3030 2755 3254 2798 aversa

666 2830 882 2912 capita
921 2829 990 2895 Ο.
1036 2829 1338 2895 Caesaris
1383 2836 1443 2895 et
1484 2831 1562 2896 L.
1603 2830 1938 2907 CaesariS,
2002 2834 2071 2896 in
2124 2834 2328 2898 medio
2374 2832 2447 2900 O.
2494 2834 2604 2918 L.,
2663 2855 2803 2899 cum
2846 2836 3252 2918 inscriptione

662 2932 752 2999 M.
801 2933 1106 2997 Petronio
1152 2931 1227 2998 O.
1266 2932 1433 2998 Iulio
1477 2932 1764 2999 Antonio
1811 2934 2000 2999 IIvir.
2078 2935 2394 3018 Boryhesi
2437 2958 2577 3019 opp.
2610 2937 2662 3001 I
2681 2960 2755 3020 p.
2785 2943 2907 3003 469
2952 2943 3012 3001 et
3056 2937 3247 3004 Wad-

665 3035 922 3117 clinyton
964 3034 1199 3100 Fastes
1227 3059 1300 3118 p.
1330 3041 1453 3101 100
1496 3036 1585 3101 ad
1620 3036 2078 3119 Carthayinem
2128 3060 2358 3103 novam
2416 3044 2474 3102 et
2532 3039 2621 3103 ad
2672 3044 2957 3105 nostrum
2997 3041 3250 3105 rettule-

657 3142 843 3214 runt,
903 3160 1042 3202 cum
1083 3139 1325 3204 Eckhel
1368 3140 1418 3204 I
1438 3162 1511 3222 p.
1544 3146 1630 3205 43
1674 3162 1814 3205 eum
1854 3161 2179 3204 nummum
2218 3141 2430 3205 dubiis
2470 3144 2605 3206 suis
2646 3164 2775 3207 non
2814 3164 3047 3209 vacare
3086 3148 3251 3208 recte

661 3240 1031 3322 scripsisset.
1104 3242 1380 3306 Illorum
1421 3245 1732 3308 sententia
1775 3265 1916 3306 cum
1958 3245 2274 3325 refutetur
2315 3245 2496 3308 titulo
2539 3266 2743 3326 nuper
2782 3251 3030 3329 reperto
3046 3295 3062 3323 ,
3121 3252 3251 3310 tum

660 3363 951 3407 nummus
987 3344 1092 3407 ille
1119 3344 1284 3408 male
1315 3345 1661 3428 descriptus
1690 3368 1819 3411 esse
1849 3351 1908 3410 et
1941 3347 2029 3410 acl
2054 3345 2356 3412 Onossum
2386 3344 2610 3412 oreta-e
2638 3350 2963 3431 pertinere
3005 3349 3250 3415 videtur

663 3444 743 3525 cf.
789 3445 1356 3528 Imhoof·Blu-mer,
1407 3448 1750 3513 Monnaies
1789 3469 2089 3531 yrecques
2118 3471 2190 3531 p.
2222 3452 2370 3514 214.

788 3564 876 3629 In
912 3566 1275 3631 consulatu:
1309 3565 1515 3632 Iullus
1546 3568 1873 3633 Antonius
1918 3572 1960 3633 t.
1989 3574 2046 3645 1,
2097 3568 2351 3637 Sueton.
2386 3569 2618 3635 Claud.
2648 3575 2716 3647 2,
2748 3570 2878 3636 Dio
2906 3571 3037 3636 ind.
3076 3571 3114 3635 Ζ.
3145 3576 3244 3649 54,

663 3664 1052 3743 οα33ἱοᾱον.,
1101 3668 1306 3734 Iullus
1349 3669 1484 3734 Dio
1528 3676 1626 3747 54,
1675 3677 1773 3737 36.
1817 3708 1906 3717 -
1966 3671 2318 3737 Praeterea
2362 3672 2568 3737 Iullus
2611 3673 2937 3738 Antonius
2981 3673 3248 3740 Velleius

659 3775 724 3845 2,
767 3775 901 3845 100,
946 3777 1003 3846 4,
1060 3772 1206 3836 Tac.
1254 3794 1314 3837 a.
1359 3778 1419 3848 3,
1466 3777 1582 3851 18;
1622 3779 1682 3849 4,
1727 3778 1827 3849 44,
1876 3773 2134 3841 Sueton.
2183 3773 2258 3838 de
2297 3780 2639 3858 yramma-t.
2687 3780 2786 3853 18,
2834 3776 3081 3860 Ioseph.
3115 3782 3244 3842 ant.

659 3878 756 3949 16,
786 3878 843 3949 6,
881 3879 935 3949 7,
983 3873 1116 3938 Dio
1144 3876 1241 3951 55,
1273 3880 1387 3954 10,·
1429 3875 1634 3941 Iullus
1675 3877 1821 3941 Tac.
1855 3899 1916 3944 a.
1949 3882 2005 3954 1,
2038 3882 2141 3954 10,
2187 3877 2321 3943 Dio
2350 3880 2451 3953 51,
2484 3883 2600 3956 15,-
2645 3877 2968 3944 Antonius
3008 3880 3249 3946 Seneca

661 3976 736 4039 de
781 3977 1083 4041 brevitate
1125 3979 1231 4041 vit.
1276 3984 1334 4055 4,
1382 3984 1440 4056 6,
1489 3980 1824 4047 Plutarch.
1867 3979 2103 4044 Anton.
2144 3985 2234 4046 87
2244 4002 2264 4059 ;
2307 3981 2624 4046 Horatius
2670 4003 2865 4046 carm.
2908 3990 2967 4059 4,
3006 3988 3055 4048 2
3111 4005 3248 4047 eum

658 4079 1027 4160 adloquitur
1069 4079 1234 4145 Iulle
1277 4102 1330 4145 v.
1376 4087 1456 4159 2,
1517 4081 1762 4147 Antoni
1807 4104 1863 4147 v.
1904 4088 2011 4149 26.
2062 4122 2141 4129 -
2195 4084 2377 4165 Quod
2434 4084 2695 4149 libertus
2754 4086 2823 4149 in
2872 4091 2914 4149 t.
2959 4091 3007 4152 2
3052 4109 3244 4170 prae-

653 4183 904 4246 nomine
937 4182 1162 4246 Marci
1187 4184 1413 4260 utitur,
1458 4185 1642 4249 solito
1673 4207 1845 4249 more
1861 4191 2202 4267 patronus,
2250 4208 2389 4251 cum
2425 4186 2577 4251 Iulli
2607 4209 3002 4269 praenomen
3040 4190 3247 4255 nobile

658 4289 843 4365 atque
886 4289 1190 4349 remotum
1220 4287 1300 4350 ab
1337 4306 1458 4349 usu
1497 4287 1753 4369 culyari
1794 4288 2018 4352 liberto
2065 4290 2316 4354 omnino
2362 4289 2512 4354 clari
2552 4310 2680 4355 non
2710 4296 2945 4372 posset,
2989 4292 3249 4375 vulyare

657 4386 972 4468 quoddam
1016 4410 1093 4451 ea·
1136 4390 1407 4453 arbitrio
1452 4389 1676 4454 liberto
1720 4391 2043 4473 impertiit.

786 4505 876 4571 M.
908 4507 1180 4573 Antonii
1229 4531 1312 4572 ex
1341 4508 1579 4574 Fulvia
1617 4509 1789 4575 filius
1833 4512 2046 4575 minor
2076 4511 2412 4577 Plutarch.
2445 4513 2680 4577 Anton.
2709 4517 2813 4590 87,
2858 4512 2991 4578 Dio
3018 4519 3117 4592 51,
3150 4517 3245 4592 15,

657 4609 786 4673 incl.
815 4609 855 4673 l.
877 4615 978 4687 54,
1013 4610 1270 4677 Sueton.
1296 4612 1370 4677 de
1388 4619 1726 4695 yrammat.
1753 4618 1851 4681 18.
1893 4615 2072 4678 Dum
2094 4624 2278 4700 pater
2308 4616 2379 4679 in
2399 4617 2645 4681 oriente
2673 4627 2981 4700 moratur,
3008 4606 3247 4683 Romae

653 4710 737 4776 ab
764 4710 1044 4778 Octavia
1076 4714 1388 4779 educatus
1421 4725 1517 4780 est
1540 4715 1875 4780 Plutarch.
1894 4716 2132 4782 Anton.
2163 4720 2264 4793 54,
2301 4718 2611 4800 magistro
2645 4740 2797 4783 usus
2819 4719 2895 4783 L.
2922 4718 3246 4784 Crassicio

655 4818 1076 4900 grammatico
1124 4818 1380 4883 Sueton.
1429 4818 1468 4883 Ζ.
1517 4818 1556 4885 Ζ.
1646 4819 1803 4883 Post
1847 4841 2072 4883 necem
2116 4820 2320 4904 patris
2365 4842 2422 4883 a.
2465 4820 2590 4885 724
2633 4851 2716 4874 =
2762 4822 2846 4886 30
2891 4823 3093 4886 vitam
3139 4822 3247 4888 ob-

658 4922 852 4985 tinuit
896 4931 961 4985 et
1001 4922 1266 4986 summis
1311 4921 1666 4987 honoribus
1712 4921 1797 4987 ab
1843 4921 2145 5006 Augusto
2191 4923 2459 4988 affectus
2504 4933 2603 4987 est
2642 4923 2977 4990 Plutarch.
3009 4924 3244 4994 Anton.

654 5028 755 5102 87,
802 5023 937 5089 Dio
981 5029 1081 5101 51,
1115 5028 1209 5101 15,
1257 5026 1370 5110 qui
1432 5026 1492 5088 ei
1538 5023 1918 5089 Marcellam
1965 5025 2339 5108 (iuniorem)
2384 5025 2475 5092 M.
2521 5024 2857 5113 Agrippae
2900 5026 3249 5094 abductam

654 5129 723 5192 in
781 5128 1265 5193 matrimonium
1329 5126 1509 5192 dedit
1552 5126 1887 5195 Plutarch.
1936 5128 1976 5194 l.
2024 5129 2065 5196 Ζ.
2112 5129 2195 5211 cf.
2243 5129 2511 5196 Velleius
2553 5134 2619 5207 2,
2664 5134 2798 5207 100,
2845 5135 2918 5208 4,
2990 5131 3136 5199 Tac.
3184 5152 3244 5197 a.
