3859 5992
528 584 900 642 CLAVDIVS
1818 578 1940 645 371
2863 589 3240 648 CLAVDIVS

782 780 1041 848 onres
1085 792 1232 867 post
1261 781 1605 849 Claudiam
1634 784 1997 869 Octaviam,
2042 784 2240 872 quam
2282 807 2449 851 anno
2496 787 2580 852 62
2617 785 2808 852 domo
2853 788 2924 851 in
2966 785 3242 871 Campa-

660 885 839 949 niam
871 883 1125 971 expulit
1162 885 1311 951 Tac.
1348 907 1409 952 a.
1446 892 1545 964 14,
1577 892 1678 964 60,
1726 887 2095 974 Poppaeam
2129 887 2456 970 Sabinam,
2488 910 2685 975 quam
2723 886 3106 954 duodecimo
3135 887 3242 952 die

658 997 805 1075 post
861 986 1220 1054 divortium
1277 988 1590 1055 Octaviae
1646 988 1838 1055 duxit
1889 989 2041 1055 Tac.
2094 988 2137 1055 l.
2196 989 2272 1067 l.,
2333 990 2592 1058 Sueten.
2641 990 2727 1058 N.
2772 995 2872 1068 35,
2932 1012 3103 1055 anno
3157 990 3240 1055 65

655 1089 871 1156 amisit
920 1091 1069 1156 Tac.
1102 1112 1165 1156 a.
1193 1096 1292 1168 16,
1324 1095 1383 1169 6,
1428 1089 1562 1157 Dio
1606 1097 1711 1170 62,
1742 1096 1838 1159 27
1847 1112 1870 1171 ,·
1913 1101 2064 1177 post
2099 1093 2286 1158 cuius
2329 1102 2601 1158 mortem
2638 1091 2962 1160 Statiliam
3002 1092 3243 1158 Messa-

655 1191 856 1259 linam
899 1193 1173 1259 Vestino
1218 1193 1435 1259 Attico
1491 1195 1722 1260 marito
1782 1216 1953 1260 anno
1999 1195 2083 1261 65
2143 1195 2356 1260 occiso
2404 1195 2585 1281 (Tac.
2632 1216 2697 1261 a.
2735 1200 2835 1273 15,
2881 1192 3120 1277 68-69)
3166 1193 3241 1263 ⁴in

650 1297 1133 1362 matrimonium
1197 1297 1449 1382 accepit
1506 1296 1766 1364 Sueten.
1828 1297 1869 1362 l.
1931 1296 1974 1363 l.
1992 1347 2009 1374 ,
2071 1297 2263 1364 schol.
2328 1298 2418 1364 ad
2474 1297 2758 1367 Juvenal.
2816 1303 2938 1364 sat.
2991 1303 3050 1376 6,
3093 1300 3239 1363 434.

656 1398 762 1464 Ex
827 1400 1132 1486 Poppaea
1185 1398 1429 1466 Sabina
1490 1399 1691 1465 filiam
1757 1400 1908 1466 tulit
1959 1398 2304 1467 Claudiam
2355 1399 2724 1486 Augustam
2783 1423 2841 1467 v.
2892 1402 3075 1483 infra
3123 1399 3239 1464 sub

656 1500 962 1570 Claudia.

701 1607 707 1613 “
782 1605 956 1671 Post*
984 1625 1209 1670 necem
1237 1604 1516 1669 Neronis
1560 1603 1745 1670 multi
1791 1628 1941 1671 eum
1983 1627 2398 1672 reversurum
2429 1628 2570 1672 esse
2598 1605 2950 1673 credebant
2978 1605 3240 1672 Sueton.

659 1707 744 1773 N.
770 1712 869 1786 67,
907 1705 1041 1773 Dio
1072 1705 1389 1791 OErysost.
1423 1713 1585 1772 orat.
1616 1713 1703 1774 21
1733 1708 1786 1773 Ι
1789 1731 1862 1793 p.
1884 1713 2012 1774 300
2041 1708 2135 1774 ed.
2166 1707 2473 1791 Dindorf,
2505 1708 2679 1774 unde
2708 1708 2926 1795 plures
2953 1708 3243 1773 Nerones

655 1808 800 1875 falsi
833 1810 1190 1875 extiterunt
1227 1809 1375 1875 Tac.
1404 1809 1466 1874 h.
1496 1816 1565 1888 2,
1594 1813 1671 1875 8.·
1716 1812 1782 1895 1)
1822 1810 2081 1877 Othone
2109 1812 2467 1898 imperante
2497 1834 2725 1877 servus
2761 1834 2799 1877 e
2827 1812 3036 1877 Ponto
3079 1811 3240 1893 sive,

653 1923 740 1978 ut·
767 1911 878 1978 alii
923 1912 1266 1995 tradidere,
1326 1910 1667 1977 libertinus
1713 1934 1796 1978 ex
1840 1911 2035 1979 Italia
2077 1913 2402 1979 Neronem
2464 1936 2534 1978 se
2587 1936 2726 1979 esse
2784 1911 3094 1979 simulans
3138 1910 3244 1976 ad-

653 2016 890 2081 iunctis
921 2015 1358 2082 desertoribus
1391 2014 1725 2101 Cythnum
1769 2015 2051 2081 insulam
2092 2018 2346 2099 invasit,
2396 2016 2510 2082 ubi
2548 2040 2588 2082 a
2617 2015 2974 2103 Calpurnio
3006 2015 3242 2100 Aspre-

655 2128 822 2201 nate,
857 2116 1156 2205 praeside
1185 2116 1498 2200 Galatiae,
1533 2139 1882 2204 oppressus
1913 2127 2011 2183 est
2044 2119 2193 2184 Tac.
2217 2118 2278 2183 h.
2302 2124 2368 2197 2,
2391 2123 2453 2185 8.
2482 2124 2541 2196 9,
2573 2117 2706 2185 Dio
2735 2124 2834 2197 64,
2859 2124 2900 2184 9
2922 2116 3245 2202 (Zonaras

657 2227 755 2298 11,
779 2220 920 2304 15)‚·
948 2220 1018 2304 2)
1048 2218 1215 2286 alius
1245 2218 1448 2285 falsus
1479 2220 1654 2285 Nero
1686 2221 1945 2286 nomine
1974 2220 2321 2287 Terentius
2349 2221 2678 2287 Maximus
2707 2221 2856 2287 Tito
2887 2222 3244 2307 imperante

655 2325 722 2387 in
770 2323 928 2388 Asia
973 2323 1188 2388 extitit
1232 2332 1297 2388 et
1339 2321 1424 2388 ad
1465 2322 1741 2389 Parthos
1785 2323 1956 2408 fugit
2001 2323 2298 2390 Zonaras
2339 2329 2438 2401 11,
2486 2329 2606 2403 18;
2661 2325 2731 2408 3)
2776 2324 3007 2390 tertius
3049 2321 3242 2388 homo

650 2425 1047 2492 condicionis
1106 2427 1392 2491 incertae
1452 2423 1574 2490 sub
1626 2426 2002 2491 Domitiano
2071 2428 2321 2510 extitit,
2390 2428 2503 2513 qui
2571 2450 2640 2492 se
2714 2426 3039 2492 Neronem
3103 2446 3245 2489 esse

652 2528 938 2595 iactabat
997 2539 1062 2593 et
1118 2550 1159 2593 a
1217 2525 1477 2594 Parthis
1533 2527 1954 2593 vehementer
2010 2529 2273 2594 adiutus
2320 2529 2435 2594 vix
2492 2529 2788 2594 redditus
2843 2538 2941 2595 est
2984 2527 3240 2595 Sueton.

653 2631 741 2697 N.
784 2634 872 2698 57
912 2632 995 2713 cf.
1039 2630 1234 2696 verba
1286 2630 1432 2696 Tac.
1478 2629 1538 2699 h.
1584 2636 1644 2709 1,
1689 2635 1739 2699 2
1786 2640 1986 2696 ‘mota
2027 2653 2230 2718 prope
2274 2632 2468 2697 etiam
2522 2654 2705 2697 arma
2762 2630 2908 2698 falsi
2964 2632 3244 2696 Neronis

653 2733 986 2800 ludibrio‘.

524 2838 644 2904 691
696 2837 1011 2904 Claudius
1043 2836 1362 2902 Etruscus
1391 2837 1510 2918 (sic
1543 2837 1795 2903 Statius
1822 2837 1962 2906 silv.
1982 2840 2201 2922 praef.
2235 2838 2276 2906 l.
2308 2843 2346 2904 1
2377 2842 2436 2903 et
2466 2844 2526 2916 3,
2575 2842 2848 2903 ceterum
2876 2837 3241 2919 Etruscus),

650 2941 899 3006 amicus
931 2938 1123 3006 Statii
1156 2949 1223 3004 et
1250 2939 1588 3023 Martialis,
1637 2961 1766 3026 quo
1797 2940 2190 3027 deprecante
2220 2950 2405 3027 pater
2428 2964 2470 3006 a
2498 2941 2874 3006 Domitiano
2917 2938 3004 3005 ab
3046 2937 3241 3004 exilio

652 3053 992 3109 revocatus
1037 3051 1134 3108 est
1179 3042 1482 3108 Martial.
1529 3043 1726 3127 epiyr.
1765 3047 1822 3120 6,
1852 3046 1956 3121 83,
2004 3043 2173 3111 Stat.
2210 3043 2348 3109 silv.
2378 3048 2439 3120 3,
2469 3048 2530 3126 3,
2558 3047 2680 3111 156
2707 3062 2873 3126 399.,·
2911 3041 2995 3106 de
3036 3051 3243 3106 morte

648 3147 851 3233 patris
896 3168 1041 3210 eum
1087 3146 1401 3211 consolati
1446 3154 1599 3211 sunt
1639 3145 1941 3213 Martial.
1988 3147 2184 3231 epiyr.
2232 3151 2289 3224 7,
2337 3151 2420 3211 40
2463 3151 2525 3211 et
2568 3145 2736 3214 Stat.
2780 3145 2919 3212 silv.
2964 3149 3026 3223 3,
3069 3148 3114 3209 3
3155 3144 3239 3225 cf.

647 3249 863 3334 praefi
897 3247 937 3314 l.
967 3252 1028 3313 3.
1100 3246 1421 3313 Balneum
1466 3245 1549 3311 ab
1596 3269 1668 3314 eo
1715 3257 2091 3313 extructum
2135 3246 2438 3314 laudatur
2474 3247 2777 3314 Martial.
2810 3248 3005 3331 epiyr.
3040 3251 3100 3325 6,
3128 3249 3237 3323 42,

650 3350 820 3418 Stat.
865 3349 1004 3418 adv.
1049 3355 1108 3427 1,
1143 3355 1185 3416 5
1229 3351 1312 3432 cf.
1346 3352 1565 3435 praef.
1614 3349 1654 3415 l.
1703 3356 1763 3416 1.

777 3452 1001 3518 Patris
1055 3452 1319 3519 nontina
1370 3473 1499 3518 non
1554 3451 1934 3533 traduntur3
1991 3475 2068 3519 ex
2124 3455 2375 3519 nomine
2417 3453 2561 3538 filii,
2623 3454 2733 3536 qui
2774 3472 3110 3537 coynomen
3154 3450 3236 3516 ab

646 3556 929 3623 Etrusca
970 3560 1174 3621 matre
1210 3556 1510 3639 sumpsit,
1567 3553 1890 3621 Claudius
1946 3558 2310 3623 nominatus
2351 3577 2485 3622 esse
2525 3555 2774 3621 videtwr
2788 3575 2809 3634 ‚·
2859 3576 3239 3638 quamquam

646 3680 724 3725 ex
784 3660 868 3723 iis
928 3679 1090 3742 quae
1147 3658 1221 3723 de
1268 3659 1405 3722 vita
1462 3662 1753 3723 constant
1810 3663 2084 3742 apparet
2126 3679 2265 3724 eum
2309 3660 2392 3725 ab
2436 3659 2817 3742 imperatore
2865 3657 2965 3723 Ti.
3012 3656 3236 3741 (Iulio)

647 3759 920 3828 Caesare
946 3782 1143 3826 manu
1170 3761 1430 3826 missum
1459 3780 1606 3826 esse.
1682 3760 1816 3827 Sed
1838 3765 1911 3825 ut
1943 3761 2201 3827 libertos
2231 3761 2569 3844 palatinos
2610 3761 2872 3826 nomimt
2909 3757 3238 3841 yentilicia

645 3886 724 3930 ex
762 3864 1123 3930 nominibus
1163 3864 1619 3947 imper-atonem
1659 3884 1789 3929 non
1828 3863 2018 3929 semel
2058 3868 2337 3930 mutasse
2372 3868 2617 3929 constat
2645 3861 2754 3945 (cf.
2784 3859 3233 3940 Friedlander‚

646 3965 1142 4048 Darstelhmyen
1184 3969 1296 4029 etc.
1342 3964 1427 4029 1⁶
1461 3986 1533 4047 p.
1566 3968 1648 4030 95
1692 3964 1839 4030 adn.
1876 3965 1968 4045 2),
2011 3966 2107 4030 ita
2148 3965 2252 4030 hic
2292 3986 2550 4049 9αο9ιιε,
2583 3969 2927 4048 postquam
2968 3962 3239 4029 Claudii

646 4090 911 4154 reynare
954 4072 1306 4152 coeperunt,
1348 4087 1575 4133 nomen
1618 4088 1835 4133 eorum
1879 4087 2124 4133 swmere
2153 4069 2385 4151 potuit.
2416 4104 2505 4116 -
2540 4068 2736 4133 Pater
2767 4064 3082 4131 oriundus
3110 4063 3236 4129 fuit

647 4195 731 4238 ex
776 4171 1014 4257 oppido
1046 4170 1329 4256 Smyrna
1373 4179 1439 4235 et
1479 4191 1646 4255 puer
1688 4192 1917 4234 servus
1955 4170 2225 4235 Romam
2270 4169 2525 4236 delatus
2571 4172 2637 4235 in
2682 4167 2991 4256 palatium
3032 4168 3229 4249 venit,

645 4274 760 4340 ubi
804 4271 1325 4340 adolescentulus
1370 4270 1455 4337 ab
1500 4273 1891 4358 imperatore
1934 4272 2197 4340 Tiberio
2242 4294 2440 4338 manu
2481 4273 2715 4337 missus
2761 4281 2859 4336 est
2889 4270 3058 4336 Stat.
3092 4269 3229 4338 silv.

641 4382 702 4455 3,
745 4382 807 4454 3,
851 4396 907 4444 υ.
952 4379 1202 4452 61-69;
1261 4376 1713 4461 imperatorem
1776 4374 1850 4441 C.
1896 4374 2241 4441 Caesarem
2298 4378 2365 4442 in
2426 4373 2676 4441 Gallias
2736 4375 3080 4439 comitatus
3136 4381 3234 4438 est

649 4479 779 4546 ibd.
824 4500 881 4545 v.
913 4483 995 4543 70
1025 4497 1175 4561 399.,
1222 4476 1307 4543 ab
1352 4478 1742 4564 imperatore
1783 4476 2055 4544 Claudio
2102 4478 2186 4543 ad
2227 4499 2497 4543 munera
2540 4475 2857 4563 ampliora
2897 4484 3230 4561 promotus

645 4582 774 4648 ibd.
816 4603 873 4647 v.
908 4585 986 4646 76
1013 4600 1180 4663 399.,·
1222 4602 1263 4644 a
1305 4581 1575 4646 summis
1621 4579 1981 4645 rationibus
2022 4602 2077 4645 v.
2119 4584 2205 4646 86
2246 4601 2375 4664 399.
2419 4583 2584 4645 certe
2625 4579 2743 4644 sub
2791 4577 3048 4644 Nerone
3079 4582 3233 4662 post

642 4684 1005 4751 Pallantem
1024 4732 1040 4760 ,
1098 4684 1375 4765 fortasse
1432 4702 1750 4748 successor
1808 4683 1946 4748 eius
1961 4732 1979 4761 ‚
2039 4684 2206 4766 quod
2259 4702 2487 4748 munus
2545 4702 2619 4748 ex
2680 4681 2886 4749 Statii
2948 4682 3232 4748 versibus

645 4791 914 4871 apparet
971 4807 1112 4851 evm
1153 4807 1280 4870 per
1333 4785 1498 4851 vices
1542 4790 1887 4869 temporum
1928 4787 2265 4851 retinuisse
2306 4790 2367 4852 et
2409 4785 2523 4851 sub
2569 4783 2949 4851 Domitiano
2990 4805 3231 4867 quoque

644 4888 1162 4967 administrassem
1191 4889 1259 4952 in
1289 4887 1581 4952 ordinem
1613 4896 1981 4973 equestrem
2016 4898 2312 4974 receptus
2340 4888 2472 4956 ibd.
2501 4909 2557 4953 v.
2589 4893 2713 4954 143
2738 4907 2868 4971 399.
2884 4907 2905 4965 ;
2934 4909 2975 4951 a
3002 4887 3227 4952 Domi-

645 4993 819 5057 tiano
865 5012 1066 5056 senex
1110 4991 1179 5055 in
1211 4988 1635 5076 Campaniam
1679 4987 2025 5072 relegatus,
2071 4989 2186 5054 sed
2229 4988 2425 5075 paulo
2472 4998 2619 5076 post
2658 4988 2791 5054 filio
2837 4988 3230 5075 deprecante

641 5102 984 5160 revocatus
1029 5094 1274 5160 Romae
1332 5090 1490 5157 obiit
1547 5113 1716 5157 anno
1777 5091 1914 5156 fere
1961 5092 2044 5157 92
2104 5114 2309 5158 annos
2366 5113 2569 5180 prope
2623 5092 2979 5177 nonaginta
3036 5100 3227 5157 natus

638 5195 770 5265 ibd.
813 5215 873 5260 v.
899 5199 1021 5263 156
1055 5216 1207 5280 399.,
1256 5193 1557 5262 Martial.
1591 5199 1652 5272 6,
1679 5197 1802 5275 83,-
1844 5198 1902 5273 7,
1931 5199 2039 5261 40.
2704 5294 2816 5351 24.
