3859 5992
617 494 937 551 CLODIVS
1903 488 2034 555 419
3001 498 3319 556 CLODIVS

745 690 953 758 Greek
1011 694 1183 757 coins
1239 694 1309 758 in
1368 693 1468 758 the
1510 693 1764 759 British
1824 695 2119 760 Museum
2137 747 2151 773 ,
2212 696 2619 761 Alexandria
2660 718 2720 761 n.
2753 701 2934 762 1834.
2978 700 3146 761 1837
3172 716 3321 779 sqq„

746 792 820 859 A.
854 793 931 861 K.
961 794 1046 861 M.
1079 794 1249 862 Κλω.
1291 796 1483 862 Πουπ.
1521 796 1791 883 Μάξιμος
1835 799 1977 885 Σεβ.
2019 819 2083 863 n.
2118 802 2299 863 1836.
2382 799 2546 864 Item
2588 800 2921 885 Pupienus
2950 798 3325 882 plerumque

743 899 811 963 in
842 898 1111 962 nummis
1139 897 1399 980 reliquis
1423 900 1505 981 cf.
1531 899 1877 983 (Berliner)
1899 900 2274 983 Zeitschrift
2298 903 2409 984 fiir
2440 901 2872 967 Numismatik
2910 901 3094 967 VIII
3113 902 3326 988 (1881)

735 1024 810 1084 p.
854 1005 960 1067 27.

871 1102 1071 1187 Apud
1109 1104 1480 1186 scriptores:
1524 1103 1789 1170 Clodius
1829 1105 2160 1193 Pupienus
2196 1106 2408 1171 Victor
2446 1105 2625 1175 Caes.
2656 1112 2761 1183 26,
2795 1106 3061 1173 Clodius
3098 1107 3185 1176 id.
3216 1113 3323 1186 27,

746 1207 1078 1292 Pupienus
1136 1206 1405 1290 Eutrop.
1459 1211 1514 1285 9,
1575 1214 1614 1273 1
1673 1205 1844 1287 (inde
1897 1209 2264 1294 Hieronym.
2314 1208 2586 1274 chronic.
2646 1209 2734 1274 ad
2789 1232 2848 1275 a.
2906 1210 3069 1278 Abr.
3129 1214 3322 1289 2256,

750 1309 926 1376 Oros.
963 1314 1020 1386 7,
1049 1309 1171 1391 19),
1218 1310 1511 1392 Epitome
1539 1314 1644 1387 26,
1686 1310 2237 1395 Chronoyraplzus,
2278 1312 2597 1377 Polemius
2638 1312 2790 1378 Silv.
2836 1313 3047 1380 chron.
3094 1315 3247 1379 min.
3272 1315 3324 1380 I

738 1434 811 1496 p.
833 1417 995 1491 521,·
1024 1412 1350 1476 Maximus
1380 1433 1621 1496 semper
1650 1413 1827 1497 apud
1846 1414 2303 1493 Herodianum,
2336 1416 2571 1481 Zosim.
2597 1421 2655 1492 1,
2686 1420 2782 1492 14,
2817 1415 3054 1483 Zonar.
3086 1422 3192 1494 12,
3224 1422 3323 1495 16,

744 1514 1109 1599 Dexippum
1153 1519 1303 1580 teste
1339 1514 1700 1599 Capitolino
1744 1517 1855 1599 qui
1894 1517 2101 1597 fertur
2140 1520 2244 1583 vit.
2294 1517 2651 1582 Maximini
2684 1522 2790 1594 32,
2835 1523 2893 1596 3,
2945 1519 3231 1583 Maximi
3270 1524 3330 1584 et

743 1617 1019 1683 Balbini
1046 1623 1103 1694 1,
1127 1623 1210 1696 2,·
1237 1622 1336 1696 15,
1360 1622 1417 1695 5,
1457 1619 1554 1683 ita
1581 1624 1653 1683 ut
1679 1624 1844 1684 recte
1872 1619 1976 1683 liic
2008 1620 2363 1685 observasse
2390 1619 2681 1685 videatur
2704 1641 2966 1703 yraecos
2994 1623 3331 1704 scriptores

749 1720 1049 1803 colleyam
1090 1720 1366 1786 Balbini
1404 1722 1762 1786 nominasse
1805 1722 2184 1799 Maximum,
2240 1722 2470 1787 latinos
2511 1722 2866 1806 Pupienum
2911 1724 3218 1806 (traditur
3260 1726 3331 1788 in

749 1825 895 1888 vitis
951 1823 1095 1891 hist.
1140 1823 1473 1907 Auyustae
1527 1843 1768 1906 semper
1828 1825 2180 1911 Puppien-)
2239 1827 2346 1890 vit.
2403 1825 2759 1891 Maximini
2810 1831 2910 1904 33,
2960 1830 3108 1892 3-5.
3205 1827 3332 1894 Sed

746 1926 1086 1991 ridiculum
1129 1927 1198 1991 in
1239 1926 1492 1991 modum
1534 1926 1697 1991 idem
1740 1932 1962 1991 auctor
2007 1928 2241 1992 titubat
2282 1928 2462 1993 modo
2498 1928 2861 1993 Maximum
2906 1930 3163 1994 ctmdem
3200 1949 3331 1994 esse

752 2035 936 2111 atquc
995 2028 1353 2112 Pupienum
1409 2030 1721 2094 coniciens
1787 2029 1970 2094 modo
2030 2030 2303 2094 diversos
2366 2051 2607 2112 ponens
2666 2031 2746 2112 cf.
2808 2033 2912 2094 vit.
2978 2031 3335 2096 Maximini

750 2137 854 2209 24,
899 2137 958 2209 5,
1011 2131 1486 2197 Gordianorum
1528 2137 1626 2209 10,
1672 2137 1729 2208 1,
1779 2132 2066 2197 Maximi
2107 2137 2165 2197 et
2206 2131 2481 2198 Balbini
2518 2138 2577 2209 1,
2622 2139 2704 2212 2,·
2761 2139 2858 2211 11,
2906 2139 2979 2212 1,·
3021 2139 3120 2211 15,
3164 2138 3297 2199 4-5
3312 2154 3333 2212 ,·

751 2241 850 2314 16,
895 2239 960 2303 2.
1008 2240 1065 2299 7.
1110 2272 1197 2280 ——
1249 2234 1431 2316 Quod
1484 2234 1586 2298 hic
1645 2234 1878 2299 dicitur
1929 2234 2111 2299 modo
2156 2235 2490 2320 Pupienus
2532 2234 2718 2300 modo
2761 2236 3136 2321 PupieniuS,
3189 2256 3330 2300 con-

751 2339 919 2421 ferri
961 2342 1173 2421 potest
1215 2337 1383 2419 qnod
1433 2337 1726 2402 similiter
1766 2339 2107 2402 variantur
2149 2339 2397 2420 formae
2440 2339 2788 2403 Passienus
2833 2344 2893 2403 et
2937 2339 3329 2418 PassieniuS,

754 2439 1053 2506 Alfenius
1114 2445 1173 2505 et
1233 2439 1505 2505 Alfenus
1565 2440 1657 2523 (in
1720 2440 1926 2505 eodem
1983 2442 2258 2523 fortasse
2315 2441 2562 2506 homine
2616 2462 2816 2523 supra
2867 2440 2931 2505 A
2976 2445 3115 2506 375.
3161 2440 3327 2523 3761).

757 2546 934 2626 Quae
959 2564 1063 2608 res
1091 2543 1237 2608 inde
1266 2542 1644 2626 explicanda
1685 2542 1951 2620 videtur,
1995 2543 2162 2625 qnod
2201 2544 2479 2609 homines
2524 2544 2754 2609 aetatis
2786 2544 3162 2626 posterioris
3204 2564 3332 2608 non

755 2649 888 2713 iam
930 2647 1282 2712 sentiebant
1334 2647 1600 2710 rariora
1640 2647 1903 2711 nomina
1949 2646 2243 2711 cadentia
2284 2648 2353 2711 in
2394 2668 2577 2712 -enus
2617 2668 2770 2711 vcra
2819 2666 2949 2711 esse
2986 2645 3332 2729 yentilicia.

883 2749 1172 2814 Maximo
1232 2759 1415 2834 pater
1476 2748 1600 2814 fuit
1643 2748 1968 2812 Maximus
2030 2771 2197 2813 unus
2241 2772 2275 2812 e
2320 2748 2538 2835 plebe,
2608 2759 2681 2814 ut
2739 2748 3033 2814 nonnulli
3087 2747 3331 2833 dicunt,

755 2852 939 2918 faber
990 2851 1331 2933 ferrarius-⁵,
1393 2860 1466 2915 ut
1527 2849 1636 2915 alii
1698 2849 2063 2934 raedariuS,
2124 2862 2331 2915 mater
2388 2852 2607 2915 Prima
2648 2853 2754 2919 vit.
2805 2851 2989 2917 Max.
3038 2858 3096 2918 et
3138 2852 3331 2918 Balb.

750 2962 809 3034 4,
856 2959 1030 3034 1-2;
1079 2953 1382 3037 ignobilis
1425 2975 1664 3038 genere
1708 2954 1816 3019 vit.
1860 2953 2219 3018 Maximini
2259 2958 2366 3031 20,
2411 2960 2469 3019 1.
2567 2955 2919 3019 Pueritiam
2966 2976 3219 3019 omnem
3267 2957 3332 3020 in

752 3060 942 3124 domo
982 3059 1271 3146 parentis
1303 3058 1549 3121 Pinarii
1579 3056 1765 3139 feeit3
1812 3078 2077 3144 operam
2118 3059 2536 3139 grammatico
2581 3079 2660 3121 ac
2703 3057 2944 3121 rhetori
2988 3079 3120 3122 non
3164 3058 3325 3123 mul·

752 3174 889 3228 ttun
921 3161 1117 3243 dedit,
1164 3162 1218 3224 si
1249 3159 1512 3246 quidem
1545 3182 1800 3246 semper
1826 3160 2052 3224 virtuti
2090 3159 2355 3223 militari
2401 3159 2682 3241 studuitt,
2729 3160 3025 3225 tribunus
3055 3161 3331 3226 militum

750 3266 876 3330 fuit
919 3275 985 3330 et
1026 3263 1264 3328 multos
1304 3265 1438 3347 egit
1481 3284 1781 3327 numeros
1827 3272 1892 3326 et
1936 3272 2160 3348 postea
2210 3272 2580 3348 praeturam
2631 3274 2896 3348 sumptu
2941 3264 3335 3328 Pescenniae

751 3367 1186 3450 Marcellinae,
1220 3388 1386 3452 quae
1419 3365 1599 3430 illum
1629 3364 1771 3429 loco
1802 3363 1917 3429 filii
1950 3368 2237 3452 suscepit
2277 3375 2342 3430 et
2370 3364 2563 3447 aluit3
2610 3364 2762 3430 inde
2804 3365 3334 3450 proconsulatum

753 3472 1103 3556 Bithyniae
1146 3472 1281 3553 egit
1324 3478 1388 3533 et
1431 3468 1736 3554 deinceps
1782 3470 2100 3536 Graeciae
2135 3491 2211 3532 ac
2258 3470 2447 3533 tertio
2491 3467 2831 3550 Narbone3
2875 3469 3109 3533 missus
3153 3491 3335 3553 prae-

752 3585 930 3640 terea
984 3573 1235 3657 legatus
1283 3574 1610 3639 Sarmatas
1661 3574 1727 3635 in
1772 3570 2036 3656 Illyrico
2086 3571 2378 3637 contudit
2420 3582 2614 3657 atque
2668 3571 2819 3635 inde
2862 3570 3211 3636 translatus
3251 3571 3331 3636 ad

752 3678 1050 3744 Rhenum
1096 3699 1231 3740 rem
1278 3686 1504 3741 contra
1530 3673 1889 3739 Germanos
1934 3677 2092 3739 satis
2136 3673 2410 3739 feliciter
2452 3675 2651 3758 gessit
2679 3675 2787 3737 vit.
2822 3673 3011 3738 Max.
3042 3679 3101 3739 ct
3137 3673 3328 3739 Balb.

749 3785 807 3856 4,
852 3785 1006 3857 3-9,
1067 3780 1130 3846 ἐν
1192 3783 1442 3850 πολλαῖς
1499 3779 1911 3864 στρατοπέδων
1972 3782 2187 3864 ἀρχαῖς
2241 3777 2559 3865 γενόμενος
2616 3776 2968 3842 Herodian.
3019 3782 3078 3852 7,
3124 3782 3222 3854 10,
3268 3782 3327 3842 4.

754 3881 984 3949 Consul
1027 3883 1078 3948 I
1101 3881 1402 3961 suffectus
1458 3902 1626 3945 anno
1670 3883 1908 3946 incerto
1953 3880 2195 3945 saeculi
2236 3881 2410 3945 tertii
2451 3880 2760 3958 ineuntis,·
2819 3877 3179 3943 consularis
3223 3880 3332 3943 vit.

753 3986 939 4050 Max.
987 3990 1046 4051 et
1089 3984 1281 4049 Balb.
1315 3990 1373 4060 1,
1405 3990 1470 4060 2,
1515 3983 1825 4048 Gordian.
1871 3988 1985 4059 22,
2032 3987 2091 4046 1.
2167 3982 2542 4046 Praefectus
2588 3982 2736 4047 urbi
2781 3980 3133 4047 Herodian.
3184 3981 3223 4046 l.
3273 3981 3335 4060 l„

750 4089 859 4154 vit.
909 4087 1098 4152 Max.
1140 4093 1249 4164 20,
1295 4092 1353 4163 1,
1417 4085 1605 4150 Max.
1667 4090 1726 4149 et
1781 4085 1975 4150 Balb.
2033 4090 2107 4161 4,
2165 4090 2266 4148 10.
2371 4082 2614 4150 Consul
2672 4085 2741 4148 Π
2800 4082 3124 4168 (suffectus
3165 4105 3334 4148 anno

749 4189 1012 4273 incerto)
1054 4191 1298 4255 nummi
1349 4188 1558 4255 Colien
1599 4209 1661 4254 n.
1698 4193 1937 4265 26-30,
1988 4192 2030 4252 t.
2075 4193 2133 4252 6.

877 4294 1069 4359 Anno
1115 4295 1239 4358 238
1286 4303 1546 4358 senatus
1592 4301 1932 4377 postquam
1978 4291 2288 4376 comperit
2327 4289 2693 4356 Gordianos
2739 4290 2808 4352 in
2842 4287 3068 4353 Africa
3110 4294 3336 4352 contra

752 4398 1182 4462 Maximinum
1243 4397 1583 4480 imperium
1647 4396 2030 4479 sumpsisse,
2095 4394 2327 4477 viginti
2374 4395 2550 4457 viros
2604 4415 2688 4456 ex
2733 4401 2996 4457 senatus
3042 4388 3334 4454 consulto

754 4502 845 4565 rei
891 4500 1189 4586 publicae
1220 4499 1547 4564 curandae
1577 4499 1841 4579 creavit,
1885 4498 2052 4561 inter
2083 4519 2245 4582 quos
2274 4497 2539 4561 fuerunt
2569 4495 2896 4560 Maximus
2929 4504 2991 4558 et
3020 4492 3334 4558 Balbinus

752 4604 1046 4669 Zosimus
1086 4609 1143 4679 1,
1191 4607 1287 4679 15,
1334 4603 1442 4666 vit.
1488 4600 1800 4666 Gordian.
1850 4605 1953 4675 10,
1999 4604 2073 4677 1,·
2115 4604 2226 4675 22,
2276 4604 2315 4663 1
2374 4599 2455 4680 cf.
2510 4619 2670 4679 quae
2729 4597 3034 4662 adnotavi
3075 4619 3147 4680 p.
3180 4601 3331 4662 260.

753 4707 912 4771 Post
969 4716 1243 4771 mortem
1304 4704 1581 4769 duorum
1629 4702 2107 4770 Gordianorum
2169 4711 2430 4765 senatus
2474 4700 2832 4765 Maximum
2877 4710 2942 4766 et
2984 4698 3332 4765 Balbinum

751 4811 1173 4895 imperatores
1232 4809 1479 4872 creavit
1523 4806 1876 4871 Herodian.
1927 4811 1983 4882 7,
2027 4810 2128 4881 10,
2184 4806 2293 4869 vit.
2347 4802 2660 4869 Gordian.
2703 4809 2816 4878 22,
2864 4809 2922 4880 1,
2982 4803 3090 4867 vit.
3140 4801 3328 4866 Max.

753 4918 813 4978 et
845 4912 1222 4979 Balb.1-3.
1291 4911 1453 4975 Inde
1499 4912 1857 4996 Imperator
1903 4908 2145 4974 Caesar
2181 4906 2269 4974 M.
2319 4906 2583 4971 Clodius
2630 4907 2960 4990 Pupienus
3004 4906 3331 4971 Maximus

748 5016 1082 5100 Augustus
1124 5016 1192 5079 in
1237 5014 1440 5080 titulis
1480 5014 1867 5094 numinisque
1908 5034 1964 5075 v.
2008 5031 2241 5093 supra,·
2282 5012 2350 5073 in
2381 5030 2634 5093 papyro
2678 5008 2997 5090 titulisque
3029 5014 3176 5085 1-5,
3218 5009 3333 5072 ubi

751 5118 874 5183 duo
932 5119 1213 5201 Auyusti
1265 5119 1694 5193 nominantur,
1749 5115 1977 5198 priore
2035 5113 2169 5179 loco
2225 5133 2466 5195 semper
2529 5111 2855 5195 Pupienus
2885 5111 3158 5241 *positus
3222 5117 3328 5178 est.

2803 5213 2870 5267 27
