3859 5992
577 589 734 644 ANT
758 628 985 644 ......
1892 578 1972 645 81
2912 592 3290 649 ANTINOVS

707 789 855 849 sunt
908 805 1104 866 neque
1163 788 1325 849 certe
1378 784 1864 868 diynoscuntur5
1924 782 2247 849 saeculum
2307 786 2560 851 tertium
2617 787 2886 853 adlectio
2941 790 3107 855 inter
3151 810 3295 854 con—

708 887 954 952 sulares
998 893 1057 951 et
1087 888 1506 972 praefectura
1532 884 1865 953 'Miniciae
1905 888 2069 952 satis
2110 887 2417 953 indicant.

580 992 709 1056 562
751 1000 819 1056 L.
879 999 1033 1055 ANT
1058 1040 1287 1057 ......
1311 1040 1328 1075 ,
1397 991 1646 1074 origine
1704 989 2206 1073 MaotaritanuS,
2258 1044 2273 1059 .
2300 1041 2318 1056 .
2374 991 2514 1056 Ant
2536 1041 2551 1057 .
2581 1043 2597 1058 .
2624 1042 2639 1057 .
2666 1042 2681 1057 .
2741 994 2867 1058 viri
2935 994 3295 1060 consularis

654 1164 670 1178 ⁸
704 1092 895 1176 filius,
928 1094 1102 1158 Xvir
1144 1092 1428 1158 stlitibus
1474 1092 1851 1175 iudicandis,
1902 1115 2099 1179 eques
2129 1093 2462 1160 Romanus
2490 1101 2877 1161 memoratur
2904 1099 2974 1162 in
3012 1102 3055 1162 t.
3075 1097 3297 1181 patris

711 1195 1157 1260 Mactaritano
1205 1195 1391 1260 VIII
1424 1195 1495 1261 S.
1526 1199 1750 1272 11810,
1795 1195 1938 1261 vide
1979 1197 2051 1261 in
2079 1201 2295 1279 patre.

579 1298 708 1363 563
751 1296 1159 1382 Antabagius
1173 1348 1191 1382 ‚
1250 1296 1388 1362 dux
1445 1296 1695 1363 Tiberii
1754 1320 1870 1384 per
1913 1299 2334 1366 Germaniam
2379 1300 2946 1366 Transrhenanam
2990 1301 3074 1367 ad
3090 1366 3100 1373 ,
3118 1302 3292 1367 Dru-

706 1420 849 1463 sum
893 1399 1352 1466 moribundum
1394 1399 1791 1487 pervolantis
1841 1400 2051 1466 Valer.
2099 1401 2378 1468 Maxim.
2414 1407 2475 1481 5,
2504 1407 2563 1480 5,
2594 1408 2654 1471 3.

579 1502 709 1567 564
751 1501 1082 1569 *Antaeus
1128 1504 1363 1568 citatur
1407 1525 1450 1567 a
1493 1502 1702 1569 Paulo
1744 1502 1993 1587 Diqest.
2038 1508 2140 1581 39,
2171 1510 2232 1582 3,
2265 1511 2346 1571 14
2377 1528 2507 1588 pr„
2554 1505 2786 1571 Ateius
2842 1506 2995 1572 libri
3034 1507 3297 1572 secundi

712 1605 975 1671 ordinis.

580 1708 708 1772 565
752 1717 1098 1773 ANTEIVS.
1193 1709 1430 1773 ‘Missis
1495 1708 1580 1774 ad
1646 1731 1877 1775 census
1939 1709 2301 1778 Galliarum
2366 1712 2435 1777 Ρ.
2496 1709 2760 1777 Vitellio
2821 1718 2887 1774 et
2941 1709 3015 1776 O.
3073 1709 3292 1795 Antio,

713 1808 911 1874 Silius
953 1819 1019 1875 et
1060 1809 1337 1875 Anteius
1384 1820 1447 1876 et
1491 1811 1773 1877 Caecina
1814 1810 2236 1877 fabricandae
2280 1812 2467 1878 classi
2513 1821 3024 1899 praeponuntur'
3079 1814 3165 1895 (a.
3215 1815 3296 1879 16

709 1934 772 1998 p.
819 1910 923 1997 O.)
976 1913 1125 1981 Tac.
1173 1934 1233 1977 a.
1271 1919 1336 1991 2,
1383 1918 1442 1992 6,
1499 1914 1616 1979 ubi
1663 1915 1858 1980 verba
1915 1924 1981 1979 et
2024 1916 2301 1980 Anteius
2358 1915 2669 1999 ylossema
2733 1919 2938 1980 ortum
2996 1936 3074 1980 ex
3105 1936 3294 1997 prae-

711 2014 1066 2080 cedentibus
1110 2025 1175 2080 et
1212 2015 1286 2081 C.
1326 2015 1526 2081 Antio
1563 2018 1701 2082 sine
1741 2016 1974 2082 idonea
2018 2037 2217 2082 causa
2257 2017 2565 2082 iudicavit
2609 2016 2995 2101 Nipperdey.

582 2117 710 2183 566
753 2126 1081 2182 ANTEIVS
1128 2140 1169 2183 a
1210 2116 1376 2183 Gaio
1417 2121 1485 2184 in
1531 2119 1799 2184 exilium
1845 2129 2027 2184 actus
2072 2130 2136 2185 et
2181 2123 2431 2186 occisus
2476 2119 2724 2203 Ioseph.
2771 2124 2903 2185 ant.
2943 2125 3045 2199 19,
3090 2126 3148 2199 1,
3197 2126 3293 2186 15.

580 2221 707 2285 567
752 2229 1100 2301 ANTEIVS,
1147 2220 1392 2286 ordinis
1420 2223 1728 2287 senatorii
1758 2223 1876 2306 vir,
1911 2221 2084 2287 filius
2113 2222 2310 2288 Antei
2340 2246 2380 2288 a
2409 2221 2575 2288 Gaio
2607 2224 2802 2287 occisi
2843 2233 2991 2309 post
3035 2223 3297 2289 eaedem

708 2325 835 2391 Gai
878 2324 1257 2389 interfectus
1298 2323 1548 2407 Ioseph.
1595 2328 1728 2389 ant.
1772 2329 1873 2403 19,
1918 2329 1979 2402 1,
2022 2329 2120 2390 15.

579 2427 705 2491 568
751 2436 814 2490 Ρ.
859 2435 1207 2509 ANTEIVS,
1249 2426 1498 2511 legatus
1543 2422 1661 2513 pro
1705 2449 1803 2513 pr.
1850 2426 2217 2492 Dalmatiae
2261 2450 2319 2492 a.
2352 2426 2544 2494 51l52
2589 2428 2722 2493 III
2758 2433 2928 2493 1977
2960 2433 3001 2496 t.
3037 2427 3295 2495 Saloni-

713 2533 937 2607 tanus;
993 2551 1052 2597 a.
1097 2530 1179 2595 55
1243 2531 1301 2592 ei
1349 2529 1543 2614 Syria
1600 2529 1954 2614 destinata,
2019 2530 2134 2595 sed
2187 2531 2386 2595 variis
2440 2552 2595 2596 mox
2654 2529 2904 2596 artibus
2953 2530 3171 2595 elusus
3216 2529 3299 2595 ad

712 2640 1110 2716 postremum
1170 2633 1239 2696 in
1298 2632 1461 2698 urbe
1517 2641 1804 2698 retentus
1864 2642 1963 2698 est
2019 2634 2166 2699 Tac.
2214 2655 2275 2700 a.
2320 2637 2419 2711 13,
2464 2638 2561 2700 22
2572 2653 2594 2712 ;
2653 2656 2710 2701 a.
2756 2634 2841 2699 66
2885 2632 2969 2698 ab
3012 2632 3297 2698 Antistio

712 2734 981 2799 Sosiano
1027 2734 1202 2820 apud
1244 2734 1571 2800 Neronem
1615 2735 1886 2821 delatus,
1932 2737 2040 2800 eui
2084 2737 2331 2801 invisus
2377 2745 2518 2801 erat
2559 2725 2831 2802 earitate
2874 2736 3298 2823 Agrippinae,

715 2858 786 2901 se
829 2836 1156 2902 interfecit
1196 2836 1327 2901 ibd.
1365 2842 1464 2915 16,
1505 2843 1604 2902 14.

583 2939 713 3004 569
755 2948 1062 3023 ANTEIA,
1109 2938 1415 3004 Helvidio
1448 2940 1671 3004 Prisco
1718 2940 2011 3022 (iuniori)
2055 2948 2275 3025 nupta,
2324 2939 2475 3004 dein
2518 2939 2705 3006 alteri
2750 2940 3006 3005 cuidam
3038 2940 3299 3005 Plinius

711 3064 805 3125 ep.
851 3048 909 3119 9,
953 3046 1051 3117 13,
1096 3046 1156 3107 4.
1202 3046 1261 3107 5.
1306 3047 1404 3107 16.

600 3182 692 3191 —
760 3153 1095 3208 NERATIA
1141 3153 1429 3208 ANTEIA
1473 3152 1757 3209 RVFINA
1803 3153 2090 3209 NAEVIA
2135 3154 2493 3211 DECIANA.

581 3248 712 3312 570
756 3248 1052 3331 AnteroS,
1101 3246 1351 3313 Tiberii
1396 3247 1670 3314 libertus
1716 3270 1913 3334 supra
1958 3248 2350 3314 hereditates
2396 3248 2775 3314 Scribonius
2818 3251 3076 3332 Laryus
3107 3253 3253 3315 162.

600 3387 689 3396 —
755 3351 833 3415 T.
879 3349 1149 3415 Flavius
1193 3351 1681 3416 Anterotianus.

580 3454 703 3519 571
752 3452 1101 3519 Anthimus
1166 3459 1554 3519 memoratur
1614 3455 1685 3518 in
1739 3474 1996 3537 papyro
2061 3454 2375 3519 Parisina
2431 3476 2658 3538 yraece
2723 3457 2967 3539 scripta
3033 3455 3299 3520 Hermes

711 3556 851 3621 XX
864 3556 1007 3621 VII
1025 3556 1244 3640 (1892)
1277 3580 1350 3639 p.
1382 3562 1508 3621 467
1518 3577 1539 3635 ,·
1570 3558 1974 3640 praefectum
2002 3556 2281 3642 Aeyypti
2323 3580 2381 3622 a.
2416 3563 2536 3623 115
2579 3558 2880 3635 Wdclcen,
2928 3560 3040 3639 qui
3081 3557 3295 3634 edidit,

712 3660 1036 3742 agnovisse
1079 3659 1207 3723 sibi
1241 3661 1415 3724 visus
1459 3663 1551 3724 est
1582 3681 1653 3742 p.
1683 3664 1824 3736 476,
1869 3681 2022 3724 num
2064 3665 2229 3725 recte
2275 3660 2565 3725 dubitari
2590 3666 2821 3743 potest.

581 3763 711 3828 572
755 3811 940 3828 .....
965 3771 1056 3826 VS
1101 3771 1504 3846 ANTIANVS,
1550 3761 1802 3845 legatus
1832 3763 2004 3846 Aug.
2052 3786 2148 3849 pr.
2197 3786 2290 3849 pr.
2338 3764 2711 3828 Pannoniae
2756 3762 3081 3828 inferioris
3127 3762 3297 3827 dedi-

710 3868 874 3929 cavit
941 3887 1057 3950 pro
1125 3863 1330 3930 salute
1390 3875 1454 3929 et
1510 3866 1946 3950 perpetuitate
2006 3868 2158 3952 imp.
2217 3865 2514 3931 Caesaris
2581 3865 2716 3949 [M.]
2774 3863 3003 3929 Aureli
3067 3864 3297 3929 mli!

713 3969 785 4034 P.
833 3967 1070 4033 Felicis
1115 3967 1284 4051 Aug.
1333 3973 1376 4032 t.
1420 3969 1493 4031 in
1536 3989 1692 4051 ayro
1735 3969 2128 4050 Aquincensi
2167 3974 2484 4052 repertum
2529 3968 2663 4033 III
2692 3972 2873 4035 3637.
2935 3969 3298 4053 Imperator

714 4072 789 4136 P.
834 4069 1027 4135 Felix
1071 4072 1264 4154 Aug„
1315 4072 1494 4135 cuius
1535 4091 1761 4135 nomen
1804 4092 2056 4136 erasum
2100 4077 2208 4147 est,
2253 4092 2383 4137 non
2425 4072 2554 4153 fuit
2599 4076 2745 4135 ante
2778 4069 3195 4136 Commodum.

583 4175 711 4240 573
757 4181 1204 4256 ANTIGONVS‚
1253 4172 1538 4259 Philippi
1582 4172 1916 4238 cuiusdam
1964 4173 2156 4257 filius,
2202 4173 2497 4257 MacedO,
2547 4173 2844 4238 tribunus
2887 4172 3169 4239 militum
3213 4173 3297 4239 ab

711 4275 1042 4340 Antonino
1105 4275 1332 4340 Severi
1389 4275 1523 4340 filio
1584 4274 1938 4342 honoribus
1995 4276 2388 4341 militaribus
2449 4285 2712 4341 ornatus
2774 4285 2838 4340 et
2891 4277 3060 4342 inter
3117 4299 3297 4363 prae·

714 4381 911 4443 torios
949 4376 1238 4443 adlectus
1268 4388 1366 4442 est
1394 4378 1526 4443 Dio
1557 4383 1655 4455 77,
1688 4383 1747 4446 8.
1817 4378 1996 4444 Idem
2038 4383 2425 4443 memoratur
2453 4380 2523 4443 in
2565 4384 2608 4443 t.
2644 4378 2962 4446 Suessano
2994 4379 3300 4462 Philippo

704 4483 896 4566 patri
936 4480 1222 4546 dedicato
1268 4481 1318 4546 Ι
1319 4480 1435 4547 GI
1458 4485 1584 4546 888
1626 4511 1711 4535 =
1751 4480 1917 4547 GIG
1958 4485 2138 4548 5822
2179 4482 2501 4549 Αὖσωνίων
2546 4484 2769 4550 ὑπάτου
2814 4483 3041 4570 πατέρα
3085 4484 3296 4548 κλυτὸν

715 4583 1067 4671 Ἀντιγόνοιο
1112 4585 1302 4673 θρέψε
1339 4583 1702 4673 Μακεδονίῃ,
1750 4586 1956 4657 δέξατο
2001 4584 2056 4650 δ’
2106 4584 2340 4673 Ἰταλίη.
2398 4585 2808 4651 Consularem
2850 4587 3049 4669 iyitur
3093 4585 3295 4668 diyni-

712 4692 905 4752 tatem
950 4693 1180 4771 postea
1235 4687 1498 4771 adeptus
1557 4694 1678 4765 est,
1738 4688 1811 4753 id
1865 4688 2033 4771 quod
2074 4710 2420 4772 perperam
2479 4690 2730 4773 negavit
2779 4690 2835 4753 is
2878 4690 2989 4770 qui
3027 4689 3298 4754 indicem

711 4790 1209 4873 Inscriptionum
1248 4789 1646 4856 Graecarum
1693 4792 1934 4857 Italiae
1979 4793 2248 4874 confecit
2277 4814 2350 4875 p.
2386 4796 2521 4856 734.

604 4930 689 4938 —
757 4893 1013 4978 Spieius
1058 4893 1448 4977 Antigonus.

583 4995 710 5061 574
753 4994 1110 5080 Antinous,
1173 5006 1351 5062 ortus
1410 5019 1493 5061 ex
1554 4995 1713 5061 urbe
1760 4996 2069 5082 Bithynio
2129 4999 2266 5061 sive
2313 4995 2723 5084 Claudiopoli
2767 4996 3115 5081 Bithyniae
3165 4995 3298 5061 Dio

711 5103 809 5175 69,
852 5103 950 5176 11,
1011 5099 1383 5165 Pausanias
1424 5105 1485 5179 8,
1532 5105 1592 5178 9,
1642 5106 1698 5177 7,
1756 5100 1999 5165 nummi
2039 5099 2340 5183 Bithynii
2381 5100 2633 5166 Eckhel
2679 5099 2781 5165 VI
2799 5121 2869 5181 p.
2899 5101 3044 5175 552,
3108 5108 3297 5163 natus

714 5199 775 5267 d.
819 5203 901 5267 27
948 5204 1186 5267 mensis
1229 5202 1617 5269 Novembris
1663 5204 1860 5287 (anno
1885 5203 2151 5287 incerto)
2181 5202 2371 5269 XIV
2386 5209 2563 5270 2112
2600 5210 2644 5265 Ι
2663 5208 2720 5267 6.
2767 5208 2850 5263 11
2876 5206 2981 5277 12,
3028 5199 3298 5266 deliciae

694 5310 1118 5366 Prosopographia
1142 5311 1271 5367 lmp.
1300 5311 1439 5356 Rom.
1490 5312 1532 5356 1.
2858 5304 2891 5357 6
3023 5370 3032 5378 ⁸
