3859 5992
499 554 889 617 oALVISIVS
1787 550 1918 614 295
2923 564 3211 621 GALVVS

499 752 627 819 292
672 750 994 821 Calvisius
1061 752 1318 821 Taurus
1394 752 1512 834 (sio
1565 753 1754 837 plene
1823 755 2105 832 Gelliam,
2175 761 2444 823 ceterum
2510 757 2829 842 Taurus),
2905 759 3214 846 Berytius

509 896 512 901 -
631 854 874 921 Suidas
914 875 965 923 6.
1006 876 1060 920 v.
1109 854 1357 941 Ταῦρος,
1406 855 1833 940 Hieronymus
1879 857 1968 923 ad
2009 880 2067 925 a.
2115 859 2277 931 Abr.
2326 865 2526 937 2161,
2578 861 2908 943 Syncellus
2937 885 3011 946 p.
3053 867 3214 941 662;

630 956 1050 1045 philosophus
1097 957 1469 1024 Platonicus
1529 958 1650 1023 sub
1697 959 2029 1024 Antonino
2084 962 2200 1026 Pio
2247 967 2535 1028 auctores
2592 962 2862 1040 laudati,
2924 964 3210 1050 aequalis

633 1059 848 1143 Gellii,
898 1062 1009 1146 qui
1035 1060 1318 1126 Athenis
1350 1060 1637 1126 scholam
1666 1061 1949 1127 habebat
1990 1062 2237 1128 Gellius
2257 1065 2527 1147 passim.
2588 1066 2902 1149 Magister
2935 1067 3211 1133 Herodis

631 1162 831 1227 Attici
873 1161 1254 1230 Philostrat.
1299 1166 1407 1228 visst
1453 1163 1711 1247 sophist.
1749 1169 1907 1242 2,1,
1945 1171 2042 1232 14.

761 1266 1134 1332 Sententiae
1165 1269 1302 1332 eius
1332 1266 1436 1331 vel
1470 1267 1645 1331 dicta
1673 1268 2040 1333 afferuntur
2076 1269 2239 1334 Gen.
2272 1275 2329 1345 1,
2363 1274 2421 1346 9,
2452 1274 2532 1348 8,·
2571 1276 2626 1347 1,
2658 1276 2782 1348 26;
2818 1277 2882 1348 2,
2909 1278 2984 1349 2,
3016 1276 3213 1351 7,13,·

627 1374 795 1448 6,6,·
838 1373 1099 1448 9,,;56
1142 1374 1644 1449 16,19;17,·6
1686 1375 1942 1447 17,;26
1984 1374 2600 1450 1616,·19,,,·62
2642 1377 2749 1450 26,
2793 1380 2852 1441 4.
2940 1321 3211 1460 Ἔγραψὲ

631 1476 761 1557 περὶ
803 1479 907 1557 τῆς
946 1480 1064 1537 τῶν
1112 1475 1423 1558 δογμάτων
1452 1475 1757 1559 διαφορᾶς
1793 1473 2123 1544 Πλάτωνος
2166 1477 2260 1537 καὶ
2295 1472 2708 1558 Ἀριστοτέλου,
2742 1480 2871 1561 περὶ
2912 1479 3210 1561 σωμάτων

627 1578 723 1641 καὶ
783 1576 1122 1660 ἀσωμάτων
1183 1578 1277 1639 καὶ
1330 1575 1487 1639 ἄλλα
1533 1581 1778 1640 πλεῖστα
1827 1575 2103 1653 Sm‘das;
2165 1578 2606 1647 commentarii
2654 1581 2790 1642 eius
2837 1578 3210 1660 (Platonici)

626 1678 986 1741 afferuntur
1019 1676 1179 1744 Geel.
1227 1684 1284 1759 1,
1327 1682 1432 1753 26,
1477 1681 1555 1753 3,·
1616 1679 1865 1762 primus
1925 1680 2534 1749 commentariorum
2578 1702 2741 1766 quos
2805 1681 2870 1745 in
2918 1682 3211 1764 Gorgian

627 1779 917 1843 Platonis
963 1779 1322 1865 composuit
1379 1780 1506 1844 ὠά.
1559 1785 1760 1857 7,14,
1806 1786 1865 1846 5.
1915 1817 1994 1826 —
2042 1780 2143 1844 De
2193 1783 2514 1847 sententiis
2560 1782 3022 1866 philosophicis
3076 1785 3211 1848 eius

627 1882 1449 1964 6Ῑ.Ζ6Π67,Ρ1ιτ’ῑ66ιῃ)1ιτ’6
1494 1882 1605 1947 der
1644 1882 1958 1948 Grieehen
2001 1883 2137 1948 III
2166 1889 2206 1951 1
2237 1906 2308 1966 p.
2342 1888 2467 1948 807
2507 1906 2569 1953 n
2597 1890 2657 1950 5.

499 1986 627 2051 293
671 1996 735 2050 Ρ.
784 1994 1173 2049 CALVISIVS
1221 1994 1506 2048 TVLLVS
1555 1982 1671 2064 (626
1703 1984 1893 2067 plene
1940 1984 2042 2050 VI
2058 1990 2231 2050 2016
2258 1987 2421 2067 fasti
2452 1987 2765 2068 feriarum
2797 1989 3209 2072 Latmarum)

627 2088 854 2154 consul
898 2088 930 2151 Ι
975 2086 1338 2169 (suffectus)
1384 2110 1439 2154 a.
1481 2087 1598 2152 109
1639 2108 1790 2151 cum
1835 2088 1911 2153 L.
1943 2087 2161 2152 Annio
2194 2089 2410 2171 Largo
2460 2087 2561 2154 VI
2590 2094 2795 2167 2016;
2837 2089 2938 2155 bis
2984 2089 3210 2154 consul

512 2248 516 2255 .
593 2192 732 2255 avit.
782 2191 1007 2257 Marci
1048 2196 1119 2267 1,
1165 2195 1208 2254 3
1266 2187 1506 2268 (consul
1559 2190 1641 2255 Ι1
1695 2189 1996 2268 suffectus
2055 2212 2225 2259 anno
2281 2191 2591 2275 τἠσ67ἰ6);
2639 2202 2823 2277 pater
2884 2193 3209 2267 Domitiae

625 2292 944 2360 Calvillae
1010 2294 1234 2357 matris
1303 2292 1394 2358 M.
1452 2292 1652 2357 Annii
1712 2292 1868 2356 Veri
1931 2295 2044 2378 qui
2113 2294 2457 2378 imperavit
2519 2295 2649 2361 ibcl.
2710 2297 2791 2377 cf.
2851 2296 3041 2378 infra,
3092 2298 3206 2361 sub

627 2399 703 2462 L.
751 2396 984 2462 Catilio
1037 2395 1267 2461 Severo
1319 2395 1528 2460 ‘Avus
1587 2418 1769 2459 meus
1829 2397 1902 2463 P.
1953 2396 2297 2462 Calvisius‘
2353 2396 2625 2462 Marcus
2676 2397 2764 2463 ad
2819 2397 3210 2472 Frontonem

622 2505 682 2577 3,
731 2506 779 2566 2
810 2522 882 2581 p.
914 2504 993 2563 41
1039 2497 1133 2563 ed.
1183 2497 1426 2563 Naber.
1482 2538 1551 2545 —
1615 2498 1794 2563 Idem
1836 2500 2184 2565 memorari
2222 2499 2484 2564 videtur
2512 2501 2581 2565 in
2624 2502 2811 2567 titulo
2854 2502 3209 2573 Puteolano

623 2624 786 2668 serve
831 2600 1075 2667 Calvisi
1123 2600 1298 2665 Tulli
1342 2600 1415 2664 X
1454 2604 1646 2667 2625.

493 2708 622 2772 294
668 2713 1013 2769 CALVISIA
1064 2704 1562 2785 FLACCIL(L)A,
1613 2702 1748 2767 filia
1791 2703 1863 2770 C.
1899 2703 2166 2768 Calvisii
2204 2704 2431 2770 Sabini
2460 2704 2618 2770 GIA
2641 2707 2773 2775 III
2788 2711 2930 2773 868
2990 2708 3211 2775 Potest

622 2808 765 2890 filia
803 2827 931 2871 esse
976 2805 1249 2873 consulis
1290 2827 1349 2871 a.
1386 2810 1632 2869 7502-
1673 2810 1714 2869 4
1761 2827 1821 2870 a.
1863 2804 1934 2873 O.
1980 2806 2077 2870 vel
2120 2807 2394 2871 consulis
2438 2829 2498 2873 a.
2531 2812 2620 2874 26
2649 2831 2721 2892 p.
2765 2809 2834 2877 0.
2912 2875 2917 2879 .

494 2911 619 2978 295
665 2920 730 2974 ’.Γ
778 2918 1112 2991 CALVIVS,
1159 2906 1247 2972 M.
1295 2907 1340 2972 f.
1385 2907 1457 2971 X
1490 2911 1655 2973 6526
1700 2909 1781 2989 cf.
1823 2930 1888 2972 n
1932 2914 2079 2975 296.

492 3014 619 3079 296
663 3023 743 3077 Μ.
794 3021 1109 3075 GALVIVS
1156 3020 1478 3076 PRISCVS.
1578 3009 1780 3075 Totuli
1835 3012 1969 3075 6766
2024 2990 2299 3077 Corani:
2355 3013 2430 3077 X
2467 3018 2637 3079 6520
2681 3014 2788 3099 (1),
2850 3035 3028 3081 cums
3088 3015 3210 3081 duo

623 3115 906 3198 exempla
948 3113 1197 3178 saeculo
1242 3112 1389 3177 XV
1421 3114 1708 3194 confecta
1751 3118 2003 3193 extem&
2049 3114 2313 3180 alterius
2354 3115 2429 3179 X
2459 3121 2625 3182 6521
2669 3116 2785 3200 (2),
2833 3120 2942 3200 qui
2981 3118 3213 3184 si‘mzzis

618 3218 817 3298 fuisse
860 3217 1123 3291 ridetur,
1169 3215 1452 3297 frustula
1493 3215 1682 3280 semel
1725 3215 2045 3298 descripta
2088 3221 2251 3281 sunt.

760 3320 827 3384 T.
861 3325 898 3383 1
939 3320 1029 3382 sic
1074 3319 1207 3399 fere
1247 3317 1559 3382 tradvtur:
1599 3317 1685 3382 M.
1723 3316 1908 3383 Calvi
1941 3318 2029 3384 M.
2064 3320 2105 3383 f.
2140 3321 2471 3428 Pap(inia)
2514 3322 2720 3385 Prisci
2754 3322 2863 3405 fili,
2898 3279 2987 3387 M.
3020 3322 3207 3389 Calvi

623 3423 712 3488 M.
746 3422 787 3486 f.
823 3422 980 3507 Pap.
1015 3421 1222 3484 Prisci
1272 3430 1436 3505 patr.
1485 3420 1719 3484 adlecti
1767 3423 1832 3483 in
1880 3421 2105 3485 ordine
2151 3394 2472 3488 senatorio
2507 3447 2545 3488 a
2576 3424 2675 3489 Ti.
2712 3424 2986 3489 Claudio
3020 3425 3204 3491 Caes.

623 3525 792 3609 Aug.
841 3524 1229 3591 Germanico
1277 3522 1598 3605 cens(ore)
1647 3525 1815 3586 inter
1873 3524 2269 3605 tiibunicios‚
2325 3526 2401 3603 Τ
2450 3523 2634 3591 Calvi
2682 3526 2772 3590 M.
2800 3528 2862 3592 f.
2961 3527 3209 3593 Titulus

617 3629 866 3693 msolito
895 3648 1068 3691 more
1098 3631 1426 3709 conceptus
1455 3626 1614 3689 mihi
1628 3628 1951 3708 perimere
1979 3626 2225 3691 videtur
2254 3631 2317 3711 1)
2351 3627 2438 3692 ad
2465 3628 2564 3695 M.
2594 3628 2883 3693 Calvium
2913 3629 3203 3694 Priscum

614 3737 870 3815 patrem
932 3752 973 3793 α
1028 3728 1307 3794 Claudio
1363 3729 1431 3791 in
1493 3726 1771 3819 ordinem
1831 3728 2287 3811 amplissimum
2349 3730 2657 3795 adlectum
2678 3782 2692 3807 ,
2753 3731 2825 3813 2)
2870 3733 2958 3796 ad
2998 3733 3201 3816 filium

620 3835 1059 3919 coynmm'nem‚
1108 3833 1173 3914 3)
1221 3831 1309 3895 ad
1357 3830 1566 3896 Titum
1609 3832 1829 3914 filium.
1873 3868 1951 3879 -—
2009 3832 2262 3897 Calvios
2306 3832 2565 3897 Priscus
2617 3855 2692 3898 ex
2743 3833 2916 3898 Cora
2976 3835 3203 3918 omn'do

619 3937 917 4002 oriundos
975 3937 1175 4017 fuisse
1234 3939 1293 3999 et
1351 3934 1521 3998 loeus
1566 3934 1890 3999 titulorum
1936 3940 1993 4000 et
2040 3936 2245 4000 tribus
2286 3935 2521 3999 docent.

487 4042 612 4108 297
662 4049 938 4104 CALVIA
971 4046 1445 4101 CRISPINILLA
1478 4036 1745 4118 (Galvia
1777 4038 2059 4102 traditur
2090 4038 2265 4121 apud
2300 4038 2630 4121 Tacitum),
2680 4039 2917 4104 femina
2946 4039 3200 4121 nobilis,

617 4143 912 4207 ministra
971 4140 1315 4205 libidinum
1372 4141 1683 4223 Neronis,
1733 4164 1900 4227 quae
1964 4144 2024 4205 in
2076 4143 2357 4209 Graecia
2401 4152 2637 4206 cuncta
2680 4142 3028 4228 diripiebat
3070 4143 3202 4208 Dio

615 4251 714 4322 63,
748 4249 851 4311 12.
927 4245 1086 4309 Post
1126 4265 1354 4307 necem
1385 4243 1662 4307 Neronis
1708 4243 2119 4328 expostulata
2163 4245 2247 4308 ad
2293 4244 2681 4331 supplicium
2724 4269 2763 4309 a
2810 4244 3027 4311 Galba
3072 4267 3198 4310 ser-

511 4382 514 4385 ·
615 4357 769 4412 vata
818 4356 948 4429 est3
1009 4358 1422 4429 transgressa
1463 4349 1528 4408 in
1577 4343 1866 4409 Africam
1929 4344 2013 4409 ad
2076 4344 2516 4429 instigandum
2562 4349 2628 4411 in
2674 4370 2855 4413 arma
2900 4348 3200 4413 Clodium

615 4451 913 4514 Macrum
959 4448 1195 4513 famem
1243 4447 1480 4534 populo
1528 4449 1818 4512 Romano
1867 4446 2040 4512 haud
2087 4447 2361 4513 obscure
2406 4448 2629 4514 molita
2644 4473 2663 4532 3
2724 4453 2919 4516 totius
2977 4463 3203 4538 postea

613 4554 902 4619 civitatis
966 4554 1246 4636 gratiam
1312 4551 1597 4616 obtinuit
1662 4551 1986 4617 consulari
2056 4553 2465 4617 matrimonio
2534 4554 2817 4618 subnixa
2888 4565 2953 4619 et
3024 4556 3200 4641 apud

547 4690 558 4699 ·
616 4654 894 4721 Galbam
938 4655 1262 4722 Othonem
1304 4653 1639 4719 Vitellium
1698 4655 1935 4738 illaesa,
1991 4676 2143 4719 mox
2207 4666 2436 4740 potens
2490 4658 2769 4741 pecunia
2813 4667 2878 4721 et
2922 4658 3200 4724 orbitate

489 4770 496 4777 “
621 4758 768 4825 Tac.
801 4759 860 4824 h.
893 4765 952 4836 1,
988 4764 1085 4827 73.
1131 4759 1437 4823 Fortasse
1454 4763 1759 4839 parentes
1794 4760 1927 4823 eius
1948 4744 2381 4824 mmnoranlur
2410 4760 2480 4824 in
2512 4764 2551 4823 t.
2584 4760 2835 4825 urbano
2879 4760 2982 4826 VI
2998 4765 3200 4827 16586

612 4860 1036 4946 Crispinillae'
1084 4860 1346 4926 Euhodi
1405 4860 1542 4927 divi
1602 4860 1771 4943 Aug.
1833 4859 1875 4925 l.
1938 4861 2211 4925 libertae
2270 4898 2349 4907 —
2396 4897 2482 4907 —-
2541 4862 2614 4928 O.
2661 4861 2928 4927 Calvius
2972 4864 3195 4947 Logus

609 4964 845 5029 conlib.
892 4967 1169 5048 coniugi.

486 5068 612 5133 298
659 5066 1048 5157 Calusidius,
1095 5067 1278 5131 miles
1323 5069 1649 5132 exercitus
1695 5066 2067 5134 Germanici
2115 5091 2281 5133 anno
2336 5070 2412 5134 14
2450 5067 2597 5135 Tae.
2629 5074 2685 5144 1,
2716 5073 2814 5135 35.

481 5170 607 5235 299
654 5169 898 5236 Calvus
937 5170 1038 5259 (et
1082 5178 1355 5261 notanus
1402 5181 1468 5237 et
1512 5169 1832 5235 catulinus
1879 5172 2070 5239 codem
2108 5172 2576 5254 Floriacensis)
2624 5181 2686 5236 et
2715 5171 3032 5255 Titianus,
3079 5172 3191 5257 qui

3301 3046 3367 3060 ,,,
