3859 5992
647 594 1022 652 CALVINVS
1939 589 2067 654 292
2968 596 3350 653 CALVISIVS

663 827 754 841 —
815 792 1147 859 Domitius
1193 792 1524 858 Calvinus.

662 931 754 947 ·--
814 905 932 961 CN.
976 904 1339 960 DOMITIVS
1385 903 1778 960 CALVINVS.

661 1033 751 1046 -
817 998 1134 1083 Egnatius
1179 996 1514 1063 Calvinus.

667 1136 745 1148 -·
816 1110 877 1165 C.
922 1109 1353 1165 IAVOLENVS
1417 1109 1784 1164 CALVINVS
1846 1109 2211 1164 GEMINIVS
2275 1107 2539 1164 CAPITO
2601 1108 3020 1163 CORNELIVS
3083 1107 3347 1163 POLLIO

773 1212 1090 1281 SQVILLA
1139 1213 1203 1280 Q.
1251 1212 1664 1268 VVLCACIVS
1714 1212 2145 1267 SCVPPIDIVS
2193 1212 2455 1269 VERVS.

660 1340 751 1354 —
815 1304 889 1372 C.
937 1305 1246 1370 Manilius
1294 1305 1632 1371 Calvinus.

659 1442 750 1455 -
815 1410 886 1477 P.
934 1408 1199 1474 Sextius
1244 1407 1578 1475 Calvinus.

643 1520 770 1585 280
814 1517 1152 1601 Calvisius,
1195 1520 1395 1584 eliens
1428 1520 1654 1584 Iuniae
1685 1519 1945 1584 Silanae
1991 1517 2074 1583 ob
2121 1518 2351 1584 falsam
2382 1520 2783 1607 Agrippinae
2813 1519 3350 1585 insimulationem

772 1645 940 1687 anno
972 1625 1053 1688 55
1088 1623 1409 1706 relegatus
1448 1623 1595 1688 Tac.
1629 1644 1689 1687 a.
1722 1628 1819 1698 13,
1852 1627 1952 1690 19.
1984 1627 2089 1689 21.
2121 1628 2251 1701 22,·
2294 1633 2440 1708 post
2481 1644 2702 1687 necem
2741 1623 3144 1710 Agrippinae
3182 1646 3241 1689 a.
3272 1624 3350 1687 59

773 1748 813 1788 a
859 1726 1114 1790 Nerone
1160 1738 1501 1791 revocatus
1547 1738 1647 1790 est
1689 1724 1815 1791 ibd.
1850 1731 1946 1802 14,
1980 1731 2082 1791 12.

647 1839 758 1903 281
813 1846 878 1902 Ρ.
927 1845 1349 1917 CALVISIVS‚
1412 1837 1634 1901 consul
1685 1837 2048 1919 (suffectus)
2104 1858 2248 1901 eum
2294 1836 2373 1917 Q.
2422 1838 2613 1902 Futio
2672 1858 2841 1901 anno
2902 1838 3147 1902 incerto
3206 1850 3353 1903 ante

773 1963 829 2004 a.
877 1942 963 2005 80
1005 1938 1077 2003 Χ
1115 1942 1248 2004 827
1292 1944 1334 2006 t.
1384 1938 1823 2023 Ponweianus.

642 2060 766 2125 282
813 2070 874 2127 Ρ.
923 2068 1312 2124 CALVISIVS
1359 2108 1889 2140 ............
1940 2060 2217 2124 Rusonis
2262 2060 2528 2142 (scilicet
2570 2059 2745 2135 filius
2794 2059 2871 2124 P.
2912 2058 3182 2125 Calvisii
3225 2061 3348 2124 Ru·

769 2156 970 2228 sonis)
1018 2163 1188 2227 inter
1235 2183 1469 2246 pueros
1516 2164 1889 2245 senatoriOS,
1939 2164 2052 2247 qui
2090 2160 2449 2227 Arvalibus
2492 2162 3026 2226 ministraverunt
3066 2183 3239 2228 anno
3268 2162 3348 2227 87

713 2340 716 2345 ,
771 2264 875 2331 VI
904 2268 1075 2330 2065
1120 2270 1268 2329 acta
1303 2264 1668 2329 Arvalium.

657 2404 747 2415 —
809 2368 1078 2432 Flavius
1124 2366 1452 2434 Calvisius
1498 2368 1580 2448 cf.
1630 2368 1703 2432 O.
1751 2364 2080 2430 Calvisius
2127 2368 2479 2432 Statianus.

662 2507 740 2517 —
812 2480 877 2548 Q.
926 2479 1241 2535 CLODIVS
1291 2479 1673 2535 CALVISIVS
1721 2478 2195 2534 HONORATVS.

641 2594 766 2655 283
814 2590 1139 2656 Calvisius
1176 2590 1607 2674 patrophilus,
1657 2592 1688 2656 ὁ
1735 2593 2040 2676 κράτιστος
2083 2587 2506 2674 [ὃικαιο]δότης
2553 2589 2864 2653 iuridious
2900 2587 3349 2653 Alexandreae

767 2716 824 2757 a.
881 2694 1163 2756 1471148
1218 2713 1513 2774 papyrus
1571 2693 1971 2774 Aeyyptiaca
2025 2713 2250 2774 qraece
2307 2692 2551 2773 scripta
2606 2691 2816 2756 Revue
2882 2691 3349 2774 archioloyique

765 2816 890 2860 ser.
919 2794 1053 2859 III
1089 2799 1233 2858 tom.
1279 2794 1534 2858 XXIV
1568 2796 1783 2873 (1894)
1817 2816 1890 2876 p.
1927 2800 2024 2857 70.
2096 2793 2324 2857 Prima
2369 2793 2585 2857 littera
2627 2795 2900 2858 nominis
2935 2792 3249 2876 qentilieii
3295 2796 3351 2855 et

769 2897 975 2962 altera.
1022 2897 1409 2978 coynomim‘s
1452 2917 1580 2959 non
1626 2901 1789 2959 certe
1835 2896 2144 2979 temnitur,
2192 2895 2302 2960 sed
2332 2894 2566 2978 procul
2608 2896 2798 2961 dubio
2840 2897 3277 2962 restituuntur.

636 3017 765 3080 284
811 3026 1193 3080 CALVISIVS
1224 3024 1358 3079 RV.
1380 3065 1394 3079 .
1416 3064 1464 3095 .,
1497 3015 1617 3079 sub
1649 3012 1931 3080 Calvisio
1960 3017 2060 3080 Ru
2081 3066 2096 3080 .
2118 3066 2131 3080 .
2151 3066 2165 3080 .
2198 3016 2268 3080 in
2300 3021 2342 3080 t.
2374 3016 2596 3081 mutilo
2619 3016 3005 3080 Britannico
3036 3015 3182 3081 VII
3188 3021 3350 3093 324,-

768 3140 845 3182 ex
883 3139 1002 3183 usu
1047 3119 1365 3181 constanti
1410 3118 1731 3183 titulorum
1767 3119 2160 3205 Britanniae
2201 3120 2309 3201 (cf.
2342 3118 2610 3183 Hubner
2641 3118 2728 3183 ad
2765 3117 2907 3184 VII
2925 3118 3078 3201 275)
3117 3139 3349 3202 ponen-

767 3218 916 3283 dum
958 3219 1208 3284 videtur
1246 3219 1594 3287 Calm‘sium
1641 3220 1914 3304 leyatum
1960 3221 2129 3304 Auy.
2164 3242 2292 3304 pro
2328 3243 2434 3303 pr.
2482 3221 2871 3286 Britanniae
2914 3222 3131 3302 fuisse.

639 3339 809 3404 284a
854 3340 927 3406 O.
976 3339 1300 3406 Calvisius
1346 3341 1557 3405 Rufus
1604 3342 1706 3423 (O.
1754 3340 2081 3406 Calvisius
2125 3339 2306 3406 Ptin.
2352 3342 2529 3423 epist.
2559 3346 2619 3418 4,
2650 3347 2691 3405 4
2706 3362 2725 3419 ;
2771 3340 3095 3406 Calvisius
3141 3339 3348 3406 Rufus

768 3441 895 3508 ibd.
925 3447 985 3518 3,
1017 3448 1077 3508 1.
1109 3448 1189 3510 19
1226 3444 1418 3509 codex
1445 3445 2089 3521 Ashurnhammnuffi,
2126 3448 2185 3521 5,
2218 3450 2298 3511 19
2335 3446 2451 3510 ubi
2490 3445 2655 3510 male
2684 3445 2840 3509 Asb.
2873 3446 2943 3509 in
2985 3444 3191 3510 indice
3222 3444 3263 3508 l.
3302 3443 3364 3509 V

768 3544 852 3609 ad
885 3544 1312 3631 Calpurnium
1348 3547 1603 3630 Rufum,
1654 3553 1922 3612 ceterum
1953 3546 2326 3619 Calvisius),
2361 3546 2720 3612 avunculus
2744 3546 3054 3611 Varisidii
3086 3547 3352 3633 Nepotis

769 3646 949 3711 Ptin.
982 3649 1160 3730 epist.
1189 3654 1249 3726 4,
1281 3655 1339 3726 4,
1375 3656 1449 3727 1,·
1495 3650 1757 3714 decurio
1790 3648 2125 3715 Comensis
2167 3649 2281 3713 ibd
2327 3653 2387 3726 5,
2422 3655 2478 3725 7,
2512 3655 2588 3727 4;
2632 3649 2828 3714 Plinii
2876 3647 3351 3714 contubernalis

769 3760 832 3813 et
876 3752 1122 3815 amicus
1167 3757 1225 3827 1,
1262 3758 1366 3827 12,
1400 3758 1524 3830 12,·
1565 3757 1625 3829 3,
1665 3757 1763 3829 19,
1808 3758 1882 3830 1;
1927 3758 1986 3828 4,
2030 3757 2088 3830 4,
2135 3758 2211 3829 1,·
2255 3753 2515 3839 scripsit
2557 3752 2639 3817 ad
2687 3774 2829 3816 eum
2877 3751 3128 3816 Plinius
3174 3752 3349 3834 epist.

768 3858 834 3929 2,
867 3857 991 3931 2Ο,·
1032 3858 1091 3931 3,
1126 3860 1185 3918 1.
1220 3860 1333 3934 19,·
1375 3857 1434 3931 5,
1471 3860 1544 3932 7;
1585 3858 1645 3931 8,
1678 3861 1761 3933 2;
1804 3860 1863 3932 9,
1896 3860 1955 3919 6.

647 3972 770 4037 285
818 3982 878 4036 P.
929 3983 1309 4038 CALVISIVS
1355 3983 1568 4041 RVSO.
1658 3974 1925 4039 Nummi
1979 3974 2252 4057 Ephesii
2304 3976 2375 4041 in
2433 3975 2701 4039 adversa
2760 3979 2951 4057 caput
2993 3972 3356 4039 Domitiani

772 4074 1062 4140 exhibent
1105 4076 1401 4159 inscripti
1428 4077 1770 4162 Δομιτιανὸς
1807 4074 2039 4162 Καῖσαρ
2073 4077 2375 4165 Σεβαστὸς
2426 4077 2800 4162 Γερμανικός,
2848 4077 2919 4141 in
2965 4096 3190 4141 aversa
3220 4073 3352 4140 Ἐπὶ

769 4178 1111 4243 ἀνθυπάτου
1144 4176 1485 4250 Ῥοόσωνος
1517 4176 1800 4264 Ὁμόνοια
1837 4177 2199 4265 Ἐφε(σι’ων)
2244 4178 2653 4267 Ζμυρ(ναίων)
2700 4200 2839 4244 cum
2886 4179 3051 4261 typis
3094 4177 3355 4243 diversis

769 4280 1214 4363 Waddinytcm,
1248 4281 1479 4346 Fastes
1519 4304 1618 4346 nr.
1649 4288 1773 4346 106
1807 4304 1868 4347 n.
1902 4288 1958 4346 1.
1990 4288 2055 4359 2,
2102 4303 2381 4347 museum
2412 4282 2857 4357 Berolinense,·
2904 4281 3198 4347 Mionnet
3228 4279 3356 4345 III

763 4403 835 4464 p.
860 4388 940 4447 94
968 4388 1197 4461 n.261‚
1239 4384 1463 4468 suppl.
1505 4385 1664 4468 ΠΡ
1715 4391 1842 4451 132
1876 4406 1941 4452 n.
1965 4390 2106 4450 357.
2136 4389 2277 4453 353.
2306 4390 2427 4451 359
2461 4390 2689 4467 p.133
2715 4406 2774 4449 n.
2808 4388 2946 4452 360.
2978 4421 3066 4430 —
3108 4383 3346 4448 Memo-

767 4490 955 4549 ratur
987 4487 1052 4550 in
1092 4487 1252 4551 actis
1280 4488 1622 4551 Arvalium
1669 4490 1829 4552 anni
1855 4493 1957 4565 87,
2005 4489 2120 4553 ubi
2158 4488 2286 4573 filii
2326 4489 2556 4553 mentio
2600 4489 2675 4572 fit
2721 4487 2823 4553 VI
2848 4490 3018 4552 2065
3059 4488 3168 4572 (1),
3217 4505 3354 4550 con-

770 4587 1018 4652 sulatus
1064 4588 1196 4651 eius
1242 4588 1347 4653 VI
1374 4593 1500 4654 597
1546 4588 1663 4673 (2).

901 4688 1116 4755 Plena
1161 4692 1421 4756 nomina
1462 4692 1708 4757 exhibet
1762 4698 1804 4757 t.
1847 4699 1913 4770 2,
1962 4694 2140 4759 Ruso
2186 4694 2443 4769 nummi,
2507 4693 2582 4758 P.
2629 4692 2954 4760 Calvisius
3000 4738 3187 4757 .....
3231 4689 3352 4755 Ru-

774 4794 948 4857 sonis
995 4797 1037 4861 t.
1078 4798 1136 4858 1.

903 4895 1144 4962 Consul
1206 4922 1356 4963 eum
1415 4899 1492 4966 L.
1540 4896 1901 4963 Caesennio
1950 4898 2151 4965 Paeto
2214 4899 2344 4964 kal.
2394 4899 2621 4964 Martis
2666 4903 2710 4964 t.
2755 4903 2803 4964 2
2844 4896 3147 4977 suffectus
3191 4916 3351 4962 anno

766 4999 1006 5064 incerto
1042 5002 1156 5065 sub
1189 5001 1465 5066 Flaviis.
1536 5001 1894 5086 Proconsul
1925 5002 2125 5069 Asiae
2165 5001 2286 5067 sub
2320 5004 2691 5069 Domitiano
2735 5003 2996 5076 nummi,
3040 5018 3169 5065 non
3215 5002 3354 5064 ante

769 5124 828 5166 a.
861 5106 960 5179 84,
993 5125 1112 5186 quo
1144 5103 1558 5169 Domitianus
1585 5105 2010 5170 Germanicus
2039 5104 2169 5169 clici
2194 5110 2445 5187 coeptus
2491 5110 2581 5169 est
2620 5104 2702 5186 cf.
2734 5103 2977 5169 Eckhel
3014 5102 3118 5168 VI
3122 5124 3195 5186 p.
3217 5104 3355 5166 397.

766 5206 924 5272 Fuit
966 5208 1035 5271 in
1081 5209 1249 5274 vivis
1295 5232 1352 5273 a.
1385 5209 1487 5293 87,
1537 5208 1648 5273 ubi
1697 5208 1870 5273 filius
1911 5207 2273 5274 Arvalibus
2316 5209 2714 5273 ministravit
2756 5211 2799 5276 t.
2835 5212 2895 5272 1.
