3859 5992
551 534 933 590 AVRELIVS
1855 522 1982 587 203
2890 524 3262 581 AVRELIVS

681 732 762 797 ab
810 753 871 796 a.
910 734 1033 795 180
1076 750 1273 812 usque
1318 727 1406 793 ad
1443 750 1505 793 a.
1537 732 1659 793 190
1704 727 1941 792 dicitur
1982 726 2072 791 M.
2104 726 2413 791 Aurelius
2456 725 2851 791 Commodus
2897 724 3265 789 Antoninus

679 837 807 901 sive
848 834 939 899 M.
983 831 1380 900 Commodus
1429 829 1795 896 Antoninus
1852 828 1969 910 (sic
2013 829 2384 912 plerumque
2444 831 2512 893 in
2568 829 2841 894 nummis
2899 829 2981 910 cf.
3028 826 3269 893 Eclchel

690 936 834 1004 VII
853 960 927 1020 p.
961 939 1127 1022 155).
1200 935 1285 1000 A.
1331 940 1452 1001 191
1498 934 1795 1018 paternis
1847 933 2210 999 nominibus
2256 934 2519 998 abiectis
2561 933 2638 998 L.
2683 931 2911 998 Aelius
2959 930 3266 995 Aurelius

685 1038 1079 1107 Commodus
1113 1039 1512 1124 (plerumque
1543 1037 1873 1102 Antonino
1905 1035 2155 1114 omisso)
2183 1037 2254 1101 in
2289 1037 2561 1100 nummis
2587 1034 2831 1101 Eckhel
2875 1034 3017 1099 VII
3038 1057 3108 1117 p.
3141 1039 3272 1099 127

686 1150 745 1210 et
788 1143 991 1208 titulae
1036 1142 1140 1208 VI
1170 1146 1318 1219 992,
1380 1141 1562 1207 VIII
1595 1144 1737 1205 305.
1780 1145 1969 1217 4211,
2031 1138 2221 1205 XIV
2249 1145 2362 1206 22.
2408 1143 2573 1204 3449
2617 1143 2728 1203 etc.
2781 1175 2856 1182 —
2914 1135 3156 1203 Consul
3202 1136 3267 1200 II

686 1271 742 1312 a.
777 1247 920 1330 179,
966 1246 1070 1311 ΠΙ
1112 1268 1172 1311 a.
1208 1244 1348 1326 181,
1395 1245 1532 1309 1111
1576 1266 1633 1310 a.
1670 1243 1809 1326 183,
1858 1243 1921 1308 V
1952 1266 2010 1308 a.
2048 1243 2187 1322 186,
2233 1242 2330 1307 VI
2374 1264 2433 1306 a.
2470 1242 2610 1325 190,
2655 1241 2789 1305 VII
2833 1263 2890 1305 a.
2927 1241 3048 1305 192
3089 1240 3266 1321 fasti.

688 1351 959 1417 Occisus
993 1358 1091 1413 est
1118 1345 1362 1414 Romae
1400 1347 1464 1412 d.
1494 1349 1570 1412 31
1623 1347 1861 1411 mensis
1893 1344 2276 1410 Decembris
2322 1367 2379 1411 a.
2418 1344 2539 1409 192
2576 1344 2710 1407 vita
2740 1348 2839 1421 17,
2884 1344 2991 1410 vit.
3025 1341 3267 1407 Pertin.

681 1459 742 1530 4,
788 1457 939 1530 5-8,
985 1451 1119 1517 Dio
1164 1455 1265 1529 72,
1309 1456 1423 1529 22,
1469 1450 1822 1516 Herodian.
1869 1455 1927 1525 1,
1961 1453 2194 1525 16-17,
2240 1448 2509 1530 Eutrop.
2561 1451 2622 1524 8,
2667 1451 2766 1523 15,
2830 1446 3043 1511 Victor
3089 1444 3267 1510 Caes.

687 1560 787 1633 17,
822 1560 971 1633 7-9,
1018 1555 1313 1639 Epitome
1359 1559 1455 1631 17,
1491 1558 1642 1620 5-6.

813 1658 1002 1724 onr
1073 1657 1385 1742 (Bruttia)
1460 1654 1794 1742 Crispina,
1888 1654 2252 1720 concubina
2337 1654 2588 1719 Marcia
2661 1650 2931 1717 Aurelia
3002 1649 3271 1715 Ceionia

687 1762 1070 1826 Demetrias.

600 1902 688 1911 -
729 1875 797 1931 L.
843 1873 1116 1928 AELIVS
1175 1871 1551 1927 AVRELIVS
1613 1869 2027 1926 COMMODVS
2079 1889 2158 1912 =
2215 1869 2368 1923 IMP.
2431 1867 2724 1923 CAESAR
2782 1867 2849 1922 L.
2895 1865 3269 1920 AVRELIVS

688 1975 931 2031 VERVS
977 1975 1362 2031 AVGVSTVS
1409 1995 1491 2019 ==
1535 1975 1602 2029 L.
1651 1972 2002 2028 GEIONIVS
2046 1971 2479 2028 COMMODVS.

567 2071 732 2137 1233
778 2067 1187 2155 [A]ur(elius)
1234 2066 1717 2153 Concordiu[s],
1778 2066 1860 2150 [V.
1909 2087 1971 2150 p.
1990 2064 2046 2149 ?]
2108 2065 2217 2149 (cf.
2258 2063 2664 2145 Hirschfeld,
2726 2062 3274 2145 Untersuchunyen

680 2194 809 2239 'aus
867 2172 977 2238 der
1033 2171 1413 2237 Romi-scheon
1471 2167 2246 2252 Verwaltunqsqeschichte
2287 2190 2358 2251 p.
2394 2171 2544 2252 148)
2589 2166 2953 2252 praefectus
2998 2164 3273 2250 vigilum

701 2275 805 2343 VI
834 2279 1028 2342 1226.

569 2380 732 2444 1234
775 2376 1141 2462 Aur(elius)
1203 2376 1715 2461 Cons[tantin]us
1777 2397 1861 2439 ex
1920 2373 2445 2461 pro[c](uratore)
2492 2420 2688 2437 .....
2731 2372 2867 2437 III
2896 2376 3066 2439 3294
3110 2393 3270 2437 corr.

691 2481 823 2547 III
843 2482 913 2548 S.
946 2484 1157 2546 10275
1186 2485 1228 2545 t.
1262 2479 1641 2545 Pannoniae
1668 2479 2003 2561 inferioris
2029 2476 2306 2542 mutilus.
2376 2477 2519 2557 Qua
2537 2477 2992 2558 procuratione
3021 2476 3276 2557 functus

690 2585 794 2661 sit,
842 2605 918 2648 ea:
960 2583 1238 2666 vestiyiis
1279 2584 1541 2647 incertis
1584 2583 1945 2648 litteramum
1977 2585 2128 2664 post
2168 2597 2288 2645 PRO
2315 2628 2330 2643 .
2358 2630 2372 2644 .
2399 2630 2412 2643 .
2432 2586 2436 2590 ’
2454 2600 2584 2643 non
2627 2578 2836 2660 liquet.

572 2687 732 2753 1235
776 2695 1154 2750 AVRELIVS
1215 2694 1477 2750 OOTTA.
1565 2685 1741 2750 Nero
1801 2687 1859 2749 ei
1921 2705 2205 2749 annuam
2265 2683 2607 2768 pecuniam
2665 2683 2892 2746 statuit
2952 2703 3118 2746 anno
3172 2682 3273 2765 58,

695 2789 993 2877 quamvis
1038 2810 1155 2876 per
1195 2788 1424 2853 luxum
1468 2790 1675 2854 avitas
1721 2809 1874 2875 opes
1919 2787 2295 2873 dissipasset
2344 2786 2493 2852 Tac.
2527 2807 2587 2850 a.
2619 2789 2717 2860 13,
2748 2789 2848 2849 34.
2922 2783 3140 2849 Filius
3182 2786 3277 2849 vel

693 2912 884 2977 nepos
921 2891 1142 2958 Cottae
1186 2891 1528 2957 Messalini
1566 2892 1833 2959 videtur.
1877 2927 1968 2938 —
2005 2889 2225 2955 Potest
2267 2888 2432 2954 idem
2473 2888 2834 2972 siqnifieari
2873 2887 3012 2953 Iuv.
3061 2893 3120 2965 7,
3153 2892 3275 2953 109

695 3005 889 3081 ‘quae
946 2993 1370 3065 mittebantur
1427 2995 1652 3059 amicis
1712 3017 1751 3059 a
1812 2994 2088 3076 Seneca,
2151 3015 2317 3079 quae
2376 2992 2528 3055 Piso
2574 2990 2812 3073 bonus,
2875 3011 3044 3076 quae
3091 2988 3281 3055 Cotta

691 3096 939 3163 solebat
973 3096 1245 3181 largiri’,
1290 3098 1407 3161 ubi
1435 3097 1903 3181 praedicantur
1936 3097 2209 3181 patroni
2245 3094 2542 3160 liberales
2571 3095 2802 3159 aetatis
2835 3092 3275 3159 Claudiorum.

570 3201 732 3268 1236
774 3211 854 3265 Μ.
901 3209 1277 3264 AVRELIVS
1324 3209 1565 3265 COTTA
1607 3209 1955 3265 MAXIMVS
1999 3229 2084 3253 =
2129 3209 2208 3264 M.
2238 3207 2615 3262 AVRELIVS
2649 3205 2893 3261 COTTA
2931 3206 3276 3261 MAXIMVS

689 3312 1181 3384 MESSALINVS,
1248 3302 1471 3367 consul
1516 3326 1574 3369 a.
1619 3304 1704 3369 20
1748 3325 1812 3388 p.
1859 3302 1932 3368 C.
1981 3323 2128 3366 cum
2171 3301 2261 3366 M.
2309 3299 2575 3366 Valerio
2617 3298 2989 3365 MessalinO.
3074 3298 3279 3364 Filius

692 3407 782 3475 M.
813 3405 1058 3471 Valerii
1092 3404 1435 3470 Messallae
1466 3405 1737 3471 Corvini
1785 3415 1849 3469 et
1878 3403 2184 3469 Aureliae
2229 3403 2565 3468 cuiusdam
2614 3426 2649 3467 e
2693 3404 2893 3489 stirpe
2940 3401 3280 3468 Cottarum

692 3509 883 3575 schol.
915 3508 1003 3574 ad
1039 3507 1220 3576 Pers.
1250 3513 1317 3585 2,
1352 3513 1452 3585 72,
1501 3508 1681 3574 Plin.
1710 3530 1775 3574 n.
1804 3509 1866 3575 h.
1898 3514 1998 3585 10,
2036 3513 2146 3585 52,
2192 3506 2371 3574 Ovid.
2419 3528 2495 3572 ex
2540 3505 2745 3572 Ponto
2787 3511 2846 3583 4,
2893 3510 2990 3582 16,
3036 3510 3117 3571 41
3147 3527 3275 3588 sqq.

697 3614 778 3696 cf.
808 3617 868 3690 3,
892 3617 959 3691 2,
984 3616 1107 3677 103
1118 3632 1139 3675 .·
1173 3611 1382 3699 ‘adde,
1417 3611 1588 3698 quod
1622 3621 1720 3676 est
1747 3612 2002 3677 animus
2034 3632 2290 3696 semper
2319 3609 2439 3675 tibi
2470 3611 2644 3674 mitis
2677 3619 2741 3674 et
2768 3607 2936 3674 altae
2965 3607 3280 3673 indicium

694 3735 906 3779 mores
936 3711 1293 3778 nobilitatis
1323 3712 1580 3797 habent,
1615 3735 1777 3799 quos
1812 3711 2090 3778 Volesus
2122 3713 2315 3798 patrii
2347 3721 2695 3795 cognoscat
2723 3712 3000 3775 nominis
3034 3720 3278 3793 auctor,

695 3815 872 3904 quod
897 3815 1114 3881 Numa
1142 3826 1472 3881 maternus
1511 3838 1640 3880 non
1687 3826 1882 3900 negat
1911 3838 2053 3881 esse
2084 3838 2249 3894 suos,
2282 3814 2647 3900 adiectique
2675 3813 2952 3900 probent
2980 3814 3283 3897 genetiva

696 3920 779 3986 ad
809 3920 1072 3985 nomina
1103 3918 1348 4002 Cottae,
1383 3920 1436 3982 si
1470 3929 1538 3983 tu
1567 3940 1698 3983 non
1729 3941 1917 4001 esses,
1952 3920 2297 3983 interitura
2327 3917 2603 3982 domus'.
2665 3915 2911 4000 ‘Magni
2943 3915 3285 3981 Messallae

693 4022 871 4109 lippa
915 4032 1226 4107 propago'
1279 4021 1543 4087 Persius
1577 4027 1700 4087 sat.
1731 4028 1797 4099 2,
1834 4026 1937 4098 72,
1983 4022 2101 4086 ubi
2138 4020 2516 4086 scholiasta:
2560 4019 2816 4085 Cottam
2862 4019 3283 4085 Messalinum

698 4126 857 4191 dicit
899 4165 978 4174 —
1028 4161 1104 4172 —
1154 4124 1258 4189 hic
1318 4124 1401 4190 ab
1461 4125 1730 4190 Aurelio
1790 4124 1983 4191 Cotta
2036 4123 2380 4210 adoptatus
2436 4123 2522 4187 M.
2585 4121 2894 4186 Aurelius
2953 4122 3282 4187 Maximus

698 4228 1056 4296 vocabatur
1100 4229 1414 4312 originem
1445 4228 1708 4294 trahens
1738 4252 1777 4293 a
1807 4227 2072 4295 Valerio
2101 4226 2404 4292 Messalla
2435 4232 2546 4292 etc.
2617 4226 2820 4291 Immo
2843 4225 2940 4311 M·
2975 4225 3283 4292 Aurelius

699 4331 892 4398 Cotta
920 4332 1265 4413 Maximus,
1311 4336 1386 4395 ut
1429 4337 1701 4415 afflaret
1744 4354 1822 4398 ex
1862 4332 2049 4396 titulo
2077 4332 2166 4396 M.
2202 4328 2450 4395 Aurelii
2480 4329 2723 4394 Zosimi
2755 4328 2984 4395 Cottae
3013 4329 3285 4395 Maximi

699 4433 914 4499 liberti
960 4443 1026 4498 et
1067 4435 1319 4498 accensi
1349 4432 1539 4498 XIV
1553 4438 1731 4500 2298
1760 4440 1924 4499 etex
1967 4434 2183 4500 Ovidii
2224 4432 2510 4515 epistulis
2540 4454 2616 4496 εσυ
2643 4431 2870 4508 Pont0,
2914 4433 3030 4496 ubi
3072 4432 3285 4515 appel-

700 4539 875 4605 latwr
900 4537 1031 4602 sive
1051 4533 1245 4600 Cotta
1263 4541 1325 4614 3,
1348 4541 1415 4609 2,
1442 4542 1516 4614 1,·
1543 4543 1603 4614 4,
1630 4542 1728 4614 16,
1752 4543 1833 4602 41
1863 4539 1993 4602 sive
2023 4537 2354 4601 Maximus
2377 4541 2434 4612 1,
2459 4541 2517 4613 5,
2544 4540 2610 4602 2.
2639 4540 2713 4613 9,·
2745 4541 2803 4612 1,
2830 4540 2888 4611 9,
2913 4541 3011 4602 16.
3036 4540 3145 4602 32.
3169 4540 3286 4612 50;

566 4637 571 4641 ’
700 4646 764 4717 2,
795 4644 855 4717 3,
888 4645 928 4704 1
964 4638 1093 4704 sive
1124 4638 1452 4704 Maximus
1484 4639 1677 4705 Cotta
1703 4645 1763 4717 3,
1792 4644 1852 4716 5,
1888 4645 1928 4704 6
1942 4660 1963 4718 ,·
2005 4644 2065 4716 4,
2096 4644 2196 4717 16,
2225 4643 2324 4704 41.
2391 4639 2474 4703 In
2505 4637 2833 4702 consulatu
2861 4637 2952 4703 M.
2982 4637 3290 4703 Aurelius

703 4742 896 4808 Cotta
938 4741 1101 4822 fasti
1126 4741 1372 4818 Arval„
1417 4741 1554 4808 Dio
1596 4742 1724 4808 ind.
1773 4743 1814 4807 l.
1856 4748 1943 4809 57
1985 4743 2113 4807 sive
2154 4742 2241 4806 M.
2273 4741 2580 4806 Aurelius
2627 4739 2728 4805 VI
2757 4744 2975 4818 10051‚
3032 4740 3179 4806 Tac.
3227 4764 3285 4807 a.

697 4849 757 4921 3,
807 4848 850 4909 7
887 4845 1015 4909 sive
1080 4843 1272 4909 Cotta
1324 4844 1505 4927 fasti.
1595 4844 1954 4928 (Valerius)
2013 4843 2401 4909 Messalinus
2460 4853 2754 4908 mortuus
2814 4842 3045 4908 Cottae
3103 4844 3288 4907 fratri

704 4966 1063 5030 cognomen
1121 4969 1306 5011 suum
1368 4946 1631 5032 reliquit
1693 4946 1960 5013 Velleius
2002 4952 2068 5024 2,
2117 4951 2261 5023 112,
2307 4950 2393 5024 2,·
2458 4945 2650 5011 Cotta
2714 4944 3104 5010 Messalinus
3163 4946 3290 5009 sive

703 5048 1091 5114 Messalinus
1136 5047 1329 5116 Cotta
1379 5049 1528 5114 Tac.
1576 5070 1636 5114 a.
1682 5055 1749 5125 2,
1793 5054 1882 5115 32
1926 5048 2067 5131 (ubi
2108 5047 2184 5114 C.
2226 5050 2415 5115 Cotta
2458 5048 2800 5131 traditur),·
2841 5053 2902 5126 4,
2946 5052 3071 5126 20;
3110 5052 3170 5124 5,
3215 5052 3291 5123 3,·

702 5157 760 5230 6,
792 5157 832 5217 5
845 5172 867 5232 ;
909 5155 1015 5231 12,
1044 5156 1158 5231 22,
1205 5149 1383 5218 Plin.
1428 5172 1494 5217 n.
1538 5151 1601 5217 h.
1632 5156 1732 5231 10,
1763 5156 1869 5230 52,
1914 5151 2046 5216 ind.
2086 5150 2126 5216 l.
2157 5156 2258 5216 14.
2288 5156 2387 5217 15.
2456 5150 2649 5216 Cotta
2692 5150 2867 5235 apud
2906 5147 3284 5216 Iuvenalen:.
