3859 5992
517 570 948 627 ABABMNVS
1822 561 1947 628 125
2799 567 3230 627 ARBRONIVS

518 768 648 833 820
689 767 1062 833 Arabianus
1125 774 1198 833 ut
1263 768 1555 833 inimicus
1607 766 2013 851 imperatoris
2081 768 2318 852 Opellii
2375 767 2675 834 Macrini
2724 771 3109 833 memoratur
3164 767 3236 831 in

649 869 920 954 epistula
962 872 1118 955 fieta
1159 870 1669 937 Diadumeniani
1707 872 1816 936 vit.
1861 870 2250 937 Diadumen.
2297 876 2355 949 9,
2388 876 2446 936 1.

543 1011 623 1021 —
697 973 1008 1039 Claudius
1051 974 1444 1040 Arabianus,

540 1113 627 1122 —
692 1086 808 1145 CN.
857 1087 1226 1142 CLAVDIVS
1274 1086 1610 1142 SEVERVS
1656 1085 2107 1142 ARABIANVS.

538 1216 626 1226 -
693 1190 1055 1245 DOMITIVS
1101 1190 1519 1245 ARISTAEVS
1565 1189 2018 1244 ARABIANVS.

543 1320 631 1329 —-
698 1282 967 1348 Flavius
1013 1282 1402 1349 Arabianus,

537 1424 623 1432 -—
693 1395 1085 1451 SEPTIMIVS
1130 1394 1580 1452 ARABIANVS.

539 1527 627 1535 —
693 1499 771 1554 Μ.
816 1498 1084 1554 VLPIVS
1128 1497 1582 1556 ARABIANVS.

517 1593 642 1657 821
692 1591 955 1675 Aradio,
1003 1614 1193 1678 quem
1240 1593 1591 1677 imperator
1620 1591 1874 1656 Probus
1921 1593 1987 1656 in
2012 1591 2237 1657 Africa
2266 1591 2580 1676 singulari
2608 1592 2960 1655 certamine
2991 1589 3234 1656 occidit

647 1694 1118 1781 honoravitque
1162 1693 1458 1782 sepulcro
1501 1695 1746 1778 ingenti
1793 1696 1900 1758 vit.
1948 1694 2152 1759 Probe·
2189 1700 2246 1771 9,
2279 1700 2344 1761 2.

516 1796 648 1862 822
691 1797 852 1879 L.(?)
882 1807 1211 1863 ARADIVS
1258 1807 1567 1863 ROSCIVS
1601 1806 1926 1861 RVFINVS
1958 1806 2431 1862 SATVRNINVS
2462 1805 2937 1865 TIBERIANVS.
3008 1797 3067 1862 Τ
3063 1796 3206 1861 {iuli
3216 1818 3237 1861 .·

651 1900 906 1982 publice
950 1902 1012 1965 ei
1038 1902 1292 1983 positus
1336 1922 1379 1965 a
1423 1899 1909 1965 Privernatibus
1951 1899 2025 1964 X
2064 1905 2225 1965 6439
2271 1897 2360 1982 (1)
2406 1899 2756 1964 Privernas
2800 1899 3149 1982 descriptus·
3192 1920 3234 1963 a

652 2003 947 2067 Marinio
965 2054 980 2079 ‚
1041 2005 1218 2068 ouius
1249 2002 1644 2087 particulam
1686 2024 1848 2084 quae
1892 2006 2067 2068 extat
2108 2004 2274 2068 inter
2315 2003 2596 2068 urbanos
2640 2003 2741 2069 VI
2774 2006 2936 2068 1695
2977 2001 3233 2068 Henzen

648 2105 978 2189 descripsit
1005 2128 1234 2183 errore,
1264 2128 1444 2188 quem
1476 2107 1749 2171 correxit
1776 2105 2105 2171 Additam.
2126 2128 2200 2189 p.
2223 2109 2379 2183 855,·
2424 2105 2588 2170 idem
2616 2106 2963 2170 memorari
2986 2104 3232 2169 videtur

649 2210 718 2274 in
776 2214 816 2273 t.
863 2208 1159 2274 Bullensi
1201 2209 1384 2275 VIII
1417 2208 1488 2275 S.
1533 2213 1736 2274 14470
1792 2208 1970 2292 filiae
2017 2209 2085 2272 P.
2130 2207 2335 2274 Arazli
2386 2208 2577 2273 Rosci
2627 2207 2847 2272 Rufini
2895 2206 3229 2272 Saturnini

651 2310 1065 2395 Tiberianici,
1111 2313 1226 2376 ubi
1269 2316 1431 2376 certe
1474 2332 1613 2375 eum
1647 2311 2040 2376 Illommseno
2070 2310 2508 2394 eorriyendum
2544 2314 2634 2374 est
2662 2317 3055 2372 TIBERIANI
3088 2317 3150 2372 C.
3183 2317 3229 2375 Ι.

651 2414 824 2480 Nam
865 2415 1032 2496 quod
1057 2414 1117 2479 Ι.
1151 2414 1438 2480 Schmidt
1469 2419 1736 2497 propter
1766 2414 2192 2478 diversitatem
2222 2412 2666 2495 praenominis
2694 2411 2973 2476 homines
3005 2416 3046 2478 t.
3081 2410 3232 2474 Pri-

645 2518 927 2582 vernatis
967 2522 1028 2582 et
1068 2516 1395 2582 Bullensis
1432 2522 1690 2599 patrem
1746 2516 2068 2600 filiumque
2119 2517 2214 2580 vel
2243 2517 2465 2599 potius
2506 2516 2747 2598 fratres
2787 2513 3232 2598 intelleqendos

646 2639 776 2684 esse
816 2622 1078 2696 statuit,
1123 2620 1261 2684 veri
1298 2641 1426 2684 non
1467 2619 1673 2684 simile
1715 2619 1963 2683 videtur
2023 2619 2178 2683 duos
2226 2618 2507 2683 homines
2546 2618 2787 2683 nobiles
2819 2617 3233 2701 polyon-ymos

649 2721 888 2788 saeculi
915 2723 1296 2805 posterioris
1337 2743 1465 2787 non
1503 2723 1636 2786 nisi
1661 2723 2081 2805 praenomine
2127 2722 2454 2787 distinctos
2509 2722 2728 2803 fue‘sse.
2817 2718 3233 2785 Probabilius

647 2847 792 2909 erqo
836 2826 906 2889 in
946 2825 1149 2890 altero
1179 2830 1327 2890 utro
1370 2825 1551 2890 titulo
1596 2830 1880 2889 erratum
1923 2845 2053 2889 esse
2099 2826 2165 2890 in
2197 2825 2616 2907 praenomine
2653 2845 2978 2907 ponemus.

774 2926 1188 2993 Clarissimus
1219 2928 1474 2993 iuvenis
1504 2933 1547 2992 t.
1579 2934 1628 2993 2
1657 2927 2053 2993 clarissimus
2086 2928 2188 2992 vir
2219 2932 2262 2993 t.
2294 2932 2352 2992 1.
2417 2929 2749 2994 Triumvir
2779 2925 2918 3011 (sic)
2949 2924 3230 2991 stlitibus

648 3030 1029 3115 iudicandis,
1078 3033 1253 3096 sevir
1298 3032 1693 3118 equestrium
1739 3041 2120 3115 turmarum,
2167 3040 2470 3118 quaestor
2513 3029 2932 3111 candidatus;
2997 3049 3227 3112 augur,

652 3136 866 3217 curi03
898 3144 1206 3220 patronus
1222 3134 1708 3200 Privernatium
1731 3140 1843 3200 t.1.
1878 3137 2076 3200 Pater
2097 3134 2422 3218 [Aradiae]
2452 3133 2766 3218 Ros[ciae]
2793 3183 2808 3198 .
2838 3186 2855 3200 .
2881 3154 2964 3196 ne
2981 3182 2996 3197 .
3017 3181 3031 3198 .
3052 3183 3066 3197 .
3087 3154 3122 3196 e
3141 3181 3156 3197 .
3176 3180 3192 3197 .
3215 3182 3230 3196 .

648 3236 1038 3323 Calpurniae
1061 3236 1391 3320 Purgiliae
1416 3243 1458 3305 t.
1483 3244 1548 3303 2.
1577 3275 1654 3284 -—-
1681 3239 1964 3302 Litteras
1987 3239 2312 3319 utriusque
2345 3238 2518 3303 tituli
2545 3257 2673 3302 esse
2698 3237 2837 3301 aeri
2850 3236 3233 3319 posterioris

647 3340 1037 3405 adnotarunt
1079 3341 1188 3422 qui
1231 3340 1577 3406 edidemnt.
1647 3340 1778 3406 Sed
1815 3340 1983 3404 nihil
2026 3344 2116 3405 est
2155 3362 2267 3404 eur
2296 3341 2441 3405 inde
2472 3341 2560 3405 ad
2585 3340 2905 3405 saeculum
2933 3339 3110 3405 IIII
3130 3338 3231 3403 de-

644 3444 933 3509 scendere
963 3464 1281 3526 eogmmnr,
1315 3465 1453 3508 eum
1473 3448 1732 3526 praeter
1761 3443 2049 3508 Aradios
2078 3443 2350 3526 Rufinos
2378 3443 2567 3507 huius
2596 3442 2851 3519 saeculi,
2882 3463 3039 3524 quos
3067 3463 3230 3506 eom-

641 3548 862 3630 posuit
907 3545 1164 3612 Henzen
1217 3546 1370 3612 CIL
1415 3546 1518 3612 VI
1547 3570 1621 3630 p.
1666 3551 1806 3624 367,
1852 3551 2039 3611 notus
2082 3548 2166 3611 sit
2215 3548 2287 3628 Q.
2333 3546 2625 3610 Aradius
2669 3546 2947 3628 Rufinus
2991 3544 3231 3611 sodalis

643 3649 1021 3732 Auyustalis
1064 3670 1123 3717 a.
1153 3655 1283 3715 219
1327 3650 1409 3731 of.
1453 3671 1517 3713 n.
1545 3655 1698 3715 823.

510 3752 643 3818 823
689 3763 756 3830 Q.
788 3761 1114 3817 ARADIVS
1147 3762 1489 3836 RVFINVS,
1525 3752 1791 3835 (sodalis
1823 3751 2206 3836 Augustalis
2231 3750 2616 3835 Claudialis)
2647 3760 2983 3836 cooptatus
3014 3774 3071 3816 a.
3104 3751 3230 3816 219

647 3855 749 3921 VI
779 3860 961 3921 1984.

511 3959 646 4023 824
691 3969 758 4036 Q.
804 3966 1130 4021 ARADIVS
1177 3967 1522 4041 RVFINVS,
1570 3957 1792 4022 consul
1840 3956 2013 4042 (suff.
2049 3980 2108 4025 a.
2141 3959 2378 4024 incerto
2415 3959 2590 4023 tertii
2615 3959 2749 4041 fere
2783 3955 3047 4039 saeculi)
3095 3954 3230 4021 Soli

647 4071 712 4125 et
744 4061 969 4124 Lunae
998 4059 1325 4124 dedicavit
1369 4066 1411 4130 t.
1453 4061 1997 4126 Thuburnieenses
2042 4061 2234 4127 VIII·
2249 4062 2319 4128 S.
2352 4066 2573 4127 14688.
2604 4065 2804 4127 14689
2833 4060 2940 4144 (---
2975 4057 3229 4141 10602).

511 4165 643 4228 825
689 4163 1024 4247 [ARAmA]
1070 4163 1384 4247 Ros[01A]
1432 4173 1615 4231 ..NE
1643 4213 1825 4232 .....
1852 4175 1900 4228 Ε
1927 4213 1944 4229 .
1972 4214 2028 4230 ..
2079 4174 2504 4228 CALPVRNIA
2564 4173 2947 4246 PVRGILIA,
3010 4161 3229 4227 elaris-

645 4266 808 4330 sima
832 4262 1067 4351 puella,
1094 4264 1228 4330 filia
1243 4266 1537 4334 P.A1·adi
1563 4268 1753 4331 Rosci
1778 4268 2002 4332 Rufini
2023 4268 2356 4334 Saturnini
2376 4267 2708 4333 Tiberiani
2741 4267 2926 4333 VIII
2939 4267 3232 4333 8214470

645 4373 689 4434 t.
734 4368 1075 4433 Bullensis.

530 4509 622 4519 —
688 4469 1044 4536 Vulcacius
1086 4468 1419 4536 Araricus.

509 4576 644 4640 826
689 4572 1006 4656 Antulla,
1054 4574 1239 4638 cuius
1283 4574 1484 4638 frater
1526 4577 1593 4640 in
1640 4574 1944 4640 Sardinia
1988 4575 2298 4641 exulabat
2344 4576 2645 4641 Martial.
2691 4580 2750 4653 8,
2796 4581 2903 4653 32,
2949 4582 3014 4643 2.

513 4678 641 4743 827
690 4675 1056 4757 Arbandes‚
1090 4674 1338 4760 Abgari
1369 4678 1541 4760 regis
1572 4678 1676 4761 (ef.
1704 4677 1768 4740 A
1797 4682 1863 4761 5)
1895 4678 2068 4742 filius
2098 4680 2165 4742 in
2189 4677 2438 4743 deliciis
2461 4679 2745 4761 Traiani,
2780 4702 2819 4744 a
2846 4689 3031 4765 patre
3060 4700 3229 4743 anno

648 4780 922 4844 114l115
968 4777 1052 4841 ad
1099 4780 1550 4863 imperatorem
1596 4780 1832 4843 missus
1860 4778 1994 4844 Dio
2025 4783 2123 4856 68,
2156 4784 2262 4857 21,
2312 4779 2553 4845 Suidas
2594 4802 2643 4848 S.
2676 4801 2731 4846 v.
2767 4781 2939 4867 ἄκρα,
2966 4781 3227 4869 ἐλλόβια.

529 4918 623 4930 --
690 4880 857 4963 C.(?)
902 4889 1323 4945 PETRONIVS
1368 4890 1721 4947 ARBITER.

508 4984 641 5049 828
686 4980 1090 5048 *Arbronius
1148 4982 1206 5065 (P
1254 4982 1629 5048 Arbronum
1673 4984 1769 5049 vel
1812 4983 2151 5050 Abronum
2199 4986 2493 5070 traditur,
2556 5007 2782 5052 nomen
2818 4986 3051 5070 ,qentile
3095 5008 3229 5051 eor-

641 5088 902 5167 ruptum
929 5086 1046 5167 est)
1080 5083 1233 5168 Silo,
1273 5095 1483 5171 ‘pater
1527 5086 1718 5152 huius
1752 5087 1992 5154 Silonis
2022 5089 2132 5174 qui
2169 5090 2582 5174 pantomimis
2623 5088 2879 5156 fabulas
2923 5090 3227 5177 scripsit’,

643 5186 900 5252 auditor
945 5187 1161 5254 Porcii
1201 5188 1507 5257 Latronis
1553 5190 1798 5259 Seneca
1834 5210 2082 5257 suasor.
2112 5196 2179 5271 2,
2210 5196 2312 5263 19.
