<?xml version="1.0" encoding="UTF-8"?>
<!DOCTYPE html PUBLIC "-//W3C//DTD XHTML 1.0 Transitional//EN"
    "http://www.w3.org/TR/xhtml1/DTD/xhtml1-transitional.dtd">
<html xmlns="http://www.w3.org/1999/xhtml" xml:lang="en" lang="en">
 <head>
  <title>
</title>
<meta http-equiv="Content-Type" content="text/html;charset=utf-8" />
  <meta name='ocr-system' content='tesseract 3.04.00' />
  <meta name='ocr-capabilities' content='ocr_page ocr_carea ocr_par ocr_line ocrx_word'/>
</head>
<body>
  <div class='ocr_page' id='page_1' title='image "./prosopographiai01dessgoog_0374.png"; bbox 0 0 3859 5992; ppageno 0'>
   <div class='ocr_carea' id='block_1_1' title="bbox 605 523 3316 590">
    <p class='ocr_par' dir='ltr' id='par_1_1' title="bbox 605 523 3316 590">
     <span class='ocr_line' id='line_1_1' title="bbox 605 523 3316 590; baseline 0 -2"><span class='ocrx_word' id='word_1_1' title='bbox 605 532 976 590; x_wconf 81' lang='lat' dir='ltr'>CLAVDIVS</span> <span class='ocrx_word' id='word_1_2' title='bbox 1891 523 2019 589; x_wconf 83' lang='lat'>356</span> <span class='ocrx_word' id='word_1_3' title='bbox 2946 533 3316 588; x_wconf 82' lang='lat' dir='ltr'>CLAVDIVS</span> 
     </span>
    </p>
   </div>
   <div class='ocr_carea' id='block_1_2' title="bbox 727 727 3327 5222">
    <p class='ocr_par' dir='ltr' id='par_1_2' title="bbox 727 727 3317 1531">
     <span class='ocr_line' id='line_1_2' title="bbox 730 727 3316 817; baseline 0 -24"><span class='ocrx_word' id='word_1_4' title='bbox 730 731 863 813; x_wconf 75' lang='lat' dir='ltr'>ipse</span> <span class='ocrx_word' id='word_1_5' title='bbox 920 730 1153 796; x_wconf 80' lang='lat' dir='ltr'>dicitur</span> <span class='ocrx_word' id='word_1_6' title='bbox 1196 729 1477 817; x_wconf 84' lang='grc' dir='ltr'>Ἡρώδης</span> <span class='ocrx_word' id='word_1_7' title='bbox 1533 730 1630 794; x_wconf 84' lang='lat' dir='ltr'>vel</span> <span class='ocrx_word' id='word_1_8' title='bbox 1672 728 1954 816; x_wconf 82' lang='grc' dir='ltr'>Ἡρώδης</span> <span class='ocrx_word' id='word_1_9' title='bbox 2015 727 2296 805; x_wconf 75' lang='grc' dir='ltr'>Ἀττικοῦ,</span> <span class='ocrx_word' id='word_1_10' title='bbox 2347 733 2542 811; x_wconf 78' lang='lat' dir='ltr'>pater</span> <span class='ocrx_word' id='word_1_11' title='bbox 2597 749 2722 794; x_wconf 80' lang='lat' dir='ltr'>uno</span> <span class='ocrx_word' id='word_1_12' title='bbox 2769 729 3021 794; x_wconf 76' lang='lat' dir='ltr'>nomine</span> <span class='ocrx_word' id='word_1_13' title='bbox 3075 749 3316 813; x_wconf 78' lang='lat' dir='ltr'><strong><em>semper</em></strong></span> 
     </span>
     <span class='ocr_line' id='line_1_3' title="bbox 732 830 3317 916; baseline 0.001 -21"><span class='ocrx_word' id='word_1_14' title='bbox 732 830 1008 912; x_wconf 78' lang='grc' dir='ltr'>Ἀττικός,</span> <span class='ocrx_word' id='word_1_15' title='bbox 1052 854 1246 915; x_wconf 79' lang='lat' dir='ltr'><em>neque</em></span> <span class='ocrx_word' id='word_1_16' title='bbox 1288 833 1765 909; x_wconf 79' lang='lat' dir='ltr'>Romanorum,</span> <span class='ocrx_word' id='word_1_17' title='bbox 1826 853 1947 914; x_wconf 74' lang='lat' dir='ltr'>quo</span> <span class='ocrx_word' id='word_1_18' title='bbox 1996 853 2175 896; x_wconf 79' lang='lat' dir='ltr'>nemo</span> <span class='ocrx_word' id='word_1_19' title='bbox 2231 853 2512 914; x_wconf 76' lang='lat' dir='ltr'>anquam</span> <span class='ocrx_word' id='word_1_20' title='bbox 2555 832 2882 914; x_wconf 70' lang='lat' dir='ltr'>qaisquam</span> <span class='ocrx_word' id='word_1_21' title='bbox 2937 832 3137 897; x_wconf 81' lang='lat' dir='ltr'>altero</span> <span class='ocrx_word' id='word_1_22' title='bbox 3168 839 3317 916; x_wconf 75' lang='lat' dir='ltr'>post</span> 
     </span>
     <span class='ocr_line' id='line_1_4' title="bbox 733 932 3313 1017; baseline -0.001 -15"><span class='ocrx_word' id='word_1_23' title='bbox 733 934 1058 1002; x_wconf 75' lang='lat' dir='ltr'><strong><em>Christum</em></strong></span> <span class='ocrx_word' id='word_1_24' title='bbox 1100 940 1323 1001; x_wconf 78' lang='lat' dir='ltr'>natam</span> <span class='ocrx_word' id='word_1_25' title='bbox 1364 935 1616 1000; x_wconf 82' lang='lat' dir='ltr'>saeculo</span> <span class='ocrx_word' id='word_1_26' title='bbox 1661 934 2018 1017; x_wconf 77' lang='lat' dir='ltr'>appellatas</span> <span class='ocrx_word' id='word_1_27' title='bbox 2063 938 2152 998; x_wconf 81' lang='lat' dir='ltr'>est</span> <span class='ocrx_word' id='word_1_28' title='bbox 2191 934 2283 1000; x_wconf 84' lang='lat' dir='ltr'>Ti.</span> <span class='ocrx_word' id='word_1_29' title='bbox 2319 932 2636 999; x_wconf 79' lang='lat' dir='ltr'>Claudius</span> <span class='ocrx_word' id='word_1_30' title='bbox 2667 935 3029 1017; x_wconf 74' lang='lat' dir='ltr'>coqnmnine</span> <span class='ocrx_word' id='word_1_31' title='bbox 3072 937 3313 1012; x_wconf 76' lang='lat' dir='ltr'>omissO,</span> 
     </span>
     <span class='ocr_line' id='line_1_5' title="bbox 729 1034 3316 1122; baseline 0 -19"><span class='ocrx_word' id='word_1_32' title='bbox 729 1037 840 1103; x_wconf 83' lang='lat' dir='ltr'>sed</span> <span class='ocrx_word' id='word_1_33' title='bbox 895 1038 998 1103; x_wconf 73' lang='lat' dir='ltr'>hic</span> <span class='ocrx_word' id='word_1_34' title='bbox 1059 1038 1379 1122; x_wconf 77' lang='lat' dir='ltr'>appellari</span> <span class='ocrx_word' id='word_1_35' title='bbox 1434 1038 1646 1103; x_wconf 73' lang='lat' dir='ltr'>debuit</span> <span class='ocrx_word' id='word_1_36' title='bbox 1703 1038 1804 1104; x_wconf 86' lang='lat' dir='ltr'>Ti.</span> <span class='ocrx_word' id='word_1_37' title='bbox 1866 1034 2183 1101; x_wconf 84' lang='lat' dir='ltr'>Claudius</span> <span class='ocrx_word' id='word_1_38' title='bbox 2244 1036 2344 1101; x_wconf 83' lang='lat' dir='ltr'>Ti.</span> <span class='ocrx_word' id='word_1_39' title='bbox 2406 1036 2449 1104; x_wconf 86' lang='lat' dir='ltr'>f.</span> <span class='ocrx_word' id='word_1_40' title='bbox 2510 1036 2768 1102; x_wconf 87' lang='lat' dir='ltr'>Atticus</span> <span class='ocrx_word' id='word_1_41' title='bbox 2834 1037 3129 1102; x_wconf 86' lang='lat' dir='ltr'>Herodes</span> <span class='ocrx_word' id='word_1_42' title='bbox 3191 1039 3316 1103; x_wconf 82' lang='lat' dir='ltr'>sive</span> 
     </span>
     <span class='ocr_line' id='line_1_6' title="bbox 731 1138 3310 1222; baseline 0 -19"><span class='ocrx_word' id='word_1_43' title='bbox 731 1140 832 1205; x_wconf 89' lang='lat' dir='ltr'>Ti.</span> <span class='ocrx_word' id='word_1_44' title='bbox 880 1139 1193 1206; x_wconf 81' lang='lat' dir='ltr'>Claudius</span> <span class='ocrx_word' id='word_1_45' title='bbox 1238 1140 1499 1206; x_wconf 85' lang='lat' dir='ltr'>Atticus</span> <span class='ocrx_word' id='word_1_46' title='bbox 1542 1142 1670 1205; x_wconf 78' lang='lat' dir='ltr'>siz-e</span> <span class='ocrx_word' id='word_1_47' title='bbox 1715 1140 1816 1205; x_wconf 89' lang='lat' dir='ltr'>Ti.</span> <span class='ocrx_word' id='word_1_48' title='bbox 1864 1138 2180 1206; x_wconf 85' lang='lat' dir='ltr'>Claudius</span> <span class='ocrx_word' id='word_1_49' title='bbox 2226 1138 2545 1205; x_wconf 77' lang='lat' dir='ltr'>Herodes.</span> <span class='ocrx_word' id='word_1_50' title='bbox 2643 1140 2869 1222; x_wconf 75' lang='lat' dir='ltr'>Itaque</span> <span class='ocrx_word' id='word_1_51' title='bbox 2910 1161 3037 1205; x_wconf 76' lang='lat' dir='ltr'>non</span> <span class='ocrx_word' id='word_1_52' title='bbox 3081 1141 3310 1215; x_wconf 76' lang='lat' dir='ltr'>dubito,</span> 
     </span>
     <span class='ocr_line' id='line_1_7' title="bbox 732 1239 3314 1330; baseline -0 -24"><span class='ocrx_word' id='word_1_53' title='bbox 732 1244 888 1324; x_wconf 76' lang='lat' dir='ltr'><em>quin</em></span> <span class='ocrx_word' id='word_1_54' title='bbox 930 1243 1000 1307; x_wconf 75' lang='lat' dir='ltr'>in</span> <span class='ocrx_word' id='word_1_55' title='bbox 1045 1242 1258 1325; x_wconf 75' lang='lat' dir='ltr'>lapide</span> <span class='ocrx_word' id='word_1_56' title='bbox 1293 1243 1492 1324; x_wconf 72' lang='lat' dir='ltr'>fum‘t</span> <span class='ocrx_word' id='word_1_57' title='bbox 1535 1241 1846 1330; x_wconf 70' lang='grc' dir='ltr'>[ΊἹιβέριος</span> <span class='ocrx_word' id='word_1_58' title='bbox 1878 1240 2174 1314; x_wconf 79' lang='grc' dir='ltr'>Κλαύδιος</span> <span class='ocrx_word' id='word_1_59' title='bbox 2204 1239 2562 1327; x_wconf 78' lang='grc' dir='ltr'>Ἡρώδ[ης];</span> <span class='ocrx_word' id='word_1_60' title='bbox 2607 1263 2758 1306; x_wconf 77' lang='lat' dir='ltr'>num</span> <span class='ocrx_word' id='word_1_61' title='bbox 2800 1242 2955 1324; x_wconf 76' lang='lat' dir='ltr'>quid</span> <span class='ocrx_word' id='word_1_62' title='bbox 2988 1247 3314 1323; x_wconf 68' lang='lat' dir='ltr'>praeterea</span> 
     </span>
     <span class='ocr_line' id='line_1_8' title="bbox 733 1344 3315 1432; baseline 0.001 -24"><span class='ocrx_word' id='word_1_63' title='bbox 733 1346 801 1409; x_wconf 75' lang='lat' dir='ltr'>in</span> <span class='ocrx_word' id='word_1_64' title='bbox 845 1347 971 1429; x_wconf 75' lang='lat' dir='ltr'>fine</span> <span class='ocrx_word' id='word_1_65' title='bbox 1014 1366 1230 1411; x_wconf 77' lang='lat' dir='ltr'>versus</span> <span class='ocrx_word' id='word_1_66' title='bbox 1259 1347 1533 1429; x_wconf 79' lang='lat' dir='ltr'>perierit</span> <span class='ocrx_word' id='word_1_67' title='bbox 1576 1345 1771 1410; x_wconf 81' lang='lat' dir='ltr'><em>veluti</em></span> <span class='ocrx_word' id='word_1_68' title='bbox 1809 1347 2031 1432; x_wconf 78' lang='grc' dir='ltr'>ἱερεύς,</span> <span class='ocrx_word' id='word_1_69' title='bbox 2091 1346 2221 1409; x_wconf 81' lang='lat' dir='ltr'>nisi</span> <span class='ocrx_word' id='word_1_70' title='bbox 2277 1344 2490 1427; x_wconf 80' lang='lat' dir='ltr'>lapide</span> <span class='ocrx_word' id='word_1_71' title='bbox 2535 1344 2733 1409; x_wconf 79' lang='lat' dir='ltr'>denuo</span> <span class='ocrx_word' id='word_1_72' title='bbox 2791 1345 3153 1409; x_wconf 74' lang='lat' dir='ltr'>examinato</span> <span class='ocrx_word' id='word_1_73' title='bbox 3193 1366 3315 1410; x_wconf 77' lang='lat' dir='ltr'>non</span> 
     </span>
     <span class='ocr_line' id='line_1_9' title="bbox 727 1449 1348 1531; baseline -0.002 -18"><span class='ocrx_word' id='word_1_74' title='bbox 727 1453 942 1531; x_wconf 78' lang='lat' dir='ltr'>potest</span> <span class='ocrx_word' id='word_1_75' title='bbox 984 1449 1348 1514; x_wconf 78' lang='lat' dir='ltr'>diiudicari.</span> 
     </span>
    </p>

    <p class='ocr_par' dir='ltr' id='par_1_3' title="bbox 729 1549 3320 2147">
     <span class='ocr_line' id='line_1_10' title="bbox 859 1549 3313 1627; baseline 0 -11"><span class='ocrx_word' id='word_1_76' title='bbox 859 1551 946 1616; x_wconf 81' lang='lat' dir='ltr'>In</span> <span class='ocrx_word' id='word_1_77' title='bbox 1011 1551 1377 1616; x_wconf 76' lang='lat' dir='ltr'>consulatu:</span> <span class='ocrx_word' id='word_1_78' title='bbox 1441 1551 1543 1616; x_wconf 83' lang='lat' dir='ltr'>Ti.</span> <span class='ocrx_word' id='word_1_79' title='bbox 1601 1549 1912 1616; x_wconf 80' lang='lat' dir='ltr'>Claudius</span> <span class='ocrx_word' id='word_1_80' title='bbox 1975 1550 2230 1615; x_wconf 89' lang='lat' dir='ltr'>Atticus</span> <span class='ocrx_word' id='word_1_81' title='bbox 2294 1549 2588 1614; x_wconf 84' lang='lat' dir='ltr'>Herodes</span> <span class='ocrx_word' id='word_1_82' title='bbox 2658 1549 2759 1614; x_wconf 87' lang='lat' dir='ltr'>VI</span> <span class='ocrx_word' id='word_1_83' title='bbox 2790 1554 3029 1615; x_wconf 87' lang='grc'><em>20217.</em></span> <span class='ocrx_word' id='word_1_84' title='bbox 3087 1556 3313 1627; x_wconf 87' lang='grc'><em>24162,</em></span> 
     </span>
     <span class='ocr_line' id='line_1_11' title="bbox 731 1652 3309 1734; baseline -0 -15"><span class='ocrx_word' id='word_1_85' title='bbox 731 1653 921 1719; x_wconf 87' lang='lat' dir='ltr'>XIV</span> <span class='ocrx_word' id='word_1_86' title='bbox 949 1658 1138 1731; x_wconf 86' lang='grc'><em>3692,</em></span> <span class='ocrx_word' id='word_1_87' title='bbox 1185 1653 1286 1722; x_wconf 85' lang='lat' dir='ltr'>Ti.</span> <span class='ocrx_word' id='word_1_88' title='bbox 1335 1653 1647 1720; x_wconf 84' lang='lat' dir='ltr'>Claudius</span> <span class='ocrx_word' id='word_1_89' title='bbox 1689 1652 1949 1718; x_wconf 85' lang='lat' dir='ltr'>Atticus</span> <span class='ocrx_word' id='word_1_90' title='bbox 1998 1652 2101 1716; x_wconf 90' lang='lat' dir='ltr'>VI</span> <span class='ocrx_word' id='word_1_91' title='bbox 2130 1656 2356 1729; x_wconf 87' lang='grc'><em>29335,</em></span> <span class='ocrx_word' id='word_1_92' title='bbox 2404 1658 2673 1717; x_wconf 76' lang='lat' dir='ltr'>ceterum</span> <span class='ocrx_word' id='word_1_93' title='bbox 2716 1652 2975 1717; x_wconf 85' lang='lat' dir='ltr'>Atticus</span> <span class='ocrx_word' id='word_1_94' title='bbox 3015 1653 3190 1734; x_wconf 79' lang='lat' dir='ltr'>fasti.</span> <span class='ocrx_word' id='word_1_95' title='bbox 3240 1689 3309 1699; x_wconf 93' lang='lat'><strong>—</strong></span> 
     </span>
     <span class='ocr_line' id='line_1_12' title="bbox 729 1753 3313 1843; baseline 0.002 -25"><span class='ocrx_word' id='word_1_96' title='bbox 729 1755 929 1838; x_wconf 80' lang='lat' dir='ltr'>Apud</span> <span class='ocrx_word' id='word_1_97' title='bbox 985 1758 1355 1839; x_wconf 60' lang='lat' dir='ltr'>scripiores:</span> <span class='ocrx_word' id='word_1_98' title='bbox 1414 1755 1692 1843; x_wconf 82' lang='grc' dir='ltr'>Ἡρώδης</span> <span class='ocrx_word' id='word_1_99' title='bbox 1752 1753 1997 1826; x_wconf 80' lang='grc' dir='ltr'>Ἰούλιος</span> <span class='ocrx_word' id='word_1_100' title='bbox 2049 1757 2424 1841; x_wconf 80' lang='grc' dir='ltr'>χρηματίσας</span> <span class='ocrx_word' id='word_1_101' title='bbox 2467 1776 2811 1838; x_wconf 78' lang='lat' dir='ltr'><em>perperam</em></span> <span class='ocrx_word' id='word_1_102' title='bbox 2855 1754 3097 1821; x_wconf 79' lang='lat' dir='ltr'>Saidas</span> <span class='ocrx_word' id='word_1_103' title='bbox 3154 1775 3202 1822; x_wconf 84' lang='lat'>8.</span> <span class='ocrx_word' id='word_1_104' title='bbox 3260 1777 3313 1822; x_wconf 88' lang='grc' dir='ltr'>υ.</span> 
     </span>
     <span class='ocr_line' id='line_1_13' title="bbox 734 1856 3318 1945; baseline -0.001 -22"><span class='ocrx_word' id='word_1_105' title='bbox 734 1856 1014 1945; x_wconf 84' lang='grc' dir='ltr'>Ἡρώδης</span> <span class='ocrx_word' id='word_1_106' title='bbox 1057 1859 1110 1923; x_wconf 96' lang='grc' dir='ltr'><strong><em>Ι</em></strong></span> <span class='ocrx_word' id='word_1_107' title='bbox 1126 1881 1200 1941; x_wconf 76' lang='lat' dir='ltr'>p.</span> <span class='ocrx_word' id='word_1_108' title='bbox 1227 1863 1353 1925; x_wconf 89' lang='grc'>896</span> <span class='ocrx_word' id='word_1_109' title='bbox 1396 1860 1489 1924; x_wconf 83' lang='lat' dir='ltr'>ed.</span> <span class='ocrx_word' id='word_1_110' title='bbox 1532 1857 1956 1941; x_wconf 75' lang='lat' dir='ltr'>Bernhardy,·</span> <span class='ocrx_word' id='word_1_111' title='bbox 2007 1857 2303 1922; x_wconf 87' lang='lat' dir='ltr'>Herodes</span> <span class='ocrx_word' id='word_1_112' title='bbox 2348 1858 2606 1922; x_wconf 87' lang='lat' dir='ltr'>Atticus</span> <span class='ocrx_word' id='word_1_113' title='bbox 2653 1857 2828 1940; x_wconf 75' lang='lat' dir='ltr'>apud</span> <span class='ocrx_word' id='word_1_114' title='bbox 2864 1857 3142 1923; x_wconf 77' lang='lat' dir='ltr'>Gellium</span> <span class='ocrx_word' id='word_1_115' title='bbox 3180 1857 3318 1922; x_wconf 78' lang='lat' dir='ltr'>ubi-</span> 
     </span>
     <span class='ocr_line' id='line_1_14' title="bbox 731 1958 3320 2044; baseline -0 -19"><span class='ocrx_word' id='word_1_116' title='bbox 731 1982 866 2044; x_wconf 77' lang='lat' dir='ltr'>que,</span> <span class='ocrx_word' id='word_1_117' title='bbox 912 1963 1020 2026; x_wconf 88' lang='grc' dir='ltr'>υἱέ.</span> <span class='ocrx_word' id='word_1_118' title='bbox 1067 1962 1294 2026; x_wconf 73' lang='grc' dir='ltr'><em>,Μανσὶ</em></span> <span class='ocrx_word' id='word_1_119' title='bbox 1319 1967 1379 2039; x_wconf 89' lang='grc'>4,</span> <span class='ocrx_word' id='word_1_120' title='bbox 1410 1965 1476 2038; x_wconf 92' lang='grc'>2,</span> <span class='ocrx_word' id='word_1_121' title='bbox 1525 1963 1674 2026; x_wconf 82' lang='lat' dir='ltr'>Veri</span> <span class='ocrx_word' id='word_1_122' title='bbox 1699 1965 1764 2037; x_wconf 90' lang='grc'>2,</span> <span class='ocrx_word' id='word_1_123' title='bbox 1795 1966 1874 2039; x_wconf 86' lang='grc'>5;</span> <span class='ocrx_word' id='word_1_124' title='bbox 1911 1959 2228 2025; x_wconf 88' lang='lat' dir='ltr'>Claudius</span> <span class='ocrx_word' id='word_1_125' title='bbox 2271 1959 2571 2025; x_wconf 87' lang='lat' dir='ltr'>Herodes</span> <span class='ocrx_word' id='word_1_126' title='bbox 2614 1958 2747 2024; x_wconf 89' lang='lat' dir='ltr'>Dio</span> <span class='ocrx_word' id='word_1_127' title='bbox 2780 1965 2876 2036; x_wconf 88' lang='lat'>71,</span> <span class='ocrx_word' id='word_1_128' title='bbox 2905 1964 3005 2036; x_wconf 84' lang='lat'>35,</span> <span class='ocrx_word' id='word_1_129' title='bbox 3053 1964 3320 2025; x_wconf 76' lang='lat' dir='ltr'>ceterum</span> 
     </span>
     <span class='ocr_line' id='line_1_15' title="bbox 730 2063 1335 2147; baseline 0.002 -20"><span class='ocrx_word' id='word_1_130' title='bbox 730 2084 971 2147; x_wconf 61' lang='lat' dir='ltr'>semer</span> <span class='ocrx_word' id='word_1_131' title='bbox 1016 2063 1335 2128; x_wconf 88' lang='lat' dir='ltr'>Herodes.</span> 
     </span>
    </p>

    <p class='ocr_par' dir='ltr' id='par_1_4' title="bbox 729 2163 3326 3169">
     <span class='ocr_line' id='line_1_16' title="bbox 857 2163 3321 2248; baseline -0.001 -18"><span class='ocrx_word' id='word_1_132' title='bbox 857 2165 1276 2230; x_wconf 78' lang='lat' dir='ltr'>Atheniensis</span> <span class='ocrx_word' id='word_1_133' title='bbox 1322 2164 1634 2230; x_wconf 68' lang='lat' dir='ltr'>Philostr.</span> <span class='ocrx_word' id='word_1_134' title='bbox 1681 2166 1790 2229; x_wconf 82' lang='lat' dir='ltr'>vit.</span> <span class='ocrx_word' id='word_1_135' title='bbox 1834 2165 2010 2248; x_wconf 78' lang='lat' dir='ltr'>soph.</span> <span class='ocrx_word' id='word_1_136' title='bbox 2056 2171 2122 2243; x_wconf 89' lang='grc'>2,</span> <span class='ocrx_word' id='word_1_137' title='bbox 2169 2170 2207 2230; x_wconf 93' lang='grc'><em>1</em></span> <span class='ocrx_word' id='word_1_138' title='bbox 2252 2166 2394 2231; x_wconf 81' lang='lat' dir='ltr'>init.</span> <span class='ocrx_word' id='word_1_139' title='bbox 2441 2163 2634 2246; x_wconf 78' lang='lat' dir='ltr'><em>(quod</em></span> <span class='ocrx_word' id='word_1_140' title='bbox 2675 2169 2862 2247; x_wconf 65' lang='lat' dir='ltr'>capul</span> <span class='ocrx_word' id='word_1_141' title='bbox 2912 2164 3054 2229; x_wconf 77' lang='lat' dir='ltr'>iude</span> <span class='ocrx_word' id='word_1_142' title='bbox 3094 2165 3321 2229; x_wconf 75' lang='lat' dir='ltr'>abhinc</span> 
     </span>
     <span class='ocr_line' id='line_1_17' title="bbox 731 2266 3321 2351; baseline 0.001 -21"><span class='ocrx_word' id='word_1_143' title='bbox 731 2266 1156 2332; x_wconf 79' lang='lat' dir='ltr'><em>indicabimus</em></span> <span class='ocrx_word' id='word_1_144' title='bbox 1199 2270 1383 2349; x_wconf 78' lang='lat' dir='ltr'>infra</span> <span class='ocrx_word' id='word_1_145' title='bbox 1420 2290 1543 2351; x_wconf 78' lang='lat' dir='ltr'>per</span> <span class='ocrx_word' id='word_1_146' title='bbox 1585 2288 1793 2332; x_wconf 80' lang='lat' dir='ltr'>vocem</span> <span class='ocrx_word' id='word_1_147' title='bbox 1840 2269 2020 2332; x_wconf 81' lang='lat' dir='ltr'>‘vita‘</span> <span class='ocrx_word' id='word_1_148' title='bbox 2060 2267 2488 2351; x_wconf 70' lang='lat' dir='ltr'>parayrapho</span> <span class='ocrx_word' id='word_1_149' title='bbox 2531 2267 2856 2350; x_wconf 61' lang='lat' dir='ltr'>adscripta</span> <span class='ocrx_word' id='word_1_150' title='bbox 2910 2267 3003 2331; x_wconf 81' lang='lat' dir='ltr'>cd.</span> <span class='ocrx_word' id='word_1_151' title='bbox 3057 2267 3321 2334; x_wconf 76' lang='lat' dir='ltr'>Wester-</span> 
     </span>
     <span class='ocr_line' id='line_1_18' title="bbox 731 2370 3320 2454; baseline 0.002 -22"><span class='ocrx_word' id='word_1_152' title='bbox 731 2374 973 2454; x_wconf 80' lang='lat' dir='ltr'>mann),</span> <span class='ocrx_word' id='word_1_153' title='bbox 1002 2370 1243 2435; x_wconf 79' lang='lat' dir='ltr'>Suidas</span> <span class='ocrx_word' id='word_1_154' title='bbox 1266 2370 1302 2434; x_wconf 82' lang='lat' dir='ltr'>l.</span> <span class='ocrx_word' id='word_1_155' title='bbox 1331 2370 1393 2447; x_wconf 88' lang='lat' dir='ltr'>l.,</span> <span class='ocrx_word' id='word_1_156' title='bbox 1431 2370 1717 2435; x_wconf 77' lang='lat' dir='ltr'>Pausan.</span> <span class='ocrx_word' id='word_1_157' title='bbox 1743 2372 1821 2449; x_wconf 89' lang='lat' dir='ltr'>(v.</span> <span class='ocrx_word' id='word_1_158' title='bbox 1843 2371 2088 2453; x_wconf 81' lang='lat' dir='ltr'>infra),·</span> <span class='ocrx_word' id='word_1_159' title='bbox 2117 2370 2564 2435; x_wconf 80' lang='lat' dir='ltr'><strong>Marathonius</strong></span> <span class='ocrx_word' id='word_1_160' title='bbox 2600 2374 2641 2433; x_wconf 84' lang='lat' dir='ltr'>t.</span> <span class='ocrx_word' id='word_1_161' title='bbox 2664 2375 2723 2434; x_wconf 91' lang='lat'>1.</span> <span class='ocrx_word' id='word_1_162' title='bbox 2747 2375 2807 2435; x_wconf 89' lang='lat'>4.</span> <span class='ocrx_word' id='word_1_163' title='bbox 2832 2375 2938 2436; x_wconf 89' lang='grc'>12.</span> <span class='ocrx_word' id='word_1_164' title='bbox 2960 2374 3067 2435; x_wconf 83' lang='grc'><em>27.</em></span> <span class='ocrx_word' id='word_1_165' title='bbox 3092 2374 3196 2436; x_wconf 90' lang='grc'>28.</span> <span class='ocrx_word' id='word_1_166' title='bbox 3219 2373 3320 2439; x_wconf 76' lang='grc'>34,</span> 
     </span>
     <span class='ocr_line' id='line_1_19' title="bbox 730 2470 3319 2555; baseline 0 -20"><span class='ocrx_word' id='word_1_167' title='bbox 730 2471 1125 2554; x_wconf 74' lang='lat' dir='ltr'>epiqramma</span> <span class='ocrx_word' id='word_1_168' title='bbox 1179 2472 1530 2555; x_wconf 78' lang='lat' dir='ltr'><em>sepulcrale</em></span> <span class='ocrx_word' id='word_1_169' title='bbox 1583 2473 1718 2536; x_wconf 86' lang='grc' dir='ltr'><em>υἱέα</em></span> <span class='ocrx_word' id='word_1_170' title='bbox 1756 2477 1858 2549; x_wconf 87' lang='grc'>37,</span> <span class='ocrx_word' id='word_1_171' title='bbox 1921 2473 2162 2539; x_wconf 78' lang='lat' dir='ltr'>Suidas</span> <span class='ocrx_word' id='word_1_172' title='bbox 2207 2473 2243 2538; x_wconf 92' lang='lat' dir='ltr'>l.</span> <span class='ocrx_word' id='word_1_173' title='bbox 2292 2472 2334 2538; x_wconf 90' lang='lat' dir='ltr'>l.</span> <span class='ocrx_word' id='word_1_174' title='bbox 2418 2471 2624 2536; x_wconf 88' lang='lat' dir='ltr'>Filius</span> <span class='ocrx_word' id='word_1_175' title='bbox 2668 2471 2769 2539; x_wconf 88' lang='lat' dir='ltr'>Ti.</span> <span class='ocrx_word' id='word_1_176' title='bbox 2818 2470 3073 2537; x_wconf 80' lang='lat' dir='ltr'>Claudii</span> <span class='ocrx_word' id='word_1_177' title='bbox 3117 2471 3319 2537; x_wconf 87' lang='lat' dir='ltr'>Attici</span> 
     </span>
     <span class='ocr_line' id='line_1_20' title="bbox 736 2573 3321 2661; baseline 0.001 -24"><span class='ocrx_word' id='word_1_178' title='bbox 736 2573 1020 2637; x_wconf 89' lang='lat' dir='ltr'>Herodis</span> <span class='ocrx_word' id='word_1_179' title='bbox 1093 2585 1157 2638; x_wconf 88' lang='lat' dir='ltr'>et</span> <span class='ocrx_word' id='word_1_180' title='bbox 1229 2574 1555 2639; x_wconf 88' lang='lat' dir='ltr'>Vibulliae</span> <span class='ocrx_word' id='word_1_181' title='bbox 1631 2574 1857 2639; x_wconf 87' lang='lat' dir='ltr'>Alciae</span> <span class='ocrx_word' id='word_1_182' title='bbox 1916 2581 1958 2639; x_wconf 82' lang='lat' dir='ltr'>t.</span> <span class='ocrx_word' id='word_1_183' title='bbox 2016 2579 2107 2640; x_wconf 90' lang='grc'>23</span> <span class='ocrx_word' id='word_1_184' title='bbox 2163 2576 2245 2657; x_wconf 77' lang='lat' dir='ltr'>cf.</span> <span class='ocrx_word' id='word_1_185' title='bbox 2310 2581 2354 2641; x_wconf 84' lang='lat' dir='ltr'>t.</span> <span class='ocrx_word' id='word_1_186' title='bbox 2397 2580 2480 2639; x_wconf 89' lang='grc'><em>36</em></span> <span class='ocrx_word' id='word_1_187' title='bbox 2494 2595 2514 2652; x_wconf 93' lang='lat'>,·</span> <span class='ocrx_word' id='word_1_188' title='bbox 2583 2573 2753 2638; x_wconf 87' lang='lat' dir='ltr'>filius</span> <span class='ocrx_word' id='word_1_189' title='bbox 2814 2573 3051 2657; x_wconf 85' lang='lat' dir='ltr'>Attici,</span> <span class='ocrx_word' id='word_1_190' title='bbox 3121 2598 3321 2661; x_wconf 88' lang='lat' dir='ltr'>nepos</span> 
     </span>
     <span class='ocr_line' id='line_1_21' title="bbox 733 2675 3317 2764; baseline 0 -23"><span class='ocrx_word' id='word_1_191' title='bbox 733 2675 1066 2741; x_wconf 78' lang='lat' dir='ltr'><strong>Plutarchi</strong></span> <span class='ocrx_word' id='word_1_192' title='bbox 1100 2677 1241 2760; x_wconf 84' lang='lat' dir='ltr'>(sic)</span> <span class='ocrx_word' id='word_1_193' title='bbox 1275 2677 1518 2742; x_wconf 81' lang='lat' dir='ltr'>Saidas</span> <span class='ocrx_word' id='word_1_194' title='bbox 1548 2677 1588 2742; x_wconf 90' lang='lat' dir='ltr'>l.</span> <span class='ocrx_word' id='word_1_195' title='bbox 1622 2676 1701 2755; x_wconf 89' lang='lat' dir='ltr'>l.;</span> <span class='ocrx_word' id='word_1_196' title='bbox 1745 2676 1916 2742; x_wconf 88' lang='lat' dir='ltr'>filius</span> <span class='ocrx_word' id='word_1_197' title='bbox 1949 2678 2170 2755; x_wconf 86' lang='lat' dir='ltr'>Attici,</span> <span class='ocrx_word' id='word_1_198' title='bbox 2217 2700 2418 2762; x_wconf 89' lang='lat' dir='ltr'>nepos</span> <span class='ocrx_word' id='word_1_199' title='bbox 2465 2678 2592 2758; x_wconf 88' lang='lat' dir='ltr'>(Ti.</span> <span class='ocrx_word' id='word_1_200' title='bbox 2626 2676 2911 2760; x_wconf 82' lang='lat' dir='ltr'>Claudii)</span> <span class='ocrx_word' id='word_1_201' title='bbox 2958 2678 3317 2764; x_wconf 80' lang='lat' dir='ltr'>Hipparchi</span> 
     </span>
     <span class='ocr_line' id='line_1_22' title="bbox 729 2777 3320 2866; baseline 0.002 -24"><span class='ocrx_word' id='word_1_202' title='bbox 729 2782 893 2844; x_wconf 77' lang='lat' dir='ltr'>recte</span> <span class='ocrx_word' id='word_1_203' title='bbox 937 2780 1068 2843; x_wconf 82' lang='grc' dir='ltr'><em>υἱέα</em></span> <span class='ocrx_word' id='word_1_204' title='bbox 1101 2784 1144 2842; x_wconf 90' lang='grc'><em>3</em></span> <span class='ocrx_word' id='word_1_205' title='bbox 1187 2782 1271 2861; x_wconf 78' lang='lat' dir='ltr'>cf.</span> <span class='ocrx_word' id='word_1_206' title='bbox 1303 2785 1563 2844; x_wconf 77' lang='lat' dir='ltr'>stemma</span> <span class='ocrx_word' id='word_1_207' title='bbox 1595 2802 1665 2862; x_wconf 78' lang='lat' dir='ltr'>p.</span> <span class='ocrx_word' id='word_1_208' title='bbox 1695 2784 1851 2856; x_wconf 84' lang='lat'><em>355‚·</em></span> <span class='ocrx_word' id='word_1_209' title='bbox 1896 2778 2177 2865; x_wconf 84' lang='grc' dir='ltr'>Ἡρώδης</span> <span class='ocrx_word' id='word_1_210' title='bbox 2214 2777 2462 2846; x_wconf 77' lang='grc' dir='ltr'>Ἀττικοῦ</span> <span class='ocrx_word' id='word_1_211' title='bbox 2509 2781 2691 2862; x_wconf 76' lang='lat' dir='ltr'>(casa</span> <span class='ocrx_word' id='word_1_212' title='bbox 2730 2780 3013 2862; x_wconf 61' lang='lat' dir='ltr'>genetivo</span> <span class='ocrx_word' id='word_1_213' title='bbox 3045 2778 3320 2866; x_wconf 84' lang='grc' dir='ltr'>Ἡρώδου</span> 
     </span>
     <span class='ocr_line' id='line_1_23' title="bbox 731 2879 3326 2966; baseline 0 -19"><span class='ocrx_word' id='word_1_214' title='bbox 731 2888 834 2947; x_wconf 84' lang='grc' dir='ltr'>τοῦ</span> <span class='ocrx_word' id='word_1_215' title='bbox 877 2879 1149 2965; x_wconf 79' lang='grc' dir='ltr'>Ἀττικοῦ)</span> <span class='ocrx_word' id='word_1_216' title='bbox 1197 2887 1240 2947; x_wconf 90' lang='grc' dir='ltr'>έ.</span> <span class='ocrx_word' id='word_1_217' title='bbox 1272 2888 1329 2947; x_wconf 90' lang='grc'><em>1.</em></span> <span class='ocrx_word' id='word_1_218' title='bbox 1362 2888 1421 2947; x_wconf 90' lang='grc'>3.</span> <span class='ocrx_word' id='word_1_219' title='bbox 1454 2882 1629 2966; x_wconf 91' lang='grc'><em>[22].</em></span> <span class='ocrx_word' id='word_1_220' title='bbox 1660 2887 1765 2948; x_wconf 93' lang='grc'>24.</span> <span class='ocrx_word' id='word_1_221' title='bbox 1798 2887 1905 2948; x_wconf 90' lang='grc'>26.</span> <span class='ocrx_word' id='word_1_222' title='bbox 1935 2887 2043 2959; x_wconf 97' lang='grc'>32,</span> <span class='ocrx_word' id='word_1_223' title='bbox 2084 2884 2476 2965; x_wconf 72' lang='lat' dir='ltr'>epi‘yramma</span> <span class='ocrx_word' id='word_1_224' title='bbox 2515 2882 2864 2966; x_wconf 78' lang='lat' dir='ltr'><em>sepulcrale</em></span> <span class='ocrx_word' id='word_1_225' title='bbox 2909 2882 2951 2947; x_wconf 90' lang='lat' dir='ltr'>l.</span> <span class='ocrx_word' id='word_1_226' title='bbox 2991 2883 3034 2947; x_wconf 93' lang='lat' dir='ltr'>l.</span> <span class='ocrx_word' id='word_1_227' title='bbox 3110 2882 3326 2948; x_wconf 78' lang='lat' dir='ltr'>Natus</span> 
     </span>
     <span class='ocr_line' id='line_1_24' title="bbox 736 2984 3324 3068; baseline 0.001 -21"><span class='ocrx_word' id='word_1_228' title='bbox 736 2988 826 3048; x_wconf 79' lang='lat' dir='ltr'>est</span> <span class='ocrx_word' id='word_1_229' title='bbox 856 2985 1029 3048; x_wconf 86' lang='lat' dir='ltr'>circa</span> <span class='ocrx_word' id='word_1_230' title='bbox 1059 3005 1119 3052; x_wconf 91' lang='lat' dir='ltr'>a.</span> <span class='ocrx_word' id='word_1_231' title='bbox 1150 2986 1439 3062; x_wconf 75' lang='lat' dir='ltr'>101s102,</span> <span class='ocrx_word' id='word_1_232' title='bbox 1471 2991 1544 3049; x_wconf 78' lang='lat' dir='ltr'>at</span> <span class='ocrx_word' id='word_1_233' title='bbox 1569 2985 1852 3067; x_wconf 77' lang='lat' dir='ltr'>sequitur</span> <span class='ocrx_word' id='word_1_234' title='bbox 1880 3007 1957 3050; x_wconf 77' lang='lat' dir='ltr'>ex</span> <span class='ocrx_word' id='word_1_235' title='bbox 1986 2986 2069 3049; x_wconf 85' lang='lat' dir='ltr'>iis</span> <span class='ocrx_word' id='word_1_236' title='bbox 2096 3006 2257 3068; x_wconf 80' lang='lat' dir='ltr'>quae</span> <span class='ocrx_word' id='word_1_237' title='bbox 2288 2984 2362 3049; x_wconf 83' lang='lat' dir='ltr'>cle</span> <span class='ocrx_word' id='word_1_238' title='bbox 2397 2986 2622 3050; x_wconf 81' lang='lat' dir='ltr'>mortis</span> <span class='ocrx_word' id='word_1_239' title='bbox 2664 2990 2937 3067; x_wconf 76' lang='lat' dir='ltr'>tem-pore</span> <span class='ocrx_word' id='word_1_240' title='bbox 2981 2985 3324 3061; x_wconf 72' lang='lat' dir='ltr'>traduntur</span> 
     </span>
     <span class='ocr_line' id='line_1_25' title="bbox 733 3087 1037 3169; baseline 0.003 -19"><span class='ocrx_word' id='word_1_241' title='bbox 733 3107 790 3155; x_wconf 89' lang='lat' dir='ltr'>v.</span> <span class='ocrx_word' id='word_1_242' title='bbox 836 3087 1037 3169; x_wconf 79' lang='lat' dir='ltr'>infra.</span> 
     </span>
    </p>

    <p class='ocr_par' dir='ltr' id='par_1_5' title="bbox 733 3187 3325 4506">
     <span class='ocr_line' id='line_1_26' title="bbox 864 3187 3316 3276; baseline 0.001 -23"><span class='ocrx_word' id='word_1_243' title='bbox 864 3191 1106 3254; x_wconf 88' lang='lat' dir='ltr'>Romae</span> <span class='ocrx_word' id='word_1_244' title='bbox 1148 3191 1215 3254; x_wconf 91' lang='lat' dir='ltr'>in</span> <span class='ocrx_word' id='word_1_245' title='bbox 1261 3189 1451 3254; x_wconf 89' lang='lat' dir='ltr'>domo</span> <span class='ocrx_word' id='word_1_246' title='bbox 1498 3190 1570 3256; x_wconf 91' lang='lat' dir='ltr'>P.</span> <span class='ocrx_word' id='word_1_247' title='bbox 1605 3187 1872 3254; x_wconf 81' lang='lat' dir='ltr'>Calvisii</span> <span class='ocrx_word' id='word_1_248' title='bbox 1920 3188 2173 3273; x_wconf 87' lang='lat' dir='ltr'>(Tulli),</span> <span class='ocrx_word' id='word_1_249' title='bbox 2220 3190 2326 3254; x_wconf 85' lang='lat' dir='ltr'>avi</span> <span class='ocrx_word' id='word_1_250' title='bbox 2373 3188 2463 3254; x_wconf 85' lang='lat' dir='ltr'>M.</span> <span class='ocrx_word' id='word_1_251' title='bbox 2497 3188 2747 3254; x_wconf 81' lang='lat' dir='ltr'>Aurelii</span> <span class='ocrx_word' id='word_1_252' title='bbox 2794 3191 2904 3275; x_wconf 91' lang='lat' dir='ltr'>qui</span> <span class='ocrx_word' id='word_1_253' title='bbox 2953 3191 3316 3276; x_wconf 84' lang='lat' dir='ltr'>imperavit,</span> 
     </span>
     <span class='ocr_line' id='line_1_27' title="bbox 740 3291 3323 3375; baseline 0 -19"><span class='ocrx_word' id='word_1_254' title='bbox 740 3291 1032 3356; x_wconf 88' lang='lat' dir='ltr'>eruditus</span> <span class='ocrx_word' id='word_1_255' title='bbox 1092 3302 1189 3356; x_wconf 88' lang='lat' dir='ltr'>est</span> <span class='ocrx_word' id='word_1_256' title='bbox 1247 3292 1517 3357; x_wconf 74' lang='lat' dir='ltr'>Marcus</span> <span class='ocrx_word' id='word_1_257' title='bbox 1574 3292 1661 3357; x_wconf 80' lang='lat' dir='ltr'>acl</span> <span class='ocrx_word' id='word_1_258' title='bbox 1711 3292 2104 3357; x_wconf 76' lang='lat' dir='ltr'><em>Frontonem</em></span> <span class='ocrx_word' id='word_1_259' title='bbox 2149 3297 2208 3369; x_wconf 87' lang='lat'>3,</span> <span class='ocrx_word' id='word_1_260' title='bbox 2256 3298 2303 3358; x_wconf 91' lang='grc'><em>2</em></span> <span class='ocrx_word' id='word_1_261' title='bbox 2334 3315 2407 3375; x_wconf 79' lang='lat' dir='ltr'>p.</span> <span class='ocrx_word' id='word_1_262' title='bbox 2442 3297 2521 3356; x_wconf 89' lang='lat'>41</span> <span class='ocrx_word' id='word_1_263' title='bbox 2567 3291 2659 3359; x_wconf 83' lang='lat' dir='ltr'>ed.</span> <span class='ocrx_word' id='word_1_264' title='bbox 2709 3291 2950 3357; x_wconf 84' lang='lat' dir='ltr'>Naber.</span> <span class='ocrx_word' id='word_1_265' title='bbox 3051 3292 3323 3358; x_wconf 79' lang='lat' dir='ltr'>Athenis</span> 
     </span>
     <span class='ocr_line' id='line_1_28' title="bbox 736 3393 3320 3480; baseline 0 -18"><span class='ocrx_word' id='word_1_266' title='bbox 736 3393 1119 3480; x_wconf 84' lang='lat' dir='ltr'>Scopeliano</span> <span class='ocrx_word' id='word_1_267' title='bbox 1178 3396 1486 3478; x_wconf 85' lang='lat' dir='ltr'>magistro</span> <span class='ocrx_word' id='word_1_268' title='bbox 1549 3418 1704 3460; x_wconf 86' lang='lat' dir='ltr'>usus</span> <span class='ocrx_word' id='word_1_269' title='bbox 1765 3405 1862 3459; x_wconf 85' lang='lat' dir='ltr'>est</span> <span class='ocrx_word' id='word_1_270' title='bbox 1908 3394 2220 3461; x_wconf 79' lang='lat' dir='ltr'>Philostr.</span> <span class='ocrx_word' id='word_1_271' title='bbox 2267 3397 2374 3461; x_wconf 87' lang='grc' dir='ltr'>υἱέ.</span> <span class='ocrx_word' id='word_1_272' title='bbox 2419 3393 2595 3478; x_wconf 79' lang='lat' dir='ltr'>soph.</span> <span class='ocrx_word' id='word_1_273' title='bbox 2642 3399 2709 3471; x_wconf 89' lang='lat'>1,</span> <span class='ocrx_word' id='word_1_274' title='bbox 2758 3400 2882 3472; x_wconf 88' lang='grc'>21,</span> <span class='ocrx_word' id='word_1_275' title='bbox 2925 3398 2986 3472; x_wconf 87' lang='lat'>7,</span> <span class='ocrx_word' id='word_1_276' title='bbox 3046 3396 3182 3460; x_wconf 83' lang='grc' dir='ltr'><em>υἱέα</em></span> <span class='ocrx_word' id='word_1_277' title='bbox 3223 3401 3320 3463; x_wconf 91' lang='grc'><em>14.</em></span> 
     </span>
     <span class='ocr_line' id='line_1_29' title="bbox 734 3495 3319 3583; baseline 0.001 -22"><span class='ocrx_word' id='word_1_278' title='bbox 734 3499 1081 3562; x_wconf 85' lang='lat' dir='ltr'>Praeterea</span> <span class='ocrx_word' id='word_1_279' title='bbox 1140 3519 1284 3561; x_wconf 90' lang='lat' dir='ltr'>eum</span> <span class='ocrx_word' id='word_1_280' title='bbox 1344 3496 1706 3561; x_wconf 84' lang='lat' dir='ltr'>docuerunt</span> <span class='ocrx_word' id='word_1_281' title='bbox 1764 3496 2104 3562; x_wconf 81' lang='lat' dir='ltr'>Secundus</span> <span class='ocrx_word' id='word_1_282' title='bbox 2162 3495 2578 3563; x_wconf 85' lang='lat' dir='ltr'>Atheniensis</span> <span class='ocrx_word' id='word_1_283' title='bbox 2640 3496 2927 3583; x_wconf 86' lang='lat' dir='ltr'>sophista</span> <span class='ocrx_word' id='word_1_284' title='bbox 2985 3496 3319 3580; x_wconf 70' lang='lat' dir='ltr'>(Philostr.</span> 
     </span>
     <span class='ocr_line' id='line_1_30' title="bbox 733 3598 3320 3686; baseline 0 -21"><span class='ocrx_word' id='word_1_285' title='bbox 733 3600 996 3684; x_wconf 76' lang='lat' dir='ltr'>sophist.</span> <span class='ocrx_word' id='word_1_286' title='bbox 1039 3607 1096 3677; x_wconf 90' lang='lat'>1,</span> <span class='ocrx_word' id='word_1_287' title='bbox 1139 3605 1273 3686; x_wconf 90' lang='grc'><em>26),</em></span> <span class='ocrx_word' id='word_1_288' title='bbox 1320 3599 1701 3683; x_wconf 72' lang='lat' dir='ltr'>&#39;l&#39;heagenes</span> <span class='ocrx_word' id='word_1_289' title='bbox 1759 3599 2052 3681; x_wconf 83' lang='lat' dir='ltr'>Cnidius,</span> <span class='ocrx_word' id='word_1_290' title='bbox 2115 3600 2449 3665; x_wconf 83' lang='lat' dir='ltr'>Munatius</span> <span class='ocrx_word' id='word_1_291' title='bbox 2494 3598 2882 3682; x_wconf 83' lang='lat' dir='ltr'>Trallianus,</span> <span class='ocrx_word' id='word_1_292' title='bbox 2941 3599 3320 3684; x_wconf 79' lang='lat' dir='ltr'>(Calvisius)</span> 
     </span>
     <span class='ocr_line' id='line_1_31' title="bbox 735 3702 3319 3789; baseline 0.001 -23"><span class='ocrx_word' id='word_1_293' title='bbox 735 3702 991 3768; x_wconf 83' lang='lat' dir='ltr'>Taurus</span> <span class='ocrx_word' id='word_1_294' title='bbox 1024 3702 1442 3789; x_wconf 85' lang='lat' dir='ltr'>philosophus</span> <span class='ocrx_word' id='word_1_295' title='bbox 1471 3705 1605 3767; x_wconf 88' lang='grc' dir='ltr'><em>υἱέα</em></span> <span class='ocrx_word' id='word_1_296' title='bbox 1627 3709 1727 3780; x_wconf 87' lang='lat'>31,</span> <span class='ocrx_word' id='word_1_297' title='bbox 1756 3703 2052 3788; x_wconf 84' lang='lat' dir='ltr'>inprimis</span> <span class='ocrx_word' id='word_1_298' title='bbox 2078 3703 2460 3779; x_wconf 86' lang='lat' dir='ltr'>Favorinus,</span> <span class='ocrx_word' id='word_1_299' title='bbox 2488 3725 2679 3788; x_wconf 88' lang='lat' dir='ltr'>quem</span> <span class='ocrx_word' id='word_1_300' title='bbox 2711 3702 3004 3767; x_wconf 88' lang='lat' dir='ltr'>Herodes</span> <span class='ocrx_word' id='word_1_301' title='bbox 3033 3704 3319 3785; x_wconf 85' lang='lat' dir='ltr'>magistri</span> 
     </span>
     <span class='ocr_line' id='line_1_32' title="bbox 737 3805 3322 3891; baseline 0.001 -22"><span class='ocrx_word' id='word_1_302' title='bbox 737 3816 802 3870; x_wconf 91' lang='lat' dir='ltr'>et</span> <span class='ocrx_word' id='word_1_303' title='bbox 844 3808 1048 3891; x_wconf 86' lang='lat' dir='ltr'>patris</span> <span class='ocrx_word' id='word_1_304' title='bbox 1091 3805 1230 3871; x_wconf 88' lang='lat' dir='ltr'>loco</span> <span class='ocrx_word' id='word_1_305' title='bbox 1278 3805 1558 3871; x_wconf 84' lang='lat' dir='ltr'>habebat</span> <span class='ocrx_word' id='word_1_306' title='bbox 1599 3807 1734 3869; x_wconf 82' lang='lat' dir='ltr'>vita</span> <span class='ocrx_word' id='word_1_307' title='bbox 1777 3805 1927 3883; x_wconf 69' lang='lat' dir='ltr'>ibd„</span> <span class='ocrx_word' id='word_1_308' title='bbox 1976 3805 2286 3870; x_wconf 79' lang='lat' dir='ltr'>Philostr.</span> <span class='ocrx_word' id='word_1_309' title='bbox 2334 3811 2391 3882; x_wconf 89' lang='lat'>1,</span> <span class='ocrx_word' id='word_1_310' title='bbox 2430 3810 2491 3882; x_wconf 94' lang='grc'>8,</span> <span class='ocrx_word' id='word_1_311' title='bbox 2531 3812 2591 3883; x_wconf 87' lang='grc'>4,</span> <span class='ocrx_word' id='word_1_312' title='bbox 2639 3805 2877 3871; x_wconf 77' lang='lat' dir='ltr'>Suidas</span> <span class='ocrx_word' id='word_1_313' title='bbox 2922 3805 2963 3871; x_wconf 90' lang='lat' dir='ltr'>l.</span> <span class='ocrx_word' id='word_1_314' title='bbox 3010 3806 3050 3871; x_wconf 92' lang='lat' dir='ltr'>l.</span> <span class='ocrx_word' id='word_1_315' title='bbox 3096 3807 3322 3889; x_wconf 87' lang='lat' dir='ltr'>(Anto-</span> 
     </span>
     <span class='ocr_line' id='line_1_33' title="bbox 739 3907 3321 3994; baseline 0.002 -23"><span class='ocrx_word' id='word_1_316' title='bbox 739 3909 944 3990; x_wconf 88' lang='lat' dir='ltr'>nium)</span> <span class='ocrx_word' id='word_1_317' title='bbox 980 3908 1396 3973; x_wconf 89' lang='lat' dir='ltr'>Polemonem</span> <span class='ocrx_word' id='word_1_318' title='bbox 1428 3909 1743 3993; x_wconf 82' lang='lat' dir='ltr'>Smyrnae</span> <span class='ocrx_word' id='word_1_319' title='bbox 1775 3907 2047 3989; x_wconf 87' lang='lat' dir='ltr'>audivit,</span> <span class='ocrx_word' id='word_1_320' title='bbox 2084 3931 2213 3994; x_wconf 91' lang='lat' dir='ltr'>quo</span> <span class='ocrx_word' id='word_1_321' title='bbox 2261 3918 2549 3994; x_wconf 89' lang='lat' dir='ltr'>tempore</span> <span class='ocrx_word' id='word_1_322' title='bbox 2596 3920 2920 3973; x_wconf 87' lang='lat' dir='ltr'>corrector</span> <span class='ocrx_word' id='word_1_323' title='bbox 2962 3911 3321 3975; x_wconf 88' lang='lat' dir='ltr'>civitatium</span> 
     </span>
     <span class='ocr_line' id='line_1_34' title="bbox 736 4010 3322 4097; baseline 0 -21"><span class='ocrx_word' id='word_1_324' title='bbox 736 4010 937 4076; x_wconf 89' lang='lat' dir='ltr'>Asiae</span> <span class='ocrx_word' id='word_1_325' title='bbox 967 4021 1123 4094; x_wconf 86' lang='lat' dir='ltr'>erat,</span> <span class='ocrx_word' id='word_1_326' title='bbox 1172 4013 1441 4097; x_wconf 89' lang='lat' dir='ltr'>eiusque</span> <span class='ocrx_word' id='word_1_327' title='bbox 1471 4010 1861 4096; x_wconf 89' lang='lat' dir='ltr'>discipulum</span> <span class='ocrx_word' id='word_1_328' title='bbox 1897 4033 1967 4073; x_wconf 89' lang='lat' dir='ltr'>se</span> <span class='ocrx_word' id='word_1_329' title='bbox 1996 4010 2325 4095; x_wconf 86' lang='lat' dir='ltr'>professus</span> <span class='ocrx_word' id='word_1_330' title='bbox 2356 4022 2469 4092; x_wconf 85' lang='lat' dir='ltr'>est,</span> <span class='ocrx_word' id='word_1_331' title='bbox 2516 4032 2664 4075; x_wconf 89' lang='lat' dir='ltr'>cum</span> <span class='ocrx_word' id='word_1_332' title='bbox 2708 4013 2845 4095; x_wconf 87' lang='lat' dir='ltr'>ipsc</span> <span class='ocrx_word' id='word_1_333' title='bbox 2872 4012 3031 4076; x_wconf 88' lang='lat' dir='ltr'>alios</span> <span class='ocrx_word' id='word_1_334' title='bbox 3064 4012 3322 4077; x_wconf 88' lang='lat' dir='ltr'>doceret</span> 
     </span>
     <span class='ocr_line' id='line_1_35' title="bbox 733 4112 3323 4191; baseline 0 -12"><span class='ocrx_word' id='word_1_335' title='bbox 733 4113 1043 4179; x_wconf 79' lang='lat' dir='ltr'>Philostr.</span> <span class='ocrx_word' id='word_1_336' title='bbox 1090 4119 1148 4191; x_wconf 91' lang='lat'>1,</span> <span class='ocrx_word' id='word_1_337' title='bbox 1200 4119 1303 4191; x_wconf 90' lang='grc'><em>25,</em></span> <span class='ocrx_word' id='word_1_338' title='bbox 1359 4118 1583 4190; x_wconf 84' lang='grc'><em>13-18,</em></span> <span class='ocrx_word' id='word_1_339' title='bbox 1630 4115 1764 4178; x_wconf 87' lang='grc' dir='ltr'><em>υἱέα</em></span> <span class='ocrx_word' id='word_1_340' title='bbox 1802 4118 1861 4178; x_wconf 81' lang='lat' dir='ltr'>et</span> <span class='ocrx_word' id='word_1_341' title='bbox 1899 4113 2142 4179; x_wconf 81' lang='lat' dir='ltr'>Suiclas</span> <span class='ocrx_word' id='word_1_342' title='bbox 2188 4113 2227 4177; x_wconf 90' lang='lat' dir='ltr'>l.</span> <span class='ocrx_word' id='word_1_343' title='bbox 2286 4113 2325 4180; x_wconf 88' lang='lat' dir='ltr'>l.</span> <span class='ocrx_word' id='word_1_344' title='bbox 2427 4112 2829 4177; x_wconf 85' lang='lat' dir='ltr'>Adulescens</span> <span class='ocrx_word' id='word_1_345' title='bbox 2874 4114 2940 4176; x_wconf 90' lang='lat' dir='ltr'>in</span> <span class='ocrx_word' id='word_1_346' title='bbox 2988 4114 3323 4181; x_wconf 83' lang='lat' dir='ltr'>Pannonia</span> 
     </span>
     <span class='ocr_line' id='line_1_36' title="bbox 739 4215 3323 4302; baseline 0.001 -22"><span class='ocrx_word' id='word_1_347' title='bbox 739 4238 956 4280; x_wconf 82' lang='lat' dir='ltr'>coram</span> <span class='ocrx_word' id='word_1_348' title='bbox 1003 4217 1388 4302; x_wconf 87' lang='lat' dir='ltr'>imperatore</span> <span class='ocrx_word' id='word_1_349' title='bbox 1427 4218 1714 4281; x_wconf 85' lang='lat' dir='ltr'>oratione</span> <span class='ocrx_word' id='word_1_350' title='bbox 1760 4215 1995 4281; x_wconf 88' lang='lat' dir='ltr'>cecidit</span> <span class='ocrx_word' id='word_1_351' title='bbox 2037 4217 2173 4281; x_wconf 87' lang='grc' dir='ltr'><em>υἱέα</em></span> <span class='ocrx_word' id='word_1_352' title='bbox 2202 4220 2304 4292; x_wconf 88' lang='grc'>31,</span> <span class='ocrx_word' id='word_1_353' title='bbox 2349 4215 2584 4280; x_wconf 72' lang='lat' dir='ltr'>scilicet</span> <span class='ocrx_word' id='word_1_354' title='bbox 2622 4216 2968 4280; x_wconf 74' lang='lat' dir='ltr'>Hadriano</span> <span class='ocrx_word' id='word_1_355' title='bbox 3006 4238 3174 4281; x_wconf 77' lang='lat' dir='ltr'>anno</span> <span class='ocrx_word' id='word_1_356' title='bbox 3200 4222 3323 4282; x_wconf 83' lang='lat'>118</span> 
     </span>
     <span class='ocr_line' id='line_1_37' title="bbox 734 4317 3325 4404; baseline 0.001 -21"><span class='ocrx_word' id='word_1_357' title='bbox 734 4318 828 4383; x_wconf 82' lang='lat' dir='ltr'>vel</span> <span class='ocrx_word' id='word_1_358' title='bbox 875 4341 934 4387; x_wconf 89' lang='lat' dir='ltr'>a.</span> <span class='ocrx_word' id='word_1_359' title='bbox 980 4325 1116 4386; x_wconf 85' lang='grc'>122</span> <span class='ocrx_word' id='word_1_360' title='bbox 1173 4320 1242 4385; x_wconf 80' lang='lat' dir='ltr'>in</span> <span class='ocrx_word' id='word_1_361' title='bbox 1301 4320 1645 4384; x_wconf 80' lang='lat' dir='ltr'>Pannonia</span> <span class='ocrx_word' id='word_1_362' title='bbox 1711 4324 1930 4404; x_wconf 76' lang='lat' dir='ltr'>ayente</span> <span class='ocrx_word' id='word_1_363' title='bbox 1990 4320 2074 4401; x_wconf 80' lang='lat' dir='ltr'>cf.</span> <span class='ocrx_word' id='word_1_364' title='bbox 2128 4317 2346 4396; x_wconf 67' lang='lat' dir='ltr'>Diirr,</span> <span class='ocrx_word' id='word_1_365' title='bbox 2407 4317 2535 4383; x_wconf 85' lang='lat' dir='ltr'>Die</span> <span class='ocrx_word' id='word_1_366' title='bbox 2591 4319 2827 4383; x_wconf 78' lang='lat' dir='ltr'>Rei-sen</span> <span class='ocrx_word' id='word_1_367' title='bbox 2888 4318 2995 4383; x_wconf 82' lang='lat' dir='ltr'>des</span> <span class='ocrx_word' id='word_1_368' title='bbox 3051 4318 3325 4385; x_wconf 85' lang='lat' dir='ltr'>Kaisers</span> 
     </span>
     <span class='ocr_line' id='line_1_38' title="bbox 741 4421 1433 4506; baseline 0.006 -21"><span class='ocrx_word' id='word_1_369' title='bbox 741 4421 1046 4487; x_wconf 79' lang='lat' dir='ltr'>Hadrian</span> <span class='ocrx_word' id='word_1_370' title='bbox 1075 4446 1148 4506; x_wconf 79' lang='lat' dir='ltr'>p.</span> <span class='ocrx_word' id='word_1_371' title='bbox 1191 4428 1286 4489; x_wconf 85' lang='lat'>19.</span> <span class='ocrx_word' id='word_1_372' title='bbox 1332 4428 1433 4489; x_wconf 84' lang='lat'>35.</span> 
     </span>
    </p>

    <p class='ocr_par' dir='ltr' id='par_1_6' title="bbox 737 4523 3327 5123">
     <span class='ocr_line' id='line_1_39' title="bbox 863 4523 3325 4610; baseline 0.001 -22"><span class='ocrx_word' id='word_1_373' title='bbox 863 4523 1141 4589; x_wconf 85' lang='lat' dir='ltr'>Athenis</span> <span class='ocrx_word' id='word_1_374' title='bbox 1200 4546 1629 4608; x_wconf 82' lang='lat' dir='ltr'>agoranomus</span> <span class='ocrx_word' id='word_1_375' title='bbox 1691 4523 1814 4588; x_wconf 83' lang='lat' dir='ltr'>fuit</span> <span class='ocrx_word' id='word_1_376' title='bbox 1857 4528 1901 4587; x_wconf 86' lang='lat' dir='ltr'>t.</span> <span class='ocrx_word' id='word_1_377' title='bbox 1948 4528 2053 4600; x_wconf 89' lang='grc'>26,</span> <span class='ocrx_word' id='word_1_378' title='bbox 2117 4525 2357 4587; x_wconf 86' lang='lat' dir='ltr'>archon</span> <span class='ocrx_word' id='word_1_379' title='bbox 2406 4528 2448 4590; x_wconf 90' lang='grc' dir='ltr'>έ.</span> <span class='ocrx_word' id='word_1_380' title='bbox 2494 4530 2601 4599; x_wconf 81' lang='grc'>29,</span> <span class='ocrx_word' id='word_1_381' title='bbox 2662 4526 2853 4608; x_wconf 80' lang='grc' dir='ltr'>τρίτου</span> <span class='ocrx_word' id='word_1_382' title='bbox 2898 4526 3018 4589; x_wconf 84' lang='grc' dir='ltr'>ἀπὸ</span> <span class='ocrx_word' id='word_1_383' title='bbox 3061 4531 3165 4610; x_wconf 80' lang='grc' dir='ltr'>τῆς</span> <span class='ocrx_word' id='word_1_384' title='bbox 3208 4525 3325 4591; x_wconf 81' lang='grc' dir='ltr'>ἐπι-</span> 
     </span>
     <span class='ocr_line' id='line_1_40' title="bbox 741 4623 3325 4714; baseline 0 -23"><span class='ocrx_word' id='word_1_385' title='bbox 741 4629 956 4712; x_wconf 83' lang='grc' dir='ltr'>δημίας</span> <span class='ocrx_word' id='word_1_386' title='bbox 1009 4633 1110 4692; x_wconf 78' lang='grc' dir='ltr'>τοῦ</span> <span class='ocrx_word' id='word_1_387' title='bbox 1170 4630 1444 4713; x_wconf 76' lang='grc' dir='ltr'>μεγίστου</span> <span class='ocrx_word' id='word_1_388' title='bbox 1507 4629 1940 4712; x_wconf 83' lang='grc' dir='ltr'>αὐτοκράτορος</span> <span class='ocrx_word' id='word_1_389' title='bbox 1993 4623 2295 4711; x_wconf 82' lang='grc' dir='ltr'>Καίσαρος</span> <span class='ocrx_word' id='word_1_390' title='bbox 2338 4625 2630 4710; x_wconf 81' lang='grc' dir='ltr'>Τραιανοῦ</span> <span class='ocrx_word' id='word_1_391' title='bbox 2676 4623 2976 4713; x_wconf 78' lang='grc' dir='ltr'>Ἀδριανοῦ</span> <span class='ocrx_word' id='word_1_392' title='bbox 3021 4627 3325 4714; x_wconf 82' lang='grc' dir='ltr'>Σεβαστοῦ</span> 
     </span>
     <span class='ocr_line' id='line_1_41' title="bbox 739 4728 3321 4814; baseline 0 -21"><span class='ocrx_word' id='word_1_393' title='bbox 739 4729 809 4794; x_wconf 76' lang='lat' dir='ltr'>id</span> <span class='ocrx_word' id='word_1_394' title='bbox 846 4734 938 4794; x_wconf 80' lang='lat' dir='ltr'>est</span> <span class='ocrx_word' id='word_1_395' title='bbox 982 4751 1043 4793; x_wconf 90' lang='lat' dir='ltr'>a.</span> <span class='ocrx_word' id='word_1_396' title='bbox 1088 4730 1224 4811; x_wconf 79' lang='lat' dir='ltr'>fere</span> <span class='ocrx_word' id='word_1_397' title='bbox 1267 4730 1547 4796; x_wconf 66' lang='grc' dir='ltr'><em>127Χ128</em></span> <span class='ocrx_word' id='word_1_398' title='bbox 1592 4731 1673 4811; x_wconf 81' lang='lat' dir='ltr'>cf.</span> <span class='ocrx_word' id='word_1_399' title='bbox 1707 4728 1893 4793; x_wconf 66' lang='lat' dir='ltr'>Dio-r</span> <span class='ocrx_word' id='word_1_400' title='bbox 1925 4751 1994 4810; x_wconf 78' lang='lat' dir='ltr'>p.</span> <span class='ocrx_word' id='word_1_401' title='bbox 2026 4734 2125 4792; x_wconf 83' lang='lat'>43.</span> <span class='ocrx_word' id='word_1_402' title='bbox 2197 4729 2431 4793; x_wconf 85' lang='lat' dir='ltr'>Postea</span> <span class='ocrx_word' id='word_1_403' title='bbox 2477 4728 2871 4814; x_wconf 85' lang='lat' dir='ltr'>hipparchus</span> <span class='ocrx_word' id='word_1_404' title='bbox 2916 4733 2958 4794; x_wconf 88' lang='grc' dir='ltr'>έ.</span> <span class='ocrx_word' id='word_1_405' title='bbox 3005 4734 3110 4793; x_wconf 90' lang='grc'><em>12.</em></span> <span class='ocrx_word' id='word_1_406' title='bbox 3184 4731 3321 4794; x_wconf 85' lang='lat' dir='ltr'>Iam</span> 
     </span>
     <span class='ocr_line' id='line_1_42' title="bbox 737 4830 3327 4918; baseline 0 -22"><span class='ocrx_word' id='word_1_407' title='bbox 737 4842 887 4896; x_wconf 87' lang='lat' dir='ltr'>ante</span> <span class='ocrx_word' id='word_1_408' title='bbox 916 4855 975 4896; x_wconf 87' lang='lat' dir='ltr'>a.</span> <span class='ocrx_word' id='word_1_409' title='bbox 1006 4834 1125 4897; x_wconf 84' lang='lat'>126</span> <span class='ocrx_word' id='word_1_410' title='bbox 1158 4832 1418 4918; x_wconf 87' lang='lat' dir='ltr'>publice</span> <span class='ocrx_word' id='word_1_411' title='bbox 1449 4831 1533 4895; x_wconf 82' lang='lat' dir='ltr'>ab</span> <span class='ocrx_word' id='word_1_412' title='bbox 1559 4830 2066 4896; x_wconf 87' lang='lat' dir='ltr'>Atheniensibus</span> <span class='ocrx_word' id='word_1_413' title='bbox 2101 4830 2454 4898; x_wconf 86' lang='lat' dir='ltr'>honoratus</span> <span class='ocrx_word' id='word_1_414' title='bbox 2485 4832 2745 4896; x_wconf 84' lang='lat' dir='ltr'>videtur</span> <span class='ocrx_word' id='word_1_415' title='bbox 2776 4837 2817 4896; x_wconf 91' lang='grc' dir='ltr'>έ.</span> <span class='ocrx_word' id='word_1_416' title='bbox 2839 4836 2952 4897; x_wconf 90' lang='grc'>22.</span> <span class='ocrx_word' id='word_1_417' title='bbox 3000 4830 3327 4917; x_wconf 78' lang='grc' dir='ltr'>Ἀρχιερεύς</span> 
     </span>
     <span class='ocr_line' id='line_1_43' title="bbox 740 4933 3325 5022; baseline 0 -25"><span class='ocrx_word' id='word_1_418' title='bbox 740 4934 1006 5015; x_wconf 77' lang='lat' dir='ltr'>(scilicet</span> <span class='ocrx_word' id='word_1_419' title='bbox 1033 4943 1151 5001; x_wconf 85' lang='grc' dir='ltr'>τῶν</span> <span class='ocrx_word' id='word_1_420' title='bbox 1191 4936 1541 5022; x_wconf 80' lang='grc' dir='ltr'>Σεβαστῶν)</span> <span class='ocrx_word' id='word_1_421' title='bbox 1574 4938 1615 4998; x_wconf 82' lang='lat' dir='ltr'>t.</span> <span class='ocrx_word' id='word_1_422' title='bbox 1647 4938 1747 4998; x_wconf 89' lang='grc'><em>31.</em></span> <span class='ocrx_word' id='word_1_423' title='bbox 1778 4938 1878 5009; x_wconf 84' lang='grc'>33,</span> <span class='ocrx_word' id='word_1_424' title='bbox 1925 4933 2117 5019; x_wconf 76' lang='grc' dir='ltr'>ἱερεύς</span> <span class='ocrx_word' id='word_1_425' title='bbox 2156 4939 2197 4998; x_wconf 86' lang='grc' dir='ltr'>έ.</span> <span class='ocrx_word' id='word_1_426' title='bbox 2230 4940 2314 4999; x_wconf 87' lang='grc'><em>30</em></span> <span class='ocrx_word' id='word_1_427' title='bbox 2344 4933 2465 4998; x_wconf 90' lang='lat' dir='ltr'>sub</span> <span class='ocrx_word' id='word_1_428' title='bbox 2496 4934 2689 4998; x_wconf 87' lang='lat' dir='ltr'>finem</span> <span class='ocrx_word' id='word_1_429' title='bbox 2721 4935 2970 5019; x_wconf 88' lang='lat' dir='ltr'>imperii</span> <span class='ocrx_word' id='word_1_430' title='bbox 3003 4933 3325 4998; x_wconf 85' lang='lat' dir='ltr'>Hadriani</span> 
     </span>
     <span class='ocr_line' id='line_1_44' title="bbox 737 5037 2797 5123; baseline -0 -22"><span class='ocrx_word' id='word_1_431' title='bbox 737 5038 846 5121; x_wconf 81' lang='lat' dir='ltr'><em>(cf.</em></span> <span class='ocrx_word' id='word_1_432' title='bbox 893 5043 934 5104; x_wconf 83' lang='lat' dir='ltr'>t.</span> <span class='ocrx_word' id='word_1_433' title='bbox 977 5039 1084 5118; x_wconf 87' lang='grc'><em>30)</em></span> <span class='ocrx_word' id='word_1_434' title='bbox 1126 5048 1273 5123; x_wconf 90' lang='lat' dir='ltr'>post</span> <span class='ocrx_word' id='word_1_435' title='bbox 1317 5046 1589 5102; x_wconf 89' lang='lat' dir='ltr'>mortem</span> <span class='ocrx_word' id='word_1_436' title='bbox 1637 5038 1841 5121; x_wconf 85' lang='lat' dir='ltr'>patris</span> <span class='ocrx_word' id='word_1_437' title='bbox 1886 5037 2096 5101; x_wconf 79' lang='lat' dir='ltr'>factus</span> <span class='ocrx_word' id='word_1_438' title='bbox 2142 5057 2197 5100; x_wconf 90' lang='grc' dir='ltr'>υ.</span> <span class='ocrx_word' id='word_1_439' title='bbox 2244 5057 2444 5119; x_wconf 71' lang='lat' dir='ltr'>supra</span> <span class='ocrx_word' id='word_1_440' title='bbox 2491 5038 2555 5101; x_wconf 83' lang='lat' dir='ltr'>in</span> <span class='ocrx_word' id='word_1_441' title='bbox 2583 5041 2797 5118; x_wconf 79' lang='lat' dir='ltr'>patre.</span> 
     </span>
    </p>

    <p class='ocr_par' dir='ltr' id='par_1_7' title="bbox 863 5137 3325 5222">
     <span class='ocr_line' id='line_1_45' title="bbox 863 5137 3325 5222; baseline -0 -18"><span class='ocrx_word' id='word_1_442' title='bbox 863 5138 1149 5205; x_wconf 79' lang='lat' dir='ltr'>Herodes</span> <span class='ocrx_word' id='word_1_443' title='bbox 1194 5159 1334 5204; x_wconf 79' lang='lat' dir='ltr'>cam</span> <span class='ocrx_word' id='word_1_444' title='bbox 1372 5138 1549 5222; x_wconf 70' lang='lat' dir='ltr'>filius</span> <span class='ocrx_word' id='word_1_445' title='bbox 1591 5139 1720 5202; x_wconf 80' lang='lat' dir='ltr'>viri</span> <span class='ocrx_word' id='word_1_446' title='bbox 1761 5137 2106 5202; x_wconf 77' lang='lat' dir='ltr'>clarissimi</span> <span class='ocrx_word' id='word_1_447' title='bbox 2142 5139 2280 5203; x_wconf 84' lang='lat' dir='ltr'>iure</span> <span class='ocrx_word' id='word_1_448' title='bbox 2306 5140 2619 5203; x_wconf 78' lang='lat' dir='ltr'>senatorii</span> <span class='ocrx_word' id='word_1_449' title='bbox 2650 5137 2891 5203; x_wconf 77' lang='lat' dir='ltr'>ordinis</span> <span class='ocrx_word' id='word_1_450' title='bbox 2919 5142 3093 5214; x_wconf 80' lang='lat' dir='ltr'>esset,</span> <span class='ocrx_word' id='word_1_451' title='bbox 3126 5160 3325 5220; x_wconf 77' lang='lat' dir='ltr'>prae-</span> 
     </span>
    </p>
   </div>
   <div class='ocr_carea' id='block_1_3' title="bbox 3753 1377 3762 2859">
    <p class='ocr_par' dir='ltr' id='par_1_8' title="bbox 3753 1377 3762 2859">
     <span class='ocr_line' id='line_1_46' title="bbox 3753 1377 3762 2859; baseline 0 0"><span class='ocrx_word' id='word_1_452' title='bbox 3753 1377 3762 2859; x_wconf 95' lang='lat' dir='ltr'> </span> 
     </span>
    </p>
   </div>
  </div>
 </body>
</html>
