3859 5992
740 509 1045 568 CASSIVS
2045 503 2172 569 318
3042 512 3440 569 CASTRIGVS

869 706 1132 773 dubium
1172 706 1423 772 videtur
1458 728 1610 771 nam
1642 707 1911 773 Severus
1939 708 2331 791 siynificetur
2356 707 2648 775 Diomed.
2677 708 2729 773 I
2750 730 2824 791 p.
2850 713 2974 773 373
3003 709 3147 791 (ubi
3174 708 3445 774 traditur

870 810 1113 876 Accius
1151 809 1419 876 Cassius
1447 809 1530 875 ad
1563 810 1931 893 Tiberium)
1964 840 2047 864 =
2074 809 2395 878 Priscian.
2427 811 2520 877 II
2539 832 2611 894 p.
2642 815 2766 876 489
2810 812 2951 893 (ubi
2989 812 3157 876 nude
3186 811 3443 878 Cassius

868 914 954 978 ad
984 913 1368 997 Tiberium).
1399 949 1486 961 —
1516 912 1783 979 Cassius
1816 913 2101 980 Severus
2147 916 2316 979 inter
2357 913 2693 979 historicos
2732 912 3038 979 laudatur
3078 914 3441 980 Tertullian.

868 1018 958 1082 ad
993 1018 1237 1083 nation.
1284 1021 1352 1095 2,
1398 1021 1487 1084 12
1535 1046 1615 1071 =
1662 1016 1910 1101 apolog.
1951 1022 2052 1095 10,
2096 1018 2214 1083 ubi
2252 1017 2501 1083 collatis
2539 1017 2785 1083 Minue.
2829 1017 2970 1083 Fel.
3014 1018 3231 1083 Octav.
3259 1023 3348 1084 21
3390 1022 3444 1081 et

869 1122 1168 1188 Lactant.
1198 1119 1471 1184 ens-titan
1503 1124 1563 1198 1,
1595 1124 1678 1184 13
1703 1141 1983 1185 errorem
2022 1121 2272 1186 subesse
2309 1120 2688 1186 Tertulliani
2729 1122 2896 1186 inter
2937 1140 3146 1185 onmes
3188 1125 3441 1187 constat.

999 1222 1311 1309 Corporis
1369 1222 1821 1306 magnitudine
1872 1224 2263 1310 conspicuus
2322 1223 2563 1290 Seneca
2617 1229 2883 1289 controv.
2924 1228 2969 1288 3
3010 1224 3229 1306 praef.
3268 1227 3331 1300 3,
3389 1224 3443 1285 ei

873 1327 1243 1392 Armentari
1301 1323 1734 1390 murmillonis
1788 1325 2142 1392 similitudo
2187 1324 2439 1391 obiecta
2483 1335 2580 1390 est
2623 1324 2800 1391 Plin.
2845 1346 2909 1391 n.
2949 1325 3009 1390 lt.
3059 1331 3115 1403 7,
3157 1330 3239 1392 55
3282 1323 3445 1405 (inde

872 1429 1077 1496 Solv'n.
1107 1433 1165 1505 1,
1189 1427 1324 1511 82).
1347 1464 1435 1474 -
1458 1427 1764 1494 Summus
1800 1427 2063 1494 Publilii
2099 1428 2250 1514 Syri
2282 1437 2530 1493 amator
2553 1427 2792 1494 Seneca
2813 1433 3086 1493 controv.
3110 1433 3169 1512 7,
3198 1433 3256 1505 3,
3289 1431 3441 1492 8.-

872 1531 1277 1597 Memoratur
1315 1531 1693 1612 Quintilian.
1739 1533 2014 1600 institut.
2059 1537 2165 1611 12,
2213 1538 2316 1610 10,
2362 1537 2461 1597 11.
2504 1569 2591 1578 -
2633 1530 2979 1614 Ρεψεναηι
3022 1533 3093 1597 in
3136 1532 3446 1597 codicibus

869 1634 1247 1717 quibusdam
1268 1634 1540 1701 Horatii
1559 1635 1737 1718 epod.
1762 1640 1803 1700 6
1831 1637 2205 1720 inscriptum
2238 1641 2331 1701 est
2359 1637 2424 1700 in
2456 1635 2750 1701 Cassium
2776 1634 3091 1701 Severum
3121 1636 3204 1717 cf.
3231 1635 3444 1699 Kiess-

873 1735 1007 1820 liny
1048 1736 1139 1801 ad
1181 1737 1220 1803 l.
1269 1736 1311 1806 l.

763 1874 852 1886 -—
919 1838 1353 1924 [STATJILIVS
1402 1849 1701 1905 CASSIVS
1747 1849 2146 1908 TAVRINVS.

743 1942 870 2007 444
917 1949 1174 2022 CASTA‚
1225 1940 1495 2008 Caecilii
1544 1941 1814 2009 Classici
1859 1965 2047 2027 uxor,
2111 1946 2178 2008 in
2223 1966 2420 2008 causa
2461 1944 2675 2008 mariti
2720 1945 2953 2009 mortui
3005 1967 3046 2007 a
3088 1942 3299 2008 Plinio
3342 1965 3447 2006 rea

868 2042 1040 2109 facta
1082 2043 1385 2110 absoluta
1428 2054 1527 2110 est
1556 2044 1738 2110 Plin.
1771 2047 1953 2129 epist.
1985 2051 2048 2124 3,
2080 2051 2140 2124 9,
2173 2050 2415 2113 18-20.
2457 2051 2564 2112 29.
2608 2050 2708 2113 34.

760 2182 847 2192 -
912 2146 1126 2212 Maria
1170 2146 1386 2216 Casta.

742 2248 867 2315 445
915 2248 1340 2335 Castellanus,
1388 2250 1662 2317 libertus
1707 2252 1814 2335 (L.
1861 2251 2077 2334 Iunio)
2121 2250 2407 2320 Gallioni
2452 2250 2814 2317 simillimus
2849 2250 3034 2319 Plin.
3062 2273 3130 2317 n.
3167 2252 3228 2317 lt.
3260 2258 3318 2330 7,
3350 2257 3444 2318 55.

761 2388 848 2398 -
914 2360 973 2417 C.
1024 2361 1275 2417 IVLIVS
1323 2353 1777 2437 SEPTOMIVS)
1825 2361 2209 2419 CASTINVS.

742 2455 869 2520 446
915 2454 1165 2539 Castor,
1213 2456 1506 2521 centurio
1550 2457 1619 2520 in
1663 2456 1988 2541 Aegypto,
2035 2457 2333 2521 minister
2378 2454 2603 2521 Avillii
2645 2456 2864 2522 Flacci
2907 2455 3109 2522 Philo
3151 2456 3445 2521 adversus

867 2556 1190 2623 Flaccum
1221 2558 1314 2624 II
1334 2580 1407 2641 p.
1437 2562 1566 2624 529
1597 2578 1686 2641 sq.
1733 2558 1827 2626 ed.
1877 2557 2181 2642 Manqey.

743 2660 868 2726 447
916 2659 1167 2739 Castor,
1200 2660 1639 2727 cubicularius
1663 2661 2069 2748 imperatoris
2098 2661 2395 2748 Septimii
2418 2662 2665 2746 Severi,
2684 2663 2962 2747 optimus
2986 2673 3141 2728 tunc
3164 2665 3443 2729 omnium

869 2762 1264 2829 aulai-iorum
1307 2763 1442 2830 Dio
1488 2769 1585 2842 76,
1627 2769 1706 2829 14
1750 2764 2079 2844 (Zonaras
2118 2768 2224 2841 12,
2262 2764 2387 2847 10).

762 2900 849 2910 -
910 2864 1237 2931 Antonius
1280 2866 1532 2935 Castor.

764 3004 852 3014 —
916 2977 1144 3033 ACGIA
1188 2977 1792 3034 ASCLEPIANILLA
1836 2976 2250 3034 CASTOREA.

743 3070 870 3135 448
915 3069 1146 3136 Castr.
1172 3120 1189 3136 .
1216 3119 1233 3136 .
1258 3119 1275 3136 .
1346 3072 1650 3155 (fortasse
1714 3071 2184 3155 Castr[icius]),
2253 3071 2678 3157 [procurator]
2754 3073 3124 3157 provinciae
3190 3073 3442 3138 Africae

871 3179 1255 3239 memoratur
1295 3176 1366 3240 in
1410 3180 1453 3240 t.
1496 3174 1866 3239 Arelatensi
1904 3175 2131 3240 mutilo
2175 3174 2337 3240 XII
2367 3180 2507 3240 671.

743 3276 869 3340 449
914 3275 1293 3360 Castricius,
1338 3277 1449 3363 qui
1495 3281 1827 3364 κηπουρικά
1872 3278 2150 3364 scripsit,
2196 3288 2428 3344 auctor
2472 3277 2666 3343 Plinii
2700 3277 2882 3343 Ple'n.
2912 3298 2979 3347 n.
3015 3276 3076 3343 h.
3115 3277 3245 3342 ind.
3273 3277 3314 3341 l.
3344 3282 3439 3352 19,

869 3378 1127 3444 aliunde
1164 3400 1295 3444 non
1336 3384 1543 3444 notus,

741 3481 869 3547 450
910 3481 1266 3547 Castricius
1311 3505 1346 3546 e
1391 3504 1646 3548 reorum
1688 3504 1960 3548 numero
2006 3481 2090 3548 ab
2129 3484 2428 3567 Augusto
2479 3484 2779 3570 precibus
2825 3494 3103 3570 ereptus,
3150 3482 3324 3570 quod
3364 3482 3441 3547 de

872 3584 1313 3649 coniuratione
1355 3584 1670 3650 Murenae
1716 3585 2031 3650 indicium
2075 3586 2316 3651 tulerat
2352 3586 2612 3652 Sueton.
2643 3586 2913 3671 August.
2941 3591 3043 3654 56.

743 3688 865 3753 451
916 3687 996 3752 Τ.
1042 3686 1413 3769 Castricius,
1462 3686 1823 3753 rhetoricae
1853 3688 2238 3775 disciplinae
2269 3689 2514 3765 doctor,
2547 3691 2659 3775 qui
2697 3689 2927 3754 habuit
2956 3691 3198 3754 Romae
3239 3687 3441 3753 locum

871 3789 1231 3876 principem
1275 3787 1679 3855 declamandi
1725 3814 1803 3856 ac
1848 3791 2131 3875 dicendi,
2180 3814 2429 3857 summa
2456 3793 2560 3857 vir
2597 3794 2979 3858 auctoritate
3002 3794 3443 3877 gravitateque

874 3901 940 3957 et
968 3914 1009 3956 a
1036 3892 1190 3956 divo
1221 3891 1558 3957 Hadriano
1604 3893 1671 3958 in
1715 3915 1928 3959 mores
1974 3904 2173 3981 atque
2219 3893 2463 3959 litteras
2492 3905 2821 3981 spectatus
2853 3895 3101 3962 Gellius
3129 3900 3227 3973 13,
3248 3900 3351 3971 21,
3375 3899 3444 3970 1,·

872 3995 1181 4077 magister
1213 3993 1406 4060 Gellii
1435 3999 1495 4072 1,
1527 4000 1584 4071 6,
1619 4000 1696 4074 4,·
1736 4000 1803 4073 2,
1835 4001 1945 4074 27,
1976 4002 2048 4075 3,·
2092 4002 2192 4074 11,
2222 4001 2322 4074 13,
2350 4003 2425 4074 1,·
2469 4003 2571 4075 13,
2603 4003 2718 4064 22.
2796 3997 3175 4064 ‘Castricius
3207 4004 3438 4061 noster'

867 4101 942 4161 ut
981 4098 1159 4161 vivus
1199 4102 1589 4162 mernor-atur
1629 4097 1861 4165 Front.
1909 4100 1999 4164 ad
2043 4101 2228 4166 amic.
2260 4106 2324 4175 2,
2354 4103 2405 4165 2
2434 4121 2508 4183 p.
2537 4106 2661 4166 190
2705 4100 2801 4167 ecl.
2842 4100 3082 4166 Naber.

741 4200 912 4264 451a
955 4198 1312 4265 Castricius
1342 4200 1619 4283 Firmus,
1661 4201 1922 4267 auditor
1955 4202 2192 4267 Plotini
2223 4201 2589 4289 philosophi
2620 4202 3020 4287 Porphyrius
3045 4204 3155 4267 vit.
3186 4201 3356 4269 Plot.
3377 4206 3441 4277 2,

872 4301 976 4365 cui
1020 4300 1350 4367 dedicavit
1391 4302 1797 4390 Porphyrius
1854 4303 2055 4370 libros
2105 4308 2235 4391 περὶ
2288 4308 2526 4391 ἀποχῆς
2568 4305 2860 4393 ἐμψύχων
2905 4306 2990 4388 cf.
3032 4311 3091 4382 1,
3136 4310 3212 4384 1‚·
3266 4309 3331 4382 2,
3373 4308 3445 4380 1,·

868 4406 930 4480 3,
975 4408 1049 4481 1‚·
1103 4408 1165 4480 4,
1210 4408 1267 4471 1.

742 4506 871 4570 452
914 4517 985 4569 A.
1033 4514 1466 4571 CASTRICIVS
1512 4517 1787 4593 MYRIO,
1835 4508 2095 4575 Talenti
2141 4507 2349 4594 filius,
2395 4508 2695 4576 tribunus
2738 4509 3044 4593 militum,
3092 4509 3445 4597 praefectus

873 4609 1164 4693 equitum
1195 4619 1262 4675 et
1291 4607 1531 4693 classis,
1580 4614 1888 4695 magister
1917 4611 2340 4697 collegiorum
2370 4614 2817 4699 Lupercorum
2848 4623 2914 4678 et
2942 4606 3443 4699 Capitolinorum

868 4719 934 4774 et
976 4710 1459 4778 Mercurialium
1506 4724 1572 4780 et
1621 4735 2027 4800 paganorum
2073 4715 2638 4800 Aventinensium‚
2683 4716 3025 4782 XXVIvir
3066 4715 3254 4781 XIV
3280 4716 3444 4779 2105

870 4817 914 4880 t.
947 4814 1321 4880 Lanuvmus
1352 4837 1394 4879 a
1421 4817 1547 4899 fine
1575 4817 1854 4883 mutvlus.
1882 4856 1971 4865 —
2007 4818 2284 4902 Propter
2311 4820 2926 4901 vvfflniaesewiratum
2961 4819 3142 4884 homo
3174 4817 3445 4902 pertinet

871 4915 960 4980 ad
999 4917 1188 5000 finem
1233 4917 1471 4984 liberae
1512 4921 1613 4986 rei
1639 4921 1946 5005 publaecae
1987 4921 2084 4986 vel
2128 4921 2217 4986 ad
2260 4923 2513 4987 mitium
2543 4923 2800 5008 imperii
2824 4921 3121 5006 Any-asti.

739 5021 868 5085 453
915 5018 1279 5103 Castricus,
1344 5032 1535 5106 poeta
1594 5034 1660 5089 et
1718 5026 1966 5089 amicus
2026 5022 2383 5103 Martialis,
2443 5025 2527 5091 ad
2584 5048 2777 5113 quem
2834 5025 3095 5111 scripsit
3135 5020 3447 5088 Martialis

868 5125 1303 5208 epiyrm643
1344 5128 1553 5206 6,68,·
1600 5132 1764 5207 74·
1809 5132 2016 5206 7,37;
2062 5132 2257 5205 7,4.2.
