3859 5992
566 607 937 664 CLAVDIVS
1851 604 1977 669 357
2906 616 3276 672 CLAVDIVS

577 708 632 712 -
729 706 1024 713 w——
1081 708 1120 712 u
1143 708 1154 711 -
1189 708 1268 713 -

689 807 892 871 torius
944 811 1157 870 utrum
1208 808 1422 889 faetus
1463 810 1548 872 sit
1577 815 1903 890 praetura
1944 812 2201 892 functus
2245 833 2330 876 an
2376 812 2457 876 ab
2503 813 2884 894 imperatore
2928 812 3277 879 Hadriano

691 907 972 973 adlectus
1012 909 1179 974 inter
1211 911 1605 992 praetorios,
1669 932 1862 994 neque
1921 933 1997 976 ex
2042 912 2244 977 titulis
2286 935 2480 996 neque
2539 936 2615 979 ex
2663 917 3080 997 scriptoribus
3126 938 3279 999 per-

688 1012 975 1094 spicitur.
1068 1010 1250 1076 Certe
1288 1014 1662 1095 praetorius
1705 1014 1859 1099 ἧρχε
1903 1021 2024 1080 τῶν
2071 1015 2224 1081 κατὰ
2263 1019 2368 1101 τὴν
2417 1014 2605 1083 Ἀσίαν
2653 1018 2992 1104 ἐλευθέρων
3040 1019 3275 1085 πόλεων

691 1113 914 1178 eodem
951 1125 1256 1199 tempore,
1305 1137 1433 1200 quo
1479 1116 1555 1180 T.
1588 1116 1819 1180 Arrius
1855 1118 2226 1182 Antoninus
2272 1119 2410 1204 (qui
2455 1130 2678 1204 postea
2721 1121 3090 1205 imperavit)
3137 1144 3280 1207 pro-

691 1215 916 1281 consul
962 1217 1160 1282 Asiae
1201 1229 1500 1302 praeerat
1540 1221 1675 1283 vita
1709 1224 1770 1284 4.
1815 1225 1898 1284 17
1936 1220 2019 1301 ef.
2053 1218 2358 1286 Philostr.
2391 1226 2448 1297 1,
2480 1226 2584 1298 25,
2620 1227 2735 1301 13;
2782 1222 3034 1306 legatus
3081 1226 3281 1308 igitur

693 1321 924 1383 missus
967 1318 1052 1383 ad
1097 1320 1549 1403 corrigendum
1597 1331 1834 1386 statum
1879 1324 2240 1387 civitatium
2287 1322 2638 1388 liberarum
2677 1327 3051 1409 provinciae
3081 1325 3278 1392 Asiae

694 1424 868 1487 circa
926 1446 986 1487 a.
1033 1422 1327 1489 132l135.
1432 1424 1675 1491 Consul
1733 1447 1792 1490 a.
1859 1425 1979 1490 143
2038 1448 2181 1489 cum
2243 1425 2318 1492 O.
2377 1425 2649 1492 Bellicio
2708 1427 3040 1513 Torquato
3098 1431 3276 1512 fasti,

695 1524 1001 1590 Philostr.
1047 1530 1105 1602 1,
1153 1529 1258 1603 25,
1306 1530 1415 1603 13,
1465 1531 1508 1590 t.
1553 1532 1630 1604 4,
1692 1526 2051 1592 consularis
2097 1531 2138 1595 t.
2184 1532 2297 1605 34,
2357 1527 2606 1594 Gellius
2648 1535 2706 1605 1,
2752 1535 2817 1607 2,
2872 1536 2911 1594 1
2926 1551 2946 1609 ;
2988 1537 3047 1608 9,
3095 1536 3162 1609 2,
3206 1537 3283 1611 1;

692 1633 793 1705 19,
827 1632 931 1705 12,
964 1634 1024 1693 1.
1105 1627 1318 1693 Morte
1365 1628 1657 1712 Regillae
1702 1631 1925 1695 uxoris
1971 1641 2325 1695 commotus
2371 1630 2608 1695 dicitur
2654 1631 2934 1717 δευτέραν
2980 1637 3280 1719 κλήρωσιν

692 1737 798 1815 τῆς
843 1734 1065 1798 ὑπάτου
1107 1734 1301 1817 ἀρχῆς
1339 1732 1747 1818 ἀναβαλέσθαι
1790 1733 1925 1797 vita
1968 1738 2070 1810 19,
2116 1754 2278 1816 quae
2319 1734 2513 1798 verba
2555 1735 2764 1798 minus
2803 1736 3152 1818 perspicua
3197 1736 3285 1801 ad

691 1835 994 1899 iteratam
1057 1834 1450 1897 sortitionem
1498 1833 2069 1916 proconsulatuum
2134 1834 2565 1900 consularium
2623 1835 2826 1900 Asiae
2895 1841 2955 1901 et
3011 1836 3283 1920 Africae

693 1941 974 2021 spectare
1015 1934 1326 2000 videntur.

828 2040 1189 2123 Imperator
1244 2038 1403 2102 Pius
1460 2036 1788 2102 Herodem
1847 2040 2233 2122 magistrum
2292 2039 2380 2107 M.
2426 2038 2678 2104 Aurelii
2740 2051 2806 2106 et
2848 2042 2925 2106 L.
2972 2041 3127 2106 Veri
3189 2043 3280 2106 in·

695 2144 904 2207 stituit
945 2139 1077 2206 Dio
1125 2145 1222 2217 71,
1264 2143 1364 2216 35,
1409 2141 1517 2206 vit.
1567 2140 1794 2205 Marci
1832 2146 1891 2218 4,
1938 2146 2002 2219 2,
2061 2141 2209 2206 Veri
2247 2148 2313 2219 2,
2358 2146 2417 2220 5,
2464 2142 2563 2208 Μ
2595 2143 2901 2208 Aurelius
2945 2143 3033 2207 ad
3071 2144 3281 2209 Fron-

694 2252 897 2312 tonem
939 2249 997 2321 1,
1044 2249 1085 2309 6
1112 2266 1187 2327 Ρ.
1220 2248 1318 2308 17.
1418 2244 1664 2309 Romae
1720 2242 1840 2308 sub
1901 2244 2021 2309 Pio
2081 2267 2343 2309 causam
2402 2244 2571 2309 dixit
2629 2247 3124 2329 atrocissimam,
3192 2249 3283 2312 ‘in

700 2371 832 2436 qua
888 2347 1237 2412 dicendum
1297 2346 1492 2430 (crat)
1547 2345 1628 2410 de
1689 2346 2057 2411 hominibus
2116 2346 2337 2413 liberis
2397 2348 2746 2413 crudeliter
2799 2348 3159 2414 verberatis
3220 2361 3285 2414 et

697 2450 1003 2535 spoliatis,
1067 2471 1195 2514 uno
1241 2471 1396 2513 vero
1443 2450 1633 2514 etiam
1680 2450 1911 2531 occiso,
1976 2448 2322 2514 dicendum
2366 2449 2448 2514 de
2492 2449 2624 2514 filio
2672 2453 2867 2536 impio
2907 2460 2972 2515 et
3015 2474 3282 2538 precum

697 2564 1114 2640 paternarum
1158 2553 1550 2616 immemore‘
1601 2551 1851 2617 Fronto
1882 2575 1955 2636 Ρ.
1987 2557 2111 2630 42;
2172 2574 2434 2617 causam
2474 2554 2606 2636 egit
2652 2552 2992 2618 Cornelius
3037 2555 3281 2620 Fronto

695 2658 1034 2742 (patronus
1080 2666 1152 2719 ut
1189 2653 1454 2720 videtur
1483 2655 1926 2720 Demonstrati
1965 2654 2282 2737 Petiliani,
2331 2677 2447 2740 pro
2479 2677 2609 2740 quo
2645 2657 2900 2720 tertiam
2929 2657 3283 2721 orationem

695 2761 760 2823 in
806 2756 1302 2842 Asclepidotum
1362 2758 1669 2843 scriptam
1725 2768 2040 2823 memorat
2096 2756 2346 2822 Fronto
2377 2780 2452 2840 Ρ.
2489 2760 2653 2841 111),
2708 2759 2915 2823 acturi
2968 2758 3282 2825 Frontoni

696 2862 1088 2926 videbantur
1146 2858 1503 2945 Capreolus
1558 2871 1622 2924 et
1678 2860 2050 2925 Marcianus
2116 2876 2179 2925 et
2224 2860 2544 2925 Villianus
2604 2861 2690 2927 id.
2723 2883 2798 2944 Ρ.
2844 2866 2960 2939 43,’
3013 2882 3144 2947 qua
3203 2861 3284 2925 de

695 2987 891 3029 causa
919 2963 1009 3028 M.
1041 2962 1349 3028 Aurelius
1380 2975 1445 3028 et
1473 2964 1716 3028 Fronto
1756 2964 1823 3027 in
1854 2965 2063 3028 vicem
2107 2962 2355 3029 litteras
2400 2965 2799 3049 scripserunt
2842 2964 2930 3029 ad
2957 2963 3056 3029 M.
3100 2963 3281 3030 Caes,

693 3072 752 3145 3,
806 3072 964 3133 2-6.
1070 3065 1483 3151 Quamquam
1543 3065 1788 3130 Fronto
1844 3066 1926 3130 de
2000 3088 2076 3130 ea
2136 3087 2335 3130 causa
2401 3068 2758 3131 orationem
2821 3067 2889 3130 in
2954 3065 3284 3152 publicum

696 3171 1026 3252 emiserat,
1092 3178 1315 3254 postea
1368 3168 1668 3233 Herodes
1730 3170 1788 3233 ei
1845 3167 2300 3234 reconciliatus
2357 3179 2454 3233 est
2495 3169 2744 3234 Fronto
2785 3169 2875 3233 ad
2918 3169 3017 3236 M.
3061 3168 3283 3234 Aurel.

699 3272 879 3338 Caes.
909 3276 969 3348 4,
1003 3277 1052 3337 2
1081 3293 1154 3354 Ρ.
1187 3276 1284 3349 61,
1334 3270 1422 3335 ad
1449 3271 1706 3336 eundem
1735 3273 1885 3355 imp.
1914 3277 1982 3349 2,
2019 3275 2063 3335 8
2093 3294 2166 3355 Ρ.
2198 3277 2336 3349 111,
2374 3271 2462 3335 ad
2488 3273 2566 3335 L.
2617 3271 2843 3336 Verum
2869 3277 2936 3349 2,
2970 3277 3010 3337 9
3043 3294 3115 3354 Ρ.
3140 3275 3282 3340 138.

704 3376 875 3441 Vnde
931 3376 1068 3438 veri
1119 3373 1351 3438 similis
1401 3379 1492 3438 est
1546 3376 1911 3439 coniectura
1958 3373 2306 3438 Niebuhrii
2348 3374 2435 3437 ad
2475 3373 2794 3439 Herodem
2837 3373 3287 3439 consolandum

690 3480 1021 3562 scripsisse
1046 3475 1436 3541 Frontonem
1472 3477 1809 3560 epistulam
1830 3498 2150 3561 yraecam,
2182 3478 2361 3541 cuius
2390 3481 2609 3541 eoetant
2636 3478 3003 3560 fraymenta
3035 3500 3106 3560 Ρ.
3130 3483 3282 3546 243.

823 3580 990 3646 Cum
1034 3579 1153 3644 Pio
1199 3580 1560 3664 imperante
1600 3581 1667 3644 in
1714 3580 2060 3646 Graeciam
2104 3600 2405 3643 reversus
2448 3589 2651 3655 esset,
2698 3580 3076 3644 inimicitiae
3116 3580 3285 3645 inter

695 3706 838 3749 eum
894 3693 960 3747 et
1011 3682 1402 3763 Quinctilios
1456 3693 1635 3748 ortae
1690 3694 1842 3748 sunt
1897 3683 2034 3746 vita
2073 3686 2180 3748 24.
2226 3686 2331 3758 25,
2389 3680 2552 3747 ὁπότ’
2600 3682 2788 3767 ἄμφω
2834 3688 2941 3767 τῆς
2984 3680 3283 3753 Ἑλλάδος

691 3786 976 3873 ἡρχέτην,
1008 3785 1244 3850 seilicet
1273 3806 1414 3849 cum
1444 3785 1591 3853 Sex.
1632 3785 1977 3867 Quinctilio
2016 3784 2346 3850 Condiano
2377 3788 2436 3849 et
2466 3783 2616 3850 Sex.
2650 3783 2994 3865 Quinctilio
3032 3783 3283 3849 Valerio

697 3890 993 3954 Maximo
1037 3889 1357 3970 fratribus
1374 3939 1388 3966 ,
1445 3909 1710 3971 quor-um
1764 3887 1867 3952 hic
1920 3888 2163 3969 legatus
2208 3887 2584 3970 provinciae
2625 3887 2920 3951 Achaiae
2962 3888 3091 3969 fuit
3134 3885 3285 3952 GIL

691 3992 882 4058 XIV
895 3996 1083 4074 2609,
1132 3991 1314 4056 illum
1343 3991 1786 4074 proconsulem
1828 3992 2027 4074 fuisse
2056 3990 2425 4074 ponendum
2452 3995 2560 4057 est.
2622 3989 3137 4071 Atheniensium,
3169 3991 3283 4075 qui

693 4094 1131 4160 dominatione
1172 4093 1454 4158 Herodis
1498 4096 1704 4178 pressi
1750 4092 1872 4157 sibi
1916 4092 2326 4174 videbantur,
2374 4092 2827 4157 Demostratus
2873 4093 3281 4176 Praxagoras

692 4197 1120 4263 Mamertinus
1164 4193 1405 4280 aliique
1450 4194 1669 4281 plures
1712 4195 2070 4261 adversarii
2115 4195 2363 4260 Herodi
2411 4196 2766 4260 extiterunt
2810 4205 2874 4260 et
2917 4216 3063 4259 eum
3107 4193 3281 4280 apud

699 4297 1149 4387 proconsulem
1194 4309 1679 4383 accusaverunt,
1729 4321 1876 4363 cum
1908 4297 2082 4384 apud
2123 4298 2395 4362 eundem
2427 4297 2723 4362 Herodes
2769 4298 2836 4361 in
2882 4298 3094 4361 vicem
3138 4296 3281 4361 illos

694 4402 1008 4490 populum
1072 4402 1139 4465 in
1204 4424 1274 4465 se
1335 4403 1692 4468 concitasse
1757 4400 2193 4483 insimularet3
2269 4399 2626 4465 adversarii
2692 4411 2942 4483 autem,
3003 4420 3280 4484 quorum

694 4508 933 4593 primas
1012 4514 1231 4589 partes
1308 4505 1543 4588 agebat
1605 4505 2094 4586 Demostratus,
2170 4503 2256 4568 ad
2318 4505 2773 4589 imperatorem
2838 4502 3135 4566 Marcum
3212 4503 3280 4566 in

692 4607 928 4696 oppido
975 4608 1352 4672 Pannoniae
1397 4607 1632 4675 Sirmio
1679 4610 1766 4694 (a.
1817 4608 2119 4691 17os171)
2166 4616 2467 4690 agentem
2524 4628 2593 4670 se
2651 4602 3095 4687 contulerunt,
3150 4625 3279 4690 quo

696 4710 993 4777 Herodes
1037 4732 1296 4776 causam
1344 4711 1639 4780 dicturus
1684 4723 1748 4778 et
1794 4715 1932 4800 ipse
1978 4712 2310 4798 profectus
2357 4719 2455 4774 est
2480 4710 2615 4772 vita
2641 4712 2887 4774 25-27.
2991 4705 3087 4772 At
3124 4706 3280 4772 haee

694 4814 993 4882 narratio
1035 4814 1422 4880 Philostrati
1460 4817 1716 4879 minime
1760 4819 2069 4880 accurata
2113 4833 2242 4879 esse
2288 4816 2533 4896 potest,
2595 4811 2824 4894 quippe
2875 4810 2991 4892 qui
3042 4829 3145 4874 res
3184 4810 3283 4873 ita

691 4915 1040 4994 rettulerit,
1099 4918 1289 4998 quasi
1328 4916 1702 4981 inimicitiae
1742 4916 1907 4980 inter
1950 4915 2269 4981 Herodem
2313 4920 2373 4981 et
2423 4913 2803 4996 Quinctilios
2839 4911 3278 4977 Athenienses-

692 5042 810 5105 que
840 5018 1046 5104 paulo
1080 5024 1228 5084 ante
1259 5041 1320 5084 a.
1351 5023 1474 5083 170
1509 5023 1684 5084 ortae
1714 5022 1931 5084 essent.
2002 5019 2403 5100 Quamquam
2433 5018 2599 5082 enim
2630 5038 2757 5100 per
2782 5036 2848 5080 se
2877 5015 3045 5098 poni
3072 5018 3282 5097 potest

697 5122 1099 5192 Condianum
1142 5126 1295 5204 post
1345 5122 1735 5188 consulatum
1776 5120 2101 5186 Achaiam
2155 5121 2394 5185 rescisse
2453 5120 2562 5204 (ef.
2622 5140 2782 5201 quae
2840 5116 3145 5182 adnotavi
3196 5114 3284 5179 ad
3340 5142 3351 5149 ·

693 5226 762 5291 Α
818 5225 966 5309 934)
1025 5229 1086 5290 et
1148 5223 1509 5291 Maximum
1570 5229 1834 5307 propter
1893 5222 2411 5289 necessitudinem
2426 5271 2444 5300 ,
2515 5221 2804 5304 quamvis
2867 5217 3277 5295 consularem,
