3859 5992
579 558 820 615 ANmA
1886 550 1974 617 '75
3047 558 3288 617 ANmA

709 757 841 821 ΙΠ
870 760 1032 822 1333
1088 755 1450 822 emendatus
1493 777 1537 820 a
1577 755 2083 840 Dittenberyero,
2145 759 2581 822 commentatio
2636 757 2718 822 de
2760 757 3042 823 Herodis
3081 759 3291 824 Attici

707 859 1120 925 monumentis
1161 857 1504 943 Olympieis
1531 880 1605 943 Ρ.
1638 858 1711 924 X
1724 858 1787 924 V
1815 857 1929 942 (2).

837 959 1090 1028 Ἀππίαν
1152 960 1383 1028 Ἀννίαν
1444 960 1747 1045 Ἀ[τ]ιλίαν
1808 958 2129 1049 Ῥήγιλλαν
2177 960 2544 1050 Ἐλπινείκην
2589 961 3002 1050 Ἀγριππεῗναν
3050 962 3286 1052 Ἀτρίαν

709 1064 1013 1149 Π[ῶ]λλαν
1058 1069 1102 1129 t.
1147 1069 1217 1141 1,
1277 1062 1503 1147 [Αππία
1551 1062 1771 1146 Ἀννία]
1831 1062 2122 1147 [Ατ]ειλία
2178 1061 2511 1151 [Ῥήγιλλα]
2573 1064 3032 1152 [Αγρ]ιππεῖ[ν]α
3091 1065 3286 1134 Ἐλπι-

713 1166 919 1255 [νείκη]
969 1166 1173 1255 Ἀτρία
1232 1166 1460 1233 Πῶλλα
1515 1171 1559 1231 t.
1604 1171 1678 1243 2,
1738 1165 2042 1251 Elpinice
2099 1164 2535 1231 Philostratus
2575 1168 2683 1232 vit.
2730 1167 2908 1251 soph.
2956 1173 3023 1246 2,
3065 1175 3125 1248 1,
3171 1175 3283 1237 22.

707 1270 808 1335 Ti.
840 1268 1099 1334 Claudii
1131 1269 1333 1334 Attici
1364 1267 1648 1333 Herodis
1679 1276 1745 1332 et
1771 1268 2032 1353 Appiae
2061 1267 2317 1334 Anniae
2346 1268 2638 1352 Regillae
2665 1269 2801 1334 filia
2841 1275 2885 1335 t.
2916 1275 2977 1336 1.
3007 1276 3074 1349 2,
3119 1293 3288 1336 uxor

707 1371 784 1436 L.
830 1370 1156 1457 [Vinullii
1202 1369 1568 1457 Hipparchi
1613 1375 1656 1435 t.
1706 1376 1774 1437 2.
1859 1370 2203 1456 Superstes
2245 1373 2435 1436 matri
2490 1371 2849 1455 (defunctae
2890 1393 2952 1438 a.
2997 1374 3286 1456 160l161)

706 1472 1045 1540 IGI1389
1062 1482 1103 1535 Ι
1115 1496 1171 1539 v.
1188 1479 1270 1541 15
1298 1473 1462 1558 (vide
1487 1475 1560 1539 in
1587 1473 1814 1555 matre)
1846 1485 2100 1538 mortua
2130 1483 2227 1539 est
2253 1484 2405 1539 ante
2435 1484 2685 1561 patrem
2707 1474 3141 1542 Philostratus
3168 1477 3211 1542 l.
3244 1477 3285 1541 l.

579 1577 706 1641 546
747 1585 989 1641 ANNIA
1049 1585 1484 1641 CORNIFIOIA
1538 1585 1913 1641 FAVSTINA
1974 1576 2223 1658 (Annia
2281 1576 2630 1642 Cornificia
2684 1578 2794 1643 vit.
2842 1576 3069 1643 Marci
3107 1584 3166 1656 1,
3209 1582 3290 1657 8,·

705 1679 925 1745 Annia
968 1680 1284 1745 Faustina
1323 1679 1395 1744 in
1439 1678 1709 1764 teyulis)‚
1757 1700 1942 1745 soror
1997 1688 2156 1744 natu
2212 1680 2424 1743 minor
2465 1680 2671 1745 Marci
2728 1680 3136 1768 imperatoris
3175 1680 3286 1744 vit.

709 1783 935 1847 Marci
958 1788 1019 1860 1,
1047 1785 1127 1862 8,·
1168 1781 1313 1866 filia
1354 1782 1555 1866 iqitur
1599 1781 1701 1846 M.
1745 1781 1958 1847 Annii
1998 1780 2147 1847 Veri
2189 1786 2248 1846 et
2289 1781 2615 1848 Domitiae
2652 1781 2960 1848 Lucillae.
3026 1782 3287 1848 Marcus

705 1884 909 1950 frater
964 1894 1118 1968 toga
1162 1882 1334 1949 virili
1394 1892 1654 1969 sumpta
1706 1882 1794 1967 (a.
1841 1884 1990 1950 135!
1997 1884 2144 1968 136)
2192 1885 2652 1971 patrimonium
2694 1893 3035 1971 paternum
3079 1885 3282 1948 sorori

707 1997 909 2052 totum
953 1988 1288 2070 concessit,
1335 2007 1485 2051 cum
1528 2007 1676 2050 eum
1718 1984 1803 2051 ad
1832 1985 2221 2051 divisionem
2261 1997 2468 2052 mater
2495 1996 2766 2052 vocaret
2791 2023 2879 2034 -—
2911 2023 2988 2034 —-
3018 1985 3284 2069 addens,

709 2100 780 2154 ut
822 2100 888 2154 et
929 2099 1164 2171 mater,
1210 2090 1265 2153 si
1311 2087 1537 2172 vellet,
1600 2089 1667 2153 in
1724 2110 2011 2153 sororem
2069 2111 2258 2154 suum
2301 2090 2762 2174 patrimonium
2805 2088 3160 2172 conferret,
3204 2111 3288 2153 ne

708 2191 974 2257 inferior
1017 2202 1187 2257 esset
1229 2212 1412 2256 soror
1454 2192 1682 2256 marito
1728 2192 1837 2259 vit.
1887 2191 2112 2256 Marci
2152 2197 2212 2269 4,
2259 2196 2315 2257 7.
2386 2192 2572 2257 onr
2613 2191 2927 2258 meidii
2972 2191 3289 2273 Quadrati

704 2295 788 2378 cf.
820 2294 1006 2378 teyul.
1035 2295 1266 2360 urban.
1299 2316 1384 2359 ex
1415 2292 1754 2380 pr(aediis)
1776 2292 1999 2358 Vmidi
2032 2291 2174 2377 (sic)
2205 2292 2525 2375 Quadrati
2558 2304 2623 2360 et
2652 2293 2910 2360 Anniae
2940 2295 3292 2360 Faustinae

700 2397 830 2463 sive
857 2397 1031 2466 Vmi.
1067 2395 1282 2479 Quad.
1330 2406 1394 2462 et
1421 2397 1549 2465 An.
1589 2397 1783 2464 Faus.
1830 2395 1980 2462 XV
1997 2401 2136 2474 731,
2183 2396 2290 2461 oui
2325 2397 2616 2481 nupsisse
2655 2397 2903 2462 videtur
2944 2397 3059 2462 sub
3103 2397 3293 2480 finem

702 2500 957 2583 imperii
995 2499 1350 2566 Hadriani.
1454 2498 1716 2564 Marcus
1774 2498 1913 2581 (sub
1972 2498 2164 2582 finem
2218 2500 2476 2582 imperii
2517 2499 2837 2565 Antonini
2877 2497 3024 2576 Pii,
3083 2503 3159 2563 ut
3216 2519 3294 2563 ex

702 2607 992 2669 contextu
1047 2601 1342 2686 appareo
1400 2600 1491 2667 Μ.
1538 2600 1864 2666 meidio
1923 2602 2041 2687 (sio
2095 2601 2497 2667 scribendum
2555 2606 2678 2678 est,
2741 2601 3054 2666 Mummio
3114 2600 3291 2683 libm)

702 2704 1038 2786 Quadrato
1097 2703 1370 2789 (consuli
1425 2725 1486 2768 a.
1532 2702 1680 2786 167)
1724 2706 1967 2769 sororis
2027 2703 2194 2787 filio,
2257 2705 2414 2790 quia
2458 2703 2573 2770 illa
2628 2705 2758 2769 iam
2819 2714 3075 2769 mortua
3130 2712 3286 2786 erat,

702 2806 1022 2872 bonorum
1067 2816 1503 2872 maternorum
1547 2815 1799 2890 partem
1843 2805 2116 2871 tradidit
2141 2807 2252 2871 vit.
2287 2807 2514 2871 Marci
2541 2811 2599 2884 7,
2633 2811 2692 2873 4.
2756 2805 3032 2871 Nomine
3064 2806 3291 2871 omisso

700 2915 1087 2976 memoratur
1130 2908 1380 2975 Fronto
1413 2930 1484 2993 Ρ.
1522 2913 1602 2974 79
1632 2907 1742 2987 N„
1792 2908 2066 2974 Marcus
2111 2912 2194 2980 εἰς
2238 2910 2447 2976 ἑαυτόν
2488 2914 2547 2986 1,
2594 2915 2694 2974 17.

573 3013 696 3079 547
739 3022 983 3077 ΑΝΝΙΑ
1026 3019 1402 3076 FAVSTINA
1433 3020 1798 3076 AVGVSTA.
1861 3011 2130 3077 Nwmmi
2154 3011 2397 3077 Eckhel
2441 3011 2587 3077 VII
2605 3034 2680 3095 p.
2710 3017 2859 3088 260,
2899 3010 3111 3077 Colle„
3156 3010 3258 3076 VI
3263 3012 3288 3049 ²

703 3138 777 3199 Ρ.
807 3119 932 3181 384
974 3135 1104 3198 sqq.
1120 3135 1141 3193 ‚·
1184 3114 1619 3198 Alexandrini
1667 3113 2018 3197 Cataloyue
2062 3114 2141 3197 of
2174 3114 2275 3180 the
2315 3114 2523 3180 Greek
2566 3116 2740 3180 coins
2784 3115 2857 3179 in
2894 3113 2994 3179 the
3029 3113 3291 3179 -British

703 3217 1019 3294 Museum,
1066 3217 1475 3282 Alexandria
1505 3238 1577 3299 Ρ.
1609 3220 1736 3281 198
1762 3236 1892 3299 sqq.
1940 3216 2296 3283 exhibentes
2326 3238 2564 3282 annum
2593 3221 2888 3300 quartum
2919 3221 2978 3281 et
3005 3217 3292 3298 quintum

699 3320 1074 3405 Elayabali.
1151 3319 1323 3386 Nam
1369 3318 1537 3402 quod
1579 3318 1654 3384 de
1694 3320 1970 3384 nummis
2010 3320 2230 3401 quarti
2270 3320 2428 3384 anni
2469 3319 2873 3385 dubitaverat
2911 3339 3034 3384 von
3063 3318 3288 3395 Sallet‚

696 3424 914 3490 Daten
942 3423 1056 3489 der
1086 3420 1685 3488 alexandrinisehen
1714 3421 2223 3487 Kaisermilneen
2249 3444 2324 3504 Ρ.
2352 3427 2458 3499 52,
2505 3422 2638 3486 iam
2677 3426 2912 3487 eertum
2943 3420 3291 3503 exemplum

700 3526 979 3595 innotuit
1020 3547 1100 3591 ex
1139 3545 1351 3590 museo
1394 3523 1780 3588 Britannico
1821 3545 1885 3589 n.
1917 3529 2102 3590 1549.

831 3628 1119 3695 Nomina
1163 3634 1409 3693 tantum
1452 3648 1530 3691 ea:
1570 3628 1846 3692 nummis
1886 3627 2315 3695 irmotuerunt.
2396 3627 2579 3692 onr
2624 3625 2961 3710 Elagabali
3005 3625 3289 3708 Augusti

699 3733 942 3797 nummi
952 3752 974 3810 ,·
1017 3729 1412 3816 Elagabalus
1456 3730 1733 3816 primam
1778 3728 2014 3794 Iuliam
2059 3728 2328 3794 Paulam
2376 3750 2647 3794 uxorem
2690 3728 2899 3811 duxit,
2946 3727 3097 3792 dein
3145 3739 3292 3814 post

701 3835 1044 3922 repudium
1101 3835 1240 3899 eius
1300 3833 1587 3917 (Iuliam)
1644 3832 1981 3918 Aquiliam
2042 3833 2367 3914 Severam,
2417 3854 2549 3919 qua
2588 3832 2742 3897 item
2796 3832 3037 3896 reiecta
3079 3829 3289 3917 ἑτέραν

704 3937 817 4004 εἴθ’
859 3938 1069 4025 ἑτέραν
1111 3939 1211 4003 καὶ
1255 3940 1419 4023 μάλα
1462 3936 1651 4022 ἄλλην
1697 3934 1886 4023 ἔγημε
1931 3938 2029 4001 καὶ
2073 3937 2223 4021 μετὰ
2266 3941 2437 4002 τοῦτο
2478 3936 2624 4022 πρὸς
2664 3937 2771 4022 τὴν
2801 3934 3073 4021 Σεβῆραν
3119 3934 3290 3998 ἐπαν-

702 4043 885 4126 ῆλθεν
929 4038 1064 4105 Dio
1110 4044 1209 4116 79,
1259 4043 1299 4104 9
1343 4039 1426 4122 ef.
1474 4044 1574 4115 79,
1619 4042 1659 4103 5
1705 4038 2092 4124 (Pomponio
2144 4038 2348 4104 Basso
2410 4038 2654 4103 crimen
2701 4040 2867 4121 erat)
2911 4037 3001 4102 ὅτι
3043 4041 3291 4123 γυναῖκα

703 4146 799 4210 καὶ
842 4144 1106 4231 εὐπρεπῆ
1150 4143 1249 4208 καὶ
1294 4142 1506 4228 εὐγενῆ
1552 4142 1715 4228 εἶχε·
1760 4147 1865 4207 τοῦ
1909 4165 1977 4207 τε
2020 4141 2133 4228 γὰρ
2178 4140 2449 4231 Σεβήροο
2495 4138 2797 4207 Κλαυδίου
2854 4141 2954 4206 καὶ
3010 4145 3115 4206 τοῦ
3162 4137 3290 4205 Ἀν-

703 4249 944 4313 τωνίνου
990 4252 1092 4312 τοῦ
1122 4243 1373 4331 Μάρκου
1405 4244 1695 4331 ἀπόγονος
1722 4243 1796 4331 ἧν
1813 4261 1831 4278 ·
1876 4244 2093 4330 ἀμέλεε
2129 4245 2228 4309 καὶ
2274 4242 2493 4331 ἔγημεν
2540 4244 2722 4332 αὐτήν
2763 4249 2923 4323 κτλ.;
2969 4241 3287 4307 Herodia-

701 4368 821 4414 nus
860 4353 921 4425 5,
967 4354 1026 4425 6,
1071 4353 1121 4415 2
1150 4352 1494 4430 postquam
1525 4346 1599 4412 de
1629 4347 1966 4430 prioribus
2010 4347 2319 4411 uxoribus
2362 4347 2723 4412 nominibus
2764 4345 3010 4410 omissis
3049 4344 3291 4410 similia

705 4451 1008 4529 tradidit,
1065 4450 1248 4516 addit
1304 4451 1499 4539 τρίτην
1561 4451 1628 4515 δὲ
1679 4452 1854 4515 πάλιν
1910 4452 2168 4537 ἠγάγετο
2227 4449 2641 4538 ἀναφέρουσαν
2700 4450 2766 4513 τὸ
2810 4449 2980 4535 γένος
3023 4449 3088 4520 ἐς
3128 4445 3289 4533 Κόμ·

705 4558 905 4642 μοδον.
1006 4553 1169 4619 Fuit
1225 4574 1374 4636 erqo
1431 4552 1658 4619 Annia
1697 4551 2027 4617 Faustina
2086 4551 2231 4636 filia
2280 4553 2438 4639 (Ti.)
2493 4551 2769 4618 Claudii
2827 4550 3082 4627 Severi,
3129 4569 3288 4630 pro-

701 4659 906 4742 neptis
956 4657 1182 4722 Marci
1235 4656 1673 4741 imperatoris,
1728 4677 1896 4720 uxor
1954 4653 2295 4738 Pomponii
2334 4654 2550 4722 Bassi.
2643 4655 2838 4737 Quem
2880 4651 3292 4736 Elaqabalus

705 4783 843 4827 oum
886 4783 948 4827 a.
978 4765 1111 4828 218
1160 4760 1515 4839 occidisset,
1573 4780 1743 4825 anno
1799 4763 2029 4842 quarto
2073 4758 2466 4843 Aemtiaoo
2521 4759 2777 4842 imperii
2834 4759 3037 4842 (intra
3095 4757 3157 4823 d.
3199 4763 3290 4825 29

703 4887 784 4930 m.
826 4865 996 4948 Any.
1057 4885 1119 4929 a.
1162 4869 1299 4930 220
1356 4867 1418 4929 et
1475 4862 1536 4928 d.
1581 4866 1672 4929 28
1726 4883 1810 4927 m.
1854 4861 2024 4945 Auq.
2085 4883 2147 4927 a.
2200 4861 2360 4945 221)
2403 4861 2738 4944 Aquiliam
2790 4882 3053 4927 uxorem
3109 4860 3289 4926 duxit

704 4968 1050 5050 reiecitque,
1099 4966 1245 5032 dein
1286 4967 1402 5031 sub
1446 4966 1637 5051 tinem
1681 4965 1842 5030 anni
1881 4965 2101 5047 quarti
2134 4965 2299 5048 (oum
2336 4964 2660 5028 rarissimi
2683 4962 3021 5028 videanaor
3048 4964 3293 5029 nummi

705 5067 1063 5142 Faustinae
1102 5073 1404 5152 quartum
1447 5089 1685 5134 annum
1721 5067 2119 5149 indicantes),
2167 5066 2239 5131 id
2266 5071 2354 5131 est
2383 5066 2594 5131 media
2620 5066 2753 5149 fere
2783 5071 3021 5132 aestate
3064 5087 3124 5133 a.
3155 5071 3289 5133 221

706 5171 1107 5249 Faustinam,
1152 5193 1346 5256 quam
1376 5171 1583 5256 paulo
1613 5176 1767 5255 post
1806 5169 2187 5254 repudiavit,
2231 5174 2302 5233 ut
2345 5168 2678 5252 Aquiliam
2721 5167 3060 5234 reduceret.
