3859 5992
615 487 1082 545 CAERELLIVS
1905 484 2032 549 263
2891 494 3324 551 CAERELLIA

739 687 1106 773 praefectus
1168 686 1476 752 frumenti
1538 709 1621 752 ex
1675 697 1935 753 senatus
1981 687 2292 773 consulto,
2340 689 2594 774 legatus
2639 690 2740 755 Ti.
2788 690 3087 757 Caesaris
3130 691 3323 777 Aug„

740 789 1087 875 proconsul
1133 789 1238 856 VI
1268 794 1429 855 1364
1446 812 1506 867 a,
1555 791 1807 855 titulum
1838 792 2063 874 posuit
2096 794 2288 875 patri
2327 797 2489 858 1364
2505 794 2563 857 b.
2608 830 2696 841 --
2746 794 2830 858 In
2889 793 3103 877 lapide
3154 796 3329 856 extat

741 902 825 958 E'x
869 911 921 959 s.
968 911 1021 959 c.
1069 910 1121 958 S.
1167 914 1380 958 errore
1421 893 1835 976 quadratarii
1874 898 1948 958 ut
1987 893 2251 959 videtur.
2321 893 2425 960 De
2470 895 2778 979 legatione
2816 897 2956 962 inre
2987 899 3324 980 praetorio

737 997 1011 1079 repetita
1055 996 1138 1078 ef.
1183 996 1555 1073 Mommsen,
1601 995 1735 1061 Res
1773 1001 1987 1079 qestae
2034 997 2092 1064 d.
2137 997 2306 1080 Any.
2338 1019 2410 1081 p.
2442 1002 2563 1062 181
2585 998 2632 1063 ².

617 1100 738 1163 123
785 1098 864 1178 Q.
935 1096 1325 1181 CaerelliuS,
1421 1099 1525 1163 cui
1601 1098 1998 1164 Censorinus
2081 1098 2321 1164 librum
2393 1099 2474 1164 de
2544 1099 2650 1164 die
2723 1100 2923 1166 natali
2993 1101 3325 1167 dedicavit

741 1199 1067 1266 Censor-in.
1110 1205 1169 1277 1,
1232 1223 1399 1265 anno
1444 1202 1570 1266 238
1615 1201 1703 1267 id.
1747 1205 1847 1278 18,
1894 1206 2019 1281 12;
2059 1206 2167 1280 21,
2213 1206 2288 1281 6,·
2331 1202 2491 1268 dicit
2549 1225 2697 1268 eum
2757 1203 2990 1268 officiis
3050 1205 3322 1269 munici-

739 1303 989 1389 palibus
1035 1302 1352 1387 functum‚
1400 1302 1643 1368 honore
1688 1304 2032 1368 sacerdotii
2078 1305 2146 1367 in
2203 1303 2603 1391 principibus
2648 1327 2804 1371 suae
2849 1307 3132 1372 civitatis
3177 1329 3324 1371 con-

739 1408 1065 1492 spicuum,
1143 1406 1388 1471 ordinis
1456 1409 1650 1472 etiam
1717 1409 2035 1493 equestris
2101 1406 2418 1489 dignitate
2483 1408 2756 1491 gradum
2824 1409 3321 1495 provincialium

739 1530 1229 1595 supergressum
1274 1509 1362 1575 id.
1406 1514 1504 1576 15.
1578 1509 1843 1574 Laudes
1889 1508 2298 1595 eloquentiae
2343 1511 2482 1576 eius
2527 1511 2657 1577 ibd.
2731 1511 2999 1578 Annum
3044 1512 3320 1599 quadra·

736 1613 1051 1696 gesimum
1099 1634 1341 1677 nonum
1389 1614 1736 1677 transierat
1780 1612 1903 1679 ibd.

614 1716 735 1778 124
782 1723 844 1780 C.
893 1723 1362 1780 CAERELLIVS
1410 1723 1761 1779 FVFIDIVS
1804 1722 2089 1780 ANNIVS
2134 1724 2379 1780 RAVVS
2424 1724 2989 1791 POLLITTIANVS‚
3046 1717 3320 1784 clarissi-

736 1839 880 1881 mus
923 1819 1047 1900 vir,
1096 1817 1168 1886 C.
1216 1817 1303 1885 fil.
1352 1817 1456 1901 (C.
1503 1816 1780 1883 Caerelli
1830 1817 2055 1884 Sabini
2117 1829 2184 1884 et
2232 1818 2530 1884 Fufidiae
2573 1818 2876 1884 Pollittae
2916 1825 2990 1884 ut
3025 1820 3318 1903 videtur),

737 1919 913 1985 tribu
959 1918 1332 2002 Oufentina,
1380 1921 1587 1985 IIIvir
1632 1920 1971 1986 monetalis
2016 1943 2166 1986 aere
2217 1932 2487 2005 argento
2531 1944 2692 1987 auro
2737 1920 2957 1986 flando
3001 1922 3318 2007 feriundo‚

740 2022 1039 2088 tribunus
1095 2022 1461 2089 laticlavius
1521 2022 1795 2107 legionis
1854 2024 1959 2089 ΙΙΙ
2005 2022 2436 2110 Cyrenaicae,
2483 2025 2686 2090 VIvir
2742 2025 3035 2112 equitum
3089 2027 3319 2091 Roma·

737 2148 967 2193 norum
1041 2137 1295 2192 turmae
1360 2128 1639 2213 primae,
1717 2136 2024 2212 quaestor
2098 2126 2483 2192 candidatus
2555 2128 2962 2213 imperatoris
3023 2127 3323 2194 Caesaris

734 2229 823 2295 M.
880 2229 1133 2297 Aurelii
1186 2229 1505 2295 Antonini
1566 2230 1666 2294 Pii
1726 2228 1968 2294 Felicis
2025 2228 2196 2313 Aug.
2244 2226 2437 2308 (inter
2496 2251 2556 2294 a.
2611 2231 2962 2315 21212179,
3024 2232 3325 2297 tribunus

734 2331 940 2419 plebis
1000 2331 1415 2415 candidatuS,
1474 2341 1734 2417 praetor
1792 2330 2150 2412 hastarius3
2212 2330 2451 2396 sodalis
2509 2330 2885 2396 Marcianus
2926 2330 3325 2400 Aurelianus

737 2433 1242 2500 Commodianus
1285 2434 1646 2499 Helvianus
1693 2433 2084 2500 Severianus
2132 2432 2233 2499 VI
2265 2436 2442 2499 1365.
2528 2432 2633 2517 Cf.
2675 2454 2739 2499 n.
2785 2438 2930 2503 126.

612 2539 733 2604 125
781 2547 1254 2603 CAERELLIVS
1300 2545 1774 2621 MARCIANVS,
1841 2533 2203 2621 [Caerellii]
2260 2545 2327 2600 et
2380 2536 2827 2602 Modestianae
2872 2536 3042 2602 filius
3086 2537 3322 2604 Bram-

734 2641 914 2720 baeh,
970 2641 1219 2724 Corpus
1261 2641 1759 2723 Inscriptionum
1801 2638 2266 2706 Rhenanarwn
2306 2644 2489 2705 1003.
2575 2638 2678 2721 Cf.
2724 2660 2787 2704 n.
2835 2644 2987 2706 120.

614 2744 735 2809 126
782 2754 845 2809 C.
894 2752 1367 2809 CAERELLIVS
1414 2751 1959 2808 POLLITTIANVS
2021 2742 2352 2825 aynomi‘ne
2400 2751 2803 2808 HELVINVS.
2894 2743 3097 2808 Tituli
3120 2743 3324 2827 plane

732 2847 969 2912 similes
1013 2848 1073 2910 ei
1101 2847 1308 2928 positi
1346 2850 1494 2910 sunt
1539 2843 1643 2910 VI
1672 2849 1834 2909 1366
1877 2845 1988 2930 (1).
2048 2848 2215 2910 1367
2255 2843 2369 2930 (2).
2473 2844 2805 2927 Aynomen
2849 2848 3324 2931 praeseriptffum

731 2953 823 3014 est
865 2951 935 3013 in
977 2954 1019 3013 t.
1066 2954 1131 3016 2.
1180 2985 1265 2996 -—
1309 2947 1721 3013 Clarissimus
1765 2948 1887 3030 vir,
1936 2946 2281 3032 proconsul
2319 2946 2745 3012 Macedoniae
2791 2951 2834 3017 t.
2878 2954 2937 3014 1.
2983 2952 3049 3015 2.

858 3050 1151 3117 Eundem
1196 3071 1325 3115 esse
1364 3049 1437 3116 Ο.
1479 3049 1861 3116 Caerelliam
1889 3049 2226 3133 Fufidium
2253 3048 2542 3115 Annium
2571 3048 2825 3114 Ravum
2857 3052 3088 3117 aetatis
3119 3050 3321 3117 Gara-

729 3153 934 3219 callae
960 3154 1144 3218 valde
1176 3153 1392 3218 dubito
1421 3174 1574 3218 num
1600 3157 1766 3218 recte
1794 3153 2093 3217 statuerit
2126 3150 2403 3220 Heneen.
2456 3151 2632 3217 Nam
2665 3174 2743 3217 ex
2773 3155 3106 3236 aqnomine
3123 3176 3320 3238 prae-

725 3258 983 3339 scripta
1013 3255 1182 3338 quod
1210 3256 1460 3320 omnino
1506 3255 1575 3319 in
1622 3252 1826 3319 titulis
1865 3254 2110 3318 saeculi
2152 3254 2327 3319 tertii
2354 3275 2637 3336 perraro
2679 3255 3014 3333 invenitur,
3066 3256 3319 3323 titulum

728 3359 909 3425 haud
948 3360 1045 3424 ita
1080 3359 1276 3424 multo
1307 3363 1454 3423 ante
1482 3356 1960 3422 Diocletianum
1991 3357 2276 3438 positum
2320 3376 2449 3421 esse
2493 3356 2886 3423 crediderim.
2966 3356 3092 3423 Cui
3120 3360 3321 3423 aetati

733 3463 925 3527 etiam
981 3463 1244 3527 nomina
1296 3461 1523 3525 Boncii
1581 3458 1882 3541 Agentii,
1944 3459 2057 3542 qui
2110 3459 2241 3541 fuit
2293 3458 2363 3523 in
2419 3459 2504 3522 iis
2558 3459 2670 3541 qai
2726 3458 3100 3525 dedicarunt
3158 3465 3202 3528 t.
3246 3467 3313 3540 2,
3366 3494 3373 3501 ·

731 3566 946 3648 aptius
991 3564 1415 3630 conveniunt·

606 3668 725 3733 127
776 3676 1247 3731 CAERELLIVS
1292 3675 1617 3730 PRJSCVS.
1690 3665 1819 3729 ‘Ex
1864 3663 2157 3749 epistulis
2201 3662 2497 3748 divorum
2538 3663 2861 3730 Hadriani
2907 3675 2973 3730 et
2998 3665 3313 3732 Antonini

731 3781 795 3836 et
837 3772 1111 3836 fratrum
1149 3770 1233 3835 ad
1265 3767 1659 3835 Caerellium
1689 3769 1983 3833 Priscum
2029 3776 2392 3853 praetorem
2434 3764 2798 3831 tutelarem'
2833 3766 3080 3833 Paulus
3105 3768 3317 3852 Fragl-

726 3877 939 3938 menta
979 3873 1293 3938 Vaticana
1332 3876 1479 3939 244.
1569 3869 1844 3935 Praetor
1874 3870 1988 3935 sub
2036 3869 2197 3935 divis
2238 3869 2557 3952 fratribus
2599 3869 2797 3950 fuisse
2830 3869 3097 3935 videtur.

604 3977 725 4041 128
772 3985 833 4040 O.
881 3984 1352 4041 GAERELLIVS
1400 3982 1734 4039 SABINVS.
1810 3972 2013 4038 Tituli
2036 3971 2424 4055 Apulenses:
2461 3971 2596 4053 ipse
2629 3971 2850 4053 posuit
2891 3972 2964 4036 in
3007 3971 3315 4054 leyationc

727 4079 863 4144 III
892 4084 1074 4144 1074.
1119 4081 1302 4143 1075.
1343 4081 1528 4142 1076.
1575 4081 1735 4141 1111
1781 4074 1987 4160 (1-4),
2033 4079 2421 4140 memoratur
2462 4074 2533 4139 in
2579 4078 2621 4141 t.
2665 4073 2798 4139 III
2829 4076 2999 4139 1092
3041 4071 3148 4159 (5).

855 4179 929 4246 C.
991 4179 1348 4246 Caerellius
1411 4178 1726 4261 Sabinus,
1795 4176 2049 4260 legatus
2111 4176 2399 4260 Augusti
2462 4196 2579 4261 pro
2646 4198 2743 4261 pr.
2807 4175 3082 4259 legionis
3141 4177 3313 4242 XIII

729 4284 1046 4350 Geminae
1092 4289 1134 4349 t.
1168 4286 1317 4361 1-5‚
1365 4305 1423 4348 a.
1476 4281 1748 4346 1832185
1794 4285 1837 4348 t.
1867 4283 1927 4345 5.
2016 4278 2311 4345 Aetatem
2356 4283 2398 4345 t.
2437 4282 2480 4344 5
2523 4278 2963 4344 determinavit
3004 4278 3319 4363 Borqhesi

724 4406 801 4450 ea:
856 4387 1217 4451 nominibus
1271 4383 1599 4450 Commodi
1655 4382 1986 4465 adsmnpto
2045 4380 2162 4446 Pii
2217 4381 2388 4466 (inde
2448 4381 2528 4446 ab
2591 4403 2652 4448 a.
2694 4384 2818 4445 183
2869 4380 3112 4447 Eckhel
3170 4381 3314 4447 VII

720 4510 794 4571 p.
826 4492 992 4575 111),
1038 4487 1361 4572 deficiente
1402 4484 1651 4551 Felicis
1696 4484 1792 4569 (ut
1835 4484 1965 4549 diei
2006 4489 2258 4566 coeptus
2301 4488 2392 4549 est
2437 4505 2497 4549 a.
2530 4486 2650 4548 185
2690 4482 2932 4549 Eekhel
2961 4506 3035 4566 p.
3066 4484 3231 4568 136).

786 4592 789 4599 '
851 4590 1113 4656 Fufidia
1153 4589 1419 4655 Pollitta
1462 4610 1628 4653 uxor
1673 4589 1811 4653 eius
1856 4592 1898 4652 t.
1948 4591 2099 4652 1-3.
2190 4585 2412 4652 Filius
2467 4607 2682 4652 eorum
2738 4585 2984 4651 videtur
3029 4586 3103 4653 C.
3153 4586 3310 4653 Cae-

727 4688 945 4758 rellius
990 4693 1286 4760 Fufidius
1333 4691 1590 4757 Annius
1633 4692 1856 4755 Ravus
1903 4688 2332 4757 Pollittianus.

601 4796 723 4861 129
772 4796 1094 4862 Caerellia
1142 4807 1394 4862 ‘mater‘
1444 4780 1797 4879 naufragio*
1849 4814 2051 4880 prope
2097 4793 2292 4858 Baias
2336 4793 2549 4878 periit,
2613 4793 2680 4857 in
2739 4813 2937 4878 quam
2995 4791 3316 4858 Martialis

730 4900 990 4985 scripsit
1033 4900 1229 4982 epiyr.
1259 4905 1318 4978 4,
1351 4904 1449 4964 63.

604 5002 724 5066 130
770 5011 1206 5067 CAERELLIA
1267 5010 1799 5082 GERMANILLA,
1863 4998 2210 5083 [Caerellii]
2262 5007 2327 5062 et
2384 4995 2826 5063 Modestianae
2887 4997 3021 5081 filia
3077 4999 3313 5065 Bram-

727 5106 904 5182 bach‚
948 5106 1194 5189 Corpus*
1224 5106 1720 5187 Inscriptionum
1753 5103 2216 5169 Rhenanarum
2247 5107 2431 5165 1003.
2510 5100 2610 5182 Cf.
2652 5121 2716 5164 n.
2755 5104 2901 5168 120.
