3859 5992
712 486 1029 542 COELIVS
1995 478 2122 541 432
3092 489 3411 545 COELIVS

835 706 911 749 ex
957 682 1276 760 Morellio,
1324 683 1385 765 b)
1433 685 1500 748 Γ.
1541 685 1783 755 Κοίλιος
1825 681 2067 769 Βάλβος
2113 683 2406 748 Mionnet
2450 683 2520 750 S.
2568 683 2632 749 V
2649 707 2721 767 p.
2758 690 2895 762 171,
2943 690 3067 750 994
3109 707 3185 750 ea:
3238 685 3411 751 Vail-

837 788 1038 853 lantio
1090 816 1173 840 =
1220 808 1294 869 p.
1342 790 1469 853 172
1509 807 1569 850 n.
1619 791 1761 851 996.
1865 787 2162 868 Quisquis
2226 785 2655 851 incredibilem
2706 808 2914 869 paene
2980 787 3288 853 levitatem
3349 794 3408 854 et

836 890 1263 966 temeritatem,
1308 909 1436 971 qua
1465 887 1804 953 Morellius
1841 893 1900 953 et
1937 888 2321 954 Vaillantius
2361 890 2433 953 in
2459 910 2853 955 nummorum
2894 892 3405 974 inscriptionibus

835 992 1107 1076 leyendis
1147 992 1253 1056 usi
1292 996 1456 1073 sunt,
1488 997 1889 1074 perspectam
1930 991 2242 1069 habuerit,
2286 1012 2414 1056 non
2456 992 2790 1070 dubitabit,
2836 995 2987 1075 quin
3028 996 3270 1058 nummi
3308 995 3406 1059 illi

834 1118 905 1160 re
946 1117 1096 1160 vera
1142 1094 1229 1159 ad
1269 1095 1348 1162 L.
1397 1094 1725 1159 Mindium
1768 1093 2049 1159 Balbum
2096 1094 2534 1177 proconsulem
2577 1094 2920 1178 Bithyniae
2976 1098 3089 1161 sub
3137 1095 3399 1162 Claudio

834 1196 944 1281 (cf.
992 1197 1084 1263 M
1114 1197 1265 1278 425)
1302 1198 1689 1279 pertineant.

706 1302 832 1367 992
875 1299 1134 1367 Coelius
1168 1298 1427 1382 Caldus,
1476 1298 1854 1363 adulescens
1883 1309 2209 1364 vetustate
2254 1298 2536 1364 familiae
2574 1323 2729 1364 suae
2764 1300 3180 1385 dignissimus
3225 1303 3398 1368 clade

839 1404 1128 1469 Variana
1175 1426 1214 1467 a
1259 1403 1605 1470 Germanis
1663 1411 1891 1487 captus
1952 1401 2326 1488 complexus
2384 1412 2786 1485 catenarum,
2851 1404 3092 1489 quibus
3150 1407 3395 1470 vinctus

835 1517 990 1587 erat,
1041 1508 1272 1571 seriem
1317 1507 1409 1570 ita
1452 1503 1594 1570 illas
1640 1504 1842 1569 inlisit
1885 1506 2083 1591 capiti
2128 1526 2261 1588 suc,
2317 1514 2389 1568 ut
2432 1506 2724 1591 protinus
2768 1508 3100 1592 expiraret
3142 1507 3397 1573 Velleius

832 1616 896 1688 2,
942 1615 1090 1686 120,
1137 1615 1175 1673 6
1191 1628 1211 1687 ,”
1255 1606 1514 1674 Caelius
1559 1606 1755 1673 edidit
1792 1606 1994 1672 Halm
2037 1606 2368 1672 editionem
2396 1608 2757 1691 principem
2796 1614 3059 1687 secutus,
3104 1610 3216 1675 sed
3255 1633 3398 1693 apo-

826 1712 1146 1797 9raphum
1187 1710 1683 1775 Amerbaohium
1724 1714 1889 1773 recte
1935 1709 2223 1774 exhibere
2267 1709 2524 1775 Coelius
2573 1711 2716 1775 inde
2756 1713 3054 1795 sequitur,
3102 1713 3266 1794 quod
3302 1714 3397 1778 hic

832 1814 1068 1882 Caldus
1124 1815 1260 1879 sine
1319 1813 1508 1878 dubio
1566 1813 1695 1893 fuit
1752 1834 1828 1877 ex
1871 1813 2148 1895 posteris
2190 1811 2264 1877 C.
2313 1812 2516 1878 Coelii
2570 1812 2757 1879 Caldi
2816 1814 3099 1879 consulis
3157 1840 3215 1882 a.
3259 1818 3394 1900 660,

832 1920 1011 1985 cuius
1042 1917 1115 1982 de
1141 1917 1395 1981 nomine
1424 1920 1667 1981 constat
1709 1915 1900 1997 fastis
1932 1912 2313 1998 Capitolinis
2341 1914 2490 1981 CIL
2533 1917 2584 1982 Ι
2589 1917 2615 1956 ²
2646 1940 2721 2000 p.
2756 1923 2839 1981 77
2878 1923 2937 1983 et
2982 1918 3164 1983 titulo
3221 1918 3395 1984 Cam-

822 2044 1003 2107 pano
1046 2020 1119 2086 X
1154 2023 1344 2086 3772.

702 2128 831 2192 993
874 2124 1135 2192 Coelius
1171 2123 1489 2205 Clemens,
1536 2121 1750 2187 affinis
1796 2143 2020 2186 socrus
2052 2121 2247 2186 Plinii
2280 2144 2319 2185 a
2350 2122 2632 2186 Traiano
2677 2125 2743 2186 in
2788 2122 3164 2208 Bithyniam
3210 2134 3401 2188 trans·

832 2228 1019 2303 latus,
1067 2250 1196 2314 quo
1242 2238 1529 2313 tempore
1570 2225 1820 2292 Plinius
1878 2226 2275 2313 provinciam
2321 2222 2587 2308 regebat
2632 2226 2811 2294 Plin.
2859 2227 2947 2291 ad
2996 2228 3261 2296 Traian.
3302 2234 3394 2293 51.

835 2332 1107 2397 Munere
1150 2330 1420 2413 quodam
1466 2331 1739 2412 equestri
1777 2329 1943 2394 velut
1980 2330 2428 2412 procuratoris
2469 2330 2725 2411 functus
2769 2349 2895 2395 esse
2937 2330 3201 2396 videtur.

708 2435 835 2499 994
879 2444 947 2499 L.
996 2443 1311 2498 COELIVS
1356 2442 1670 2515 FESTVS,
1717 2431 2007 2496 adlectus
2059 2432 2228 2495 inter
2270 2431 2672 2513 tribunicios,
2720 2442 2997 2519 praetor,
3042 2434 3393 2519 praefectus

830 2536 1136 2601 frumenti
1198 2534 1395 2599 dandi
1457 2559 1541 2600 ex
1600 2545 1858 2600 senatus
1918 2533 2246 2616 consultO,
2325 2533 2573 2618 legatus
2629 2536 3032 2621 imperatoris
3089 2536 3389 2602 Antonini

828 2639 1110 2724 Augusti
1156 2638 1462 2704 Asturiae
1506 2647 1571 2702 et
1614 2636 1992 2720 Callaeciae,
2040 2637 2405 2723 praefectus
2449 2638 2683 2702 aerarii
2728 2638 3011 2721 Saturni,
3059 2637 3392 2724 proconsul

832 2743 1203 2829 provinciae
1234 2741 1426 2805 Ponti
1459 2751 1523 2805 et
1548 2739 1914 2825 Bithyniae,
1951 2739 2172 2805 consul
2206 2738 2530 2820 (suffectus
2561 2762 2727 2806 anno
2756 2742 3019 2826 incerto)
3030 2761 3052 2820 ,·
3093 2752 3391 2826 patronus

832 2843 1243 2910 Velleiatium
1277 2843 1398 2909 XI
1415 2848 1578 2909 1183
1623 2849 1664 2908 t.
1705 2842 1949 2909 Veleia-s
1977 2843 2239 2926 publice
2271 2845 2539 2926 positus.
2606 2846 2800 2926 Quem
2832 2846 3081 2911 titulum
3110 2851 3392 2911 accurate

833 2952 1192 3029 conceptum
1236 2966 1366 3011 6336
1407 2947 1708 3027 quoniam
1744 2945 1908 3010 nihil
1953 2950 2042 3010 cst
2087 2967 2199 3010 cur
2231 2967 2539 3028 neyemus,
2572 2969 2711 3012 cum
2742 2948 2943 3031 leyato
2971 2948 3253 3032 Auqusti
3276 2972 3389 3014 non

832 3050 1112 3115 addatur
1159 3060 1302 3132 ‘pro
1333 3055 1683 3131 praetore‘,
1737 3069 1982 3114 necesse
2030 3055 2120 3114 est
2160 3048 2421 3114 Festum
2467 3049 2818 3133 intelleyere
2864 3050 3135 3133 leyatum
3178 3051 3391 3116 iuridi-

832 3175 969 3218 cum
1015 3175 1140 3235 per
1179 3152 1520 3217 Asturiam
1570 3157 1627 3217 et
1674 3152 2062 3218 Callaeciam
2118 3153 2225 3237 (cf.
2276 3152 2543 3235 Ephem.
2592 3154 2788 3236 epiqr.
2833 3159 2874 3218 4
2906 3177 2976 3236 p.
3005 3158 3166 3239 224)
3210 3176 3391 3237 neque

827 3259 1158 3338 quicquam
1219 3255 1456 3332 obstat,
1517 3276 1596 3319 ne
1654 3277 1792 3319 eum
1854 3244 2126 3338 ley'atum
2171 3255 2485 3320 Antonini
2523 3252 2638 3319 Pii
2678 3256 2876 3337 fuisse
2906 3277 3254 3339 ponamus,
3313 3256 3392 3321 ad

829 3361 1009 3423 cuius
1066 3362 1334 3423 aetatem
1388 3362 1552 3422 recte
1610 3357 1855 3422 rettulit
1910 3357 2163 3422 titulum
2223 3356 2512 3421 Brandis
2570 3357 2836 3423 Hermes
2888 3358 3147 3425 XXXI
3193 3362 3387 3444 (1896)

826 3482 896 3543 p.
929 3465 1068 3527 164.
1160 3460 1314 3526 Sine
1374 3460 1602 3524 idonea
1660 3480 1856 3525 causa
1915 3461 2114 3542 iyitur
2171 3458 2489 3543 Boryhesi
2540 3481 2681 3542 opp.
2727 3460 2912 3526 VIII
2928 3484 3002 3545 p.
3033 3467 3181 3540 329,
3228 3484 3390 3546 quem

826 3567 1075 3628 secutus
1127 3567 1218 3627 est
1262 3562 1690 3644 Marquardt,
1752 3562 2090 3628 Romische
2135 3561 2746 3646 Staatsverwaltuny
2786 3564 2835 3628 Ι
2842 3564 2867 3601 ²
2899 3587 2973 3647 p.
3003 3570 3131 3631 255
3171 3570 3294 3633 not.
3334 3570 3387 3641 3,

832 3665 1083 3730 titulum
1141 3665 1228 3729 ad
1276 3664 1606 3730 Caracalli
1663 3671 1934 3730 aetatem
1988 3667 2223 3731 reiecit.
2317 3664 2491 3729 Nam
2544 3665 2712 3746 quod
2748 3665 2821 3732 C.
2869 3666 3073 3732 Iulius
3119 3667 3388 3734 Cerealis

831 3768 1015 3833 titulo
1059 3769 1436 3851 Leyionensi
1463 3769 1556 3834 II
1574 3774 1742 3835 2661
1790 3768 2027 3833 dicitur
2068 3768 2188 3851 leg.
2220 3767 2392 3851 Aug.
2426 3790 2522 3853 pr.
2554 3791 2649 3854 pr.
2682 3768 3110 3855 pr(ovinciae)
3141 3770 3389 3856 H(ispa·

829 3872 998 3953 niae)
1045 3870 1358 3953 n(ovae‘?)
1403 3872 1746 3952 c(iterioris
1767 3871 1829 3954 3³)
1874 3871 2354 3937 Antoninianae
2400 3881 2546 3956 post
2589 3871 2976 3937 divisionem
3031 3876 3390 3959 provinciae

831 3976 1078 4060 primus
1123 3972 1207 4039 ab
1253 3996 1323 4037 eo
1372 3972 1670 4057 m[issus],
1718 3973 1951 4039 Festus
2008 3979 2222 4039 noster
2278 3976 2338 4039 si
2387 3974 2597 4039 eodem
2637 3997 2891 4043 munere
2933 3977 3189 4058 functus
3230 3981 3389 4053 esset,

827 4078 1228 4161 provinciam
1269 4098 1496 4141 novam
1542 4077 1756 4142 eadem
1798 4079 2051 4142 ratione
2096 4083 2281 4159 atque
2338 4077 2472 4142 illic
2528 4078 2886 4161 siqnificari
2928 4080 3393 4162 exspectandum

832 4185 985 4245 esset
1056 4185 1116 4244 et
1187 4179 1650 4244 desideraretur
1722 4191 1863 4264 ‘pro
1922 4186 2273 4264 praetore'.
2346 4218 2433 4226 —
2515 4180 2689 4245 Num
2760 4187 2923 4246 reete
3000 4183 3088 4246 ad
3150 4184 3393 4249 cundem

829 4283 1140 4366 Boryliesi
1185 4283 1224 4347 l.
1276 4282 1315 4346 l.
1360 4283 1673 4348 rettulerit
1733 4285 1985 4349 titulum
2033 4284 2521 4349 Praenestinum
2573 4283 2945 4367 acephalum
3001 4285 3191 4352 XIV
3218 4291 3389 4365 2941,

828 4407 1068 4469 parum
1111 4391 1344 4450 certum
1385 4386 1650 4452 videtur.

704 4489 830 4553 995
877 4498 944 4566 Q.
977 4497 1291 4552 COELIVS
1323 4497 1792 4571 HONORATVS,
1841 4489 2206 4575 praefectus
2246 4489 2552 4553 frumenti
2583 4489 2799 4573 dandi,
2845 4488 3097 4572 legatus
3127 4492 3393 4574 Siciliae,

831 4589 1083 4674 legatus
1129 4590 1318 4654 Ponti
1366 4600 1430 4655 61
1473 4590 1839 4675 Bithyniae,
1888 4590 2234 4677 proconsul
2279 4591 2483 4677 Cypri
2515 4592 3213 4677 Lebas-Waddinyton
3240 4600 3396 4661 2814

831 4698 873 4759 t.
931 4691 1208 4775 Cyprius
1257 4714 1481 4775 yraece
1536 4695 1840 4777 scriptuS,
1904 4696 2082 4759 cuius
2139 4694 2386 4759 litteras
2442 4694 2681 4760 saeculi
2728 4697 2932 4779 primi
2986 4699 3266 4764 exeuntis
3312 4697 3397 4763 vel

830 4795 1088 4861 secundi
1128 4797 1401 4860 ineuntis
1446 4816 1574 4861 6336
1616 4797 1922 4863 iudicavit
1968 4797 2410 4880 Waddinyton.

703 4899 828 4963 996
875 4907 1190 4962 COELIVS
1237 4907 1669 4983 MARTIALIS,
1726 4900 2120 4965 clarissimus
2166 4903 2286 4982 vir,
2336 4950 2390 4966 ..
2420 4952 2434 4967 .
2462 4901 2589 4966 liae
2635 4903 3008 4970 Honoratae
3051 4903 3240 4988 filine,
3288 4904 3397 4971 Cn.

832 4999 1036 5066 coelii
1097 5001 1469 5067 Senecionis
1527 5001 1868 5068 clarissimi
1927 5005 2053 5067 viri
2115 5014 2179 5068 61
2236 5001 2439 5069 Coelii
2503 5004 2788 5070 Senecae
2847 5008 3081 5091 equitis
3136 5008 3397 5072 Romani

833 5103 1034 5168 frater
1078 5103 1263 5169 VIII
1282 5104 1352 5170 S.
1382 5110 1592 5171 20449
1630 5111 1672 5171 t.
1710 5107 2165 5173 Mauretaniae
2193 5105 2536 5189 Sitifensis,
2628 5108 2735 5173 Vel
2772 5108 2934 5175 idem
2970 5113 3058 5174 est
3094 5109 3188 5174 vel
3215 5114 3397 5194 pater
