3859 5992
532 465 801 520 Avrrvs
1820 453 1945 519 192
2764 460 3253 518 AVRELIANVS

575 700 662 710 —
703 670 1034 727 MARCIVS
1079 670 1370 725 AVITVS.

577 802 664 812 --
708 773 1072 829 OCTAVIVS
1117 772 1408 830 AVITVS.
1510 762 1523 774 “

577 904 665 914 —-
708 866 790 948 Q.
837 866 1147 932 Octavius
1189 863 1448 932 Avitus.

578 1007 666 1017 —-
711 969 1085 1033 Pannonius
1128 967 1386 1032 Avitus.

578 1108 667 1120 —
709 1081 777 1138 L.
825 1079 1266 1135 STERTINIVS
1309 1078 1601 1135 AVITVS.

581 1211 667 1223 —-
711 1174 787 1238 L.
833 1172 1117 1238 Tutilius
1161 1172 1498 1258 Lupercus
1545 1170 1876 1257 Sulpicius
1920 1171 2179 1238 AvituS.

544 1278 708 1344 1183
754 1275 908 1343 Sex.
951 1273 1291 1355 Aulienus,
1338 1273 1489 1339 Sex.
1535 1271 1599 1356 f.,
1647 1274 1823 1339 tribu
1866 1273 2056 1353 Ani.;
2101 1275 2348 1360 primus
2394 1274 2565 1360 pilus
2615 1276 2701 1358 11,
2751 1274 3052 1341 tribunus
3097 1274 3259 1339 mili-

565 1424 571 1428 ·
669 1389 838 1457 tum,
900 1377 1265 1463 praefectus
1324 1374 1486 1440 levis
1546 1388 1943 1460 armaturae,
2005 1376 2373 1464 praefectus
2431 1388 2794 1443 castrorum
2853 1377 3258 1465 imperatoris

670 1481 966 1547 Caesaris
1024 1478 1302 1562 Augusti
1362 1490 1426 1544 et
1482 1479 1584 1543 Ti.
1632 1478 1931 1543 Caesaris
1976 1478 2292 1562 Augusti,
2349 1480 2716 1566 praefectus
2761 1479 2988 1545 classis
3029 1480 3257 1564 (Mise-

666 1584 877 1649 nensis
918 1586 990 1647 ut
1025 1581 1271 1648 videtur
1313 1582 1395 1664 cf.
1442 1580 1834 1663 Hirschfeld,
1894 1581 2447 1665 Untersuchunyen
2488 1604 2543 1651 z.
2586 1591 2745 1648 ro‘m.
2793 1583 2990 1651 Ver-w,
3027 1605 3100 1667 p.
3130 1586 3258 1649 123

673 1686 820 1751 adn.
876 1684 963 1768 5),
1044 1684 1408 1770 praefectus
1478 1682 1769 1767 fabrum3
1844 1685 2034 1749 IIvir
2090 1685 2358 1750 Venafri
2426 1695 2491 1750 et
2548 1686 2721 1750 Foro
2789 1685 2914 1752 Iuli
2936 1738 2951 1766 ‚
3020 1685 3254 1750 flamen

674 1785 1052 1872 Augustalis
1095 1786 1171 1852 X
1206 1791 1371 1852 4868
1415 1792 1457 1852 t.
1506 1787 1930 1869 Venafranus.

586 1930 672 1938 —
716 1899 1055 1956 DANACIA
1100 1898 1527 1967 QVARTILLA
1570 1898 2031 1955 AVRELIANA.

586 2033 674 2041 —
718 2003 958 2057 MARIA
1000 1992 1498 2076 AVREL(1ANA)
1543 1991 1664 2073 (vel
1706 1992 2130 2075 AVREL(1A))
2176 2000 2707 2060 WOLENTELA.

551 2099 717 2164 1184
759 2104 1275 2177 AVRELIANVS,
1352 2093 1579 2159 consul
1655 2096 2018 2179 (suffectus)
2091 2095 2311 2161 idibus
2376 2095 2592 2180 M[ais]
2659 2119 2806 2161 cum
2871 2096 3261 2163 Corneliano

675 2201 850 2265 circa
894 2219 953 2263 a.
998 2202 1122 2263 183
1165 2196 1349 2262 VIII
1379 2202 1599 2263 10570.

444 2307 454 2315 ’
549 2304 714 2369 1185
760 2308 1260 2382 AVRELIANVS,
1323 2311 1582 2365 senator
1625 2299 1758 2365 Dio
1799 2303 1901 2377 78,
1949 2305 2056 2378 12,
2118 2299 2476 2366 consularis
2518 2305 2590 2365 ut
2630 2301 2879 2367 videtur
2921 2301 3051 2368 ibd.
3095 2302 3144 2386 §
3186 2307 3264 2381 4,-

676 2426 752 2469 ex
796 2404 931 2469 loco
975 2401 1311 2467 admodum
1353 2403 1575 2467 mutilo
1622 2407 1869 2467 tantum
1904 2404 2140 2467 rimari
2183 2403 2342 2480 licet,
2402 2403 2776 2470 Macrinum
2817 2406 3263 2489 imperatorem

677 2508 916 2588 sactum
957 2526 1016 2573 a.
1062 2509 1190 2569 217
1231 2509 1491 2569 mortem
1541 2506 1694 2583 eiu-3,
1747 2526 1923 2587 quem
1968 2505 2200 2570 milites
2229 2506 2683 2589 postulabant,
2718 2510 3007 2591 primum
3049 2508 3264 2591 depre-

678 2615 888 2674 catum
932 2628 1077 2686 esse,
1126 2607 1347 2673 deinde
1389 2607 1760 2686 indulsisse;
1804 2607 2181 2673 interfectus
2221 2606 2354 2673 Dio
2400 2613 2499 2687 78,
2543 2614 2645 2679 19.

554 2713 718 2777 1186
765 2719 1266 2793 AVRELIANVS,
1312 2711 1418 2773 vir
1461 2709 1874 2794 clarissimus,
1922 2712 2195 2776 maritus
2239 2712 2569 2777 Domitiae
2600 2714 2977 2779 Victorinae
3023 2713 3264 2779 V4331

680 2818 722 2878 t.
769 2813 1155 2878 Brioeiensis.

560 2917 721 2982 1187
768 2914 1179 2998 Aurelianus,
1223 2912 1522 2978 tribunus
1565 2915 1830 3000 quidam
1870 2936 2019 2980 cum
2058 2915 2405 2982 Valeriano
2453 2919 2842 3004 imperatore
2884 2930 3112 3006 captus
3157 2920 3268 2983 vit.

679 3017 1030 3083 Aureliani
1067 3022 1125 3094 6,
1169 3021 1234 3083 2.

557 3123 720 3187 1188
763 3118 1177 3186 Aurelianus.
1227 3120 1624 3184 Pescennius
1648 3120 1852 3204 Niger
1881 3120 2189 3208 deceptus
2215 3133 2313 3188 est
2335 3125 2619 3189 consiliis
2643 3125 2890 3190 scaevis
2910 3123 3266 3210 Aureliani,

684 3225 796 3310 qui
839 3222 1004 3287 filias
1049 3245 1198 3287 suas
1246 3224 1384 3286 eius
1428 3221 1579 3287 filiis
1625 3222 2031 3308 despondens
2092 3227 2437 3309 persistere
2483 3248 2629 3292 eum
2688 3227 2841 3292 fecit
2886 3229 2953 3292 in
3000 3229 3269 3313 imperio

684 3329 792 3391 vit.
825 3326 1157 3390 Pescennii
1189 3325 1386 3408 Niqri
1421 3330 1477 3402 7,
1511 3330 1566 3392 1.
1604 3365 1681 3373 —
1730 3324 2112 3392 Pescennius
2152 3329 2412 3411 quidam
2453 3330 2851 3396 Aurelianus
2889 3336 3273 3397 memoratur

684 3430 851 3494 inter
891 3429 1171 3493 homines
1212 3428 1453 3493 nobiles
1496 3449 1540 3492 a
1583 3428 1895 3510 Septimio
1939 3429 2170 3495 Severo
2212 3432 2448 3497 occisos
2489 3434 2595 3496 vit.
2647 3433 2867 3499 Severi
2907 3439 3005 3511 13,
3049 3439 3108 3499 6.

560 3534 725 3600 1189
770 3531 846 3597 Τ.
893 3530 1284 3597 Aurelianus
1330 3530 1739 3596 Nicostratus
1790 3530 2052 3613 publice
2107 3532 2457 3599 honoratus
2502 3539 2544 3599 t.
2591 3535 2845 3601 Rhodio
2886 3537 3053 3604 OIG
3096 3542 3269 3605 2529

683 3657 845 3701 corr.
878 3635 1179 3717 Inscript.
1206 3655 1416 3718 yraec.
1448 3633 1807 3699 insularum
1839 3639 1951 3698 etc.
1983 3656 2047 3699 n.
2079 3639 2179 3702 83.
2257 3636 2415 3701 Tria
2444 3640 2704 3703 nomina
2741 3640 2986 3705 exhibet
3032 3639 3269 3717 titula-3,

684 3738 858 3823 apud
897 3739 1236 3821 scriptores
1277 3757 1519 3819 semper
1559 3737 1985 3801 Nicostratus.

812 3841 1019 3907 Filius
1050 3840 1424 3923 Nicostrati,
1467 3838 1712 3927 Ἄμ[ιο]ς
1740 3840 1812 3904 id
1839 3845 1932 3905 est
1962 3840 2246 3907 Peraeae
2274 3842 2571 3909 Rhodiae
2600 3845 2752 3909 civis
2795 3847 2888 3911 tit.
2905 3867 2926 3925 ,·
2968 3846 3270 3914 Μακεδών

689 3945 929 4012 Suidas
973 3965 1022 4009 s.
1067 3964 1124 4008 v.
1174 3943 1567 4031 Νικόστρατος
1610 3943 1702 4008 ΙΙ
1724 3965 1796 4026 p.
1830 3948 1949 4008 990
1992 3944 2086 4008 ed.
2128 3943 2534 4029 Bernhardy,
2595 3947 2666 4012 id
2720 3948 2888 4030 quod
2940 3971 3018 4015 ne
3060 3972 3274 4016 verum

685 4050 769 4113 sit
813 4047 1033 4112 titubas
1075 4068 1203 4112 non
1249 4047 1474 4111 obstat.
1547 4045 1853 4131 Sophista
1884 4045 1991 4110 vel
2029 4046 2111 4111 ab
2161 4048 2548 4134 imperatore
2594 4052 2800 4133 (cuius
2841 4073 3065 4119 nomen
3109 4058 3272 4119 tace-

690 4157 812 4227 tur,
848 4173 891 4215 a
922 4151 1022 4216 M.
1054 4149 1323 4214 Aurelio
1365 4153 1437 4214 ut
1478 4146 1747 4230 videtur)
1794 4149 2093 4235 pluribus
2138 4150 2491 4216 honoribus
2536 4154 2804 4218 affectus
2843 4156 2937 4219 tit.
2970 4154 3273 4241 Aquilius

690 4252 976 4338 Regulus
1008 4254 1259 4318 iuvenis
1282 4251 1722 4316 Nicostratum
1754 4251 2078 4317 rhetorem
2109 4255 2490 4337 magistrum
2521 4277 2645 4320 usu
2674 4256 2965 4322 cenaculi
2989 4257 3271 4339 donavit,

687 4357 769 4422 de
798 4379 926 4442 quo
958 4355 1263 4421 defuncto
1298 4355 1545 4438 Regulo
1591 4376 1738 4419 cum
1778 4358 2289 4420 controversiam
2331 4356 2616 4442 haberet,
2666 4360 3094 4446 Papinianum
3124 4382 3273 4425 con·

687 4459 889 4525 suluit
931 4459 1277 4542 Pupiniam.
1315 4456 1562 4541 Diyest.
1596 4462 1698 4535 39,
1741 4463 1799 4535 5,
1840 4463 1944 4524 27.
2024 4456 2300 4547 Ἐτάχθη
2347 4463 2414 4526 δὲ
2458 4461 2521 4526 ἐν
2567 4466 2688 4534 τοῖς
2726 4464 3002 4549 κριθεῖσιν
3049 4465 3275 4529 ἐπιδευ·

686 4564 875 4650 τέροις
907 4563 1051 4628 δέκα
1081 4563 1348 4650 ῥήτορσιν
1382 4560 1490 4644 (cf.
1522 4560 1711 4626 schol.
1736 4561 2008 4626 Lucian.
2040 4561 2114 4626 de
2143 4561 2290 4630 salt.
2332 4568 2413 4629 69
2442 4564 2534 4632 ed.
2570 4566 2860 4631 Iacobitz
2887 4567 2940 4631 I
2946 4566 3008 4631 V
3012 4569 3268 4651 12149),
3330 4547 3335 4551 ⁸

689 4668 1018 4753 σύγχρονος
1078 4661 1425 4752 Ἀριστείδου
1486 4666 1586 4729 καὶ
1643 4665 1869 4735 Δίωνος
1925 4670 2029 4729 τοῦ
2076 4662 2543 4753 Χρυσοστόμου·
2590 4667 2662 4752 ἦν
2714 4668 2825 4755 γὰρ
2878 4668 2973 4733 ἐπὶ
3025 4669 3273 4756 Μάρκου

692 4767 1065 4837 Ἀντωνείνου
1126 4775 1228 4834 τοῦ
1290 4769 1620 4856 βασιλέως·
1677 4768 1902 4856 ἔγραψε
1955 4769 2338 4855 Δεκαμυῦίαν
2405 4769 2658 4843 Εἰκόνας
2716 4770 3102 4858 Πολυμυθίαν
3167 4772 3275 4855 (ef.

689 4874 1068 4958 Hermoqen.
1117 4876 1244 4959 περὶ
1290 4876 1466 4938 ἰδεῶν
1512 4878 1577 4951 2,
1626 4878 1730 4949 12,
1786 4877 1829 4937 3
1876 4894 1950 4955 p.
1996 4876 2122 4941 394
2174 4872 2268 4937 ed.
2316 4874 2611 4958 Spenyel)
2655 4874 3139 4963 Θαλαττουργοὺς
3180 4876 3276 4939 καὶ

691 4978 849 5042 ἄλλα
909 4983 1157 5044 πλεῖστα
1203 4980 1298 5042 καὶ
1355 4975 1663 5064 Ἐγκώμια
1714 4977 1801 5048 εἶς
1842 5000 1906 5041 τε
1951 4978 2055 5042 τὸν
2101 4975 2351 5062 Μάρκον
2395 4982 2494 5044 καὶ
2537 4979 2776 5049 ἄλλους.
2878 4979 2985 5043 De
3040 4998 3277 5062 genere

690 5080 948 5145 dicendi
982 5081 1119 5145 eius
1149 5081 1500 5165 scripserat
1521 5078 1983 5166 Metrophanes
2006 5077 2433 5144 Lebadiensis
2457 5080 2700 5147 Suidas
2718 5099 2769 5145 3.
2792 5101 2848 5145 v.
2872 5079 3278 5168 Μητροφάνῃς
