3859 5992
588 580 1023 638 ANTIPATER
1894 568 1981 633 84
2902 575 3296 633 ANTISTIVS

717 780 894 843 circa
957 800 1015 845 a.
1065 777 1190 843 740
1232 807 1317 830 =
1363 778 1447 842 14
1504 798 1562 841 a.
1608 773 1682 840 O.
1751 772 1836 839 ad
1898 773 2116 839 aulam
2185 774 2517 839 revocavit
2581 784 2646 840 et
2709 796 2879 840 anno
2936 776 3298 860 insequenti

719 879 828 964 (cf.
875 879 1175 957 Scharer,
1247 877 1614 945 Geschichte
1673 876 1780 943 des
1837 875 1900 942 J
1890 876 2189 942 adischen
2249 876 2470 942 Volkes
2502 898 2574 960 p.
2617 882 2742 943 303
2784 882 2940 964 sqq.)
3001 880 3299 943 comitem

717 981 808 1049 M.
854 981 1190 1069 Agrippae
1233 1003 1318 1045 ex
1376 981 1623 1045 oriente
1667 980 1940 1044 Romam
1998 980 2381 1044 revertentis
2435 978 2523 1043 ad
2565 979 2938 1064 Augustum
2994 981 3170 1045 misit
3210 979 3297 1046 id.

719 1090 850 1150 ant.
882 1090 979 1168 16,
1011 1089 1070 1162 3,
1101 1089 1160 1162 3,
1206 1083 1346 1151 belz.
1379 1088 1437 1162 1,
1467 1088 1572 1161 23,
1606 1087 1764 1148 1-2.
1840 1079 2008 1147 Cum
2049 1081 2344 1147 Herodes
2389 1104 2447 1147 a.
2484 1082 2607 1148 742
2636 1113 2721 1136 =
2762 1085 2843 1149 12
2885 1106 2945 1148 a.
2978 1082 3052 1149 O.
3098 1083 3301 1169 Aqui·

718 1185 885 1252 leiae
927 1187 1206 1272 Augusti
1268 1208 1467 1272 opera
1518 1207 1667 1250 cum
1708 1183 2088 1251 Alexandro
2148 1194 2214 1250 et
2253 1183 2629 1250 Aristobulo
2682 1182 2830 1250 filiis
2888 1184 3300 1251 Mariammes

724 1290 1175 1356 reconciliatus
1219 1289 1482 1355 domum
1526 1288 1798 1372 rediret,
1845 1288 2194 1373 Antipater
2251 1297 2317 1352 et
2372 1289 2512 1374 ipse
2565 1289 2631 1352 in
2679 1288 2990 1354 Iudaeam
3034 1290 3302 1354 revertit

718 1393 806 1458 id.
855 1398 987 1458 ant.
1033 1398 1131 1471 16,
1174 1398 1233 1470 4,
1275 1397 1335 1460 5.
1424 1390 1721 1457 Discidia
1778 1391 1949 1456 inter
2008 1400 2257 1477 patrem
2306 1389 2602 1477 filiosque
2647 1391 2985 1457 calumniis
3029 1413 3301 1458 summo·

717 1517 871 1581 perc
930 1497 1118 1559 auxit
1173 1504 1528 1580 auctorque
1584 1493 1711 1558 fuit
1767 1492 2051 1577 Herodi,
2113 1502 2186 1558 ut
2240 1492 2690 1559 Alexandrum
2749 1504 2813 1559 et
2855 1494 3302 1561 Aristobulum

721 1597 1115 1662 interficeret
1141 1597 1229 1662 id.
1264 1601 1393 1662 ant.
1425 1600 1524 1673 16,
1562 1601 1618 1673 7,
1649 1600 1859 1678 2sqq.,
1896 1595 2037 1660 bell.
2062 1602 2120 1672 1,
2151 1600 2259 1674 24,
2290 1601 2492 1679 Isqq„
2530 1596 2842 1662 Nicolaus
2863 1595 3303 1662 Damas-oenus

717 1701 803 1782 fr.
849 1705 890 1766 5
936 1700 1036 1766 M.
1080 1699 1213 1765 III
1230 1722 1303 1783 p.
1336 1703 1476 1765 351.
1563 1699 1723 1763 Post
1767 1720 1992 1763 necem
2038 1719 2261 1763 eorum
2307 1699 2501 1777 (armo
2544 1701 2680 1781 fere
2726 1705 2845 1765 747
2888 1729 2971 1753 =
3018 1706 3060 1764 7
3099 1722 3160 1767 a.
3202 1698 3300 1780 Ο.)

720 1825 971 1869 summa
1012 1803 1302 1888 potentia
1343 1803 1412 1867 in
1457 1801 1611 1867 aula
1650 1812 1717 1867 et
1759 1823 2012 1866 summa
2054 1802 2257 1888 patris
2296 1803 2508 1885 gratia
2551 1824 2704 1867 usus
2748 1812 2997 1868 secreta
3033 1801 3303 1868 consilia

718 1905 801 1971 de
862 1907 1268 1972 successione
1327 1928 1475 1970 cum
1521 1904 1811 1971 Pherora
1872 1904 2074 1970 fratre
2114 1904 2398 1970 Herodis
2457 1905 2603 1971 iniit
2659 1904 2747 1971 id.
2801 1910 2932 1971 ant.
2977 1911 3078 1983 17,
3122 1911 3181 1985 1,
3227 1911 3266 1970 1
3284 1927 3305 1985 ,·

721 2013 820 2086 17,
865 2014 931 2087 2,
977 2013 1038 2086 4,
1103 2007 1243 2073 belz.
1290 2013 1348 2084 1,
1393 2010 1484 2073 28
1497 2026 1518 2087 ;
1575 2011 1633 2085 1,
1679 2011 1788 2085 29,
1834 2012 1891 2074 1.
1998 2005 2253 2087 Quibus
2315 2006 2584 2072 detectis
2651 2008 2921 2072 Romam
2988 2012 3305 2075 concessit

719 2111 809 2177 id.
858 2115 987 2179 ant.
1033 2116 1134 2188 17,
1178 2116 1239 2188 3,
1281 2116 1347 2187 2,
1411 2109 1550 2175 bell.
1596 2114 1654 2187 1,
1701 2114 1804 2187 29,
1852 2115 1914 2176 2.
2025 2109 2205 2174 Dum
2272 2108 2365 2174 ibi
2431 2119 2752 2193 moratur,
2819 2119 2968 2196 post
3032 2121 3298 2176 mortem

722 2214 1050 2279 Pherorae
1094 2212 1352 2279 indiciis
1397 2212 1774 2278 libertorum
1820 2234 2289 2298 servarumque
2337 2214 2477 2278 eius
2535 2213 2711 2298 apud
2758 2213 3087 2278 Herodem
3130 2212 3299 2279 dela-

719 2326 822 2381 tus
857 2326 957 2381 est
985 2315 1255 2380 insidias
1286 2316 1455 2401 patri
1485 2317 1799 2380 struxisse
1829 2315 1913 2379 id.
1946 2321 2077 2381 ant.
2107 2320 2206 2392 17,
2237 2319 2298 2392 3,
2327 2320 2538 2393 4-4,
2569 2320 2630 2392 3,
2664 2316 2804 2383 bell.
2838 2321 2895 2393 1,
2920 2321 3002 2382 30
3032 2322 3216 2395 -31,
3239 2320 3299 2381 1.

721 2418 1019 2484 Herodes
1050 2421 1150 2483 ira
1177 2417 1582 2484 dissimulata
1613 2440 1730 2505 per
1756 2420 2036 2504 speciem
2075 2419 2398 2483 amicitiae
2444 2441 2590 2483 eum
2636 2421 2702 2482 in
2747 2420 3025 2505 patriam
3066 2420 3303 2484 reverti

721 2523 910 2586 iussit
965 2543 1432 2608 reversumque
1476 2521 1951 2607 Hierosolymis
1996 2522 2172 2609 apud
2217 2520 2588 2605 consilium,
2637 2523 2743 2587 cui
2787 2523 2862 2590 P.
2910 2522 3305 2605 Quinctilius

719 2624 938 2690 Varus
982 2624 1234 2709 legatus
1281 2624 1514 2711 Syriae
1560 2624 1882 2709 interfuit,
1934 2624 2056 2690 sibi
2103 2625 2370 2690 insidias
2414 2647 2678 2711 parasse
2721 2625 3121 2690 insimulavit
3162 2647 3304 2712 pro-

715 2727 1061 2814 bavitque,
1123 2728 1275 2792 dein
1320 2727 1735 2814 Antipatrum
1797 2729 1863 2792 in
1910 2727 2179 2793 vincula
2233 2729 2509 2793 coniecit
2563 2738 2629 2792 et
2669 2727 2751 2792 de
2796 2728 2992 2793 rebus
3038 2729 3176 2793 eius
3220 2727 3303 2792 ad

719 2830 1091 2913 Augustum
1123 2830 1373 2895 rettulit
1403 2829 1490 2909 (a.
1526 2834 1643 2895 749
1673 2861 1756 2884 =
1785 2835 1828 2895 5
1858 2852 1918 2896 a.
1954 2829 2051 2916 0.)
2081 2831 2170 2895 id.
2205 2835 2335 2899 ant.
2360 2835 2460 2909 17,
2490 2835 2550 2908 5,
2584 2836 2733 2908 1-7,
2767 2831 2907 2896 bell.
2941 2837 2998 2908 1,
3022 2837 3128 2909 32,
3150 2835 3303 2908 3-5,

725 2932 1039 2998 Nicolaus
1082 2931 1386 2998 Damaso.
1419 2955 1493 3016 p.
1524 2936 1671 3000 352.
1761 2933 1894 3015 Qui
1953 2956 2104 2998 cum
2148 2933 2397 2999 Herodi
2457 2932 2735 2998 liberum
2779 2933 3117 2999 arbitrium
3164 2956 3305 3021 per-

721 3037 1028 3118 misisset,
1102 3037 1449 3123 Antipater
1528 3037 1749 3123 paucis
1816 3037 2046 3103 diebus
2110 3046 2262 3102 ante
2328 3058 2522 3122 quam
2587 3036 2882 3101 Herodes
2947 3048 3305 3102 moreretur

721 3138 810 3221 (a.
852 3143 973 3203 750
1017 3169 1101 3193 =
1143 3145 1184 3204 4
1231 3161 1292 3208 a.
1334 3138 1452 3224 0.),
1498 3139 1872 3205 interfectus
1918 3149 2017 3204 est
2060 3140 2146 3204 id.
2194 3143 2324 3207 ant.
2359 3145 2458 3217 17,
2494 3145 2549 3216 7,
2599 3139 2739 3204 bell.
2781 3145 2838 3217 1,
2867 3144 2968 3218 33,
3001 3145 3061 3217 7,
3110 3140 3304 3206 Nico-

722 3239 865 3307 laus
907 3241 1211 3308 Damaso.
1246 3265 1320 3326 p.
1352 3247 1490 3308 353.

612 3380 700 3389 —
764 3344 841 3408 T.
887 3343 1112 3410 Aelius
1155 3345 1521 3430 Antipater.

617 3485 694 3493 -—
764 3444 995 3513 Gallus
1038 3445 1403 3534 Antipater.

613 3586 698 3594 —
766 3557 1162 3614 SEPTIMIVS
1205 3558 1658 3617 ANTIPATER.

613 3689 700 3698 —
766 3662 1167 3718 GARGILIVS
1214 3662 1609 3730 ANTIQVVS.

613 3792 700 3801 -—·
763 3764 830 3821 L.
875 3765 1346 3820 PVLLAIENVS
1395 3764 1796 3820 GARGILIVS
1840 3765 2238 3835 ANTIQVVS.

616 3896 701 3904 —
767 3858 979 3924 Nonia
1023 3859 1285 3924 Antist.
1313 3908 1327 3923 .
1354 3909 1369 3924 .

614 3998 700 4006 —
764 3970 831 4025 Τ.
879 3969 1302 4026 PoMPovas
1348 3961 1915 4045 ANJTIJSTIANVS.

623 4101 702 4110 -—
770 4073 833 4128 T.
853 4063 943 4147 (P)
992 4113 1007 4127 .
1034 4113 1049 4127 .
1078 4072 1388 4128 ‚PONIVS
1435 4073 1914 4128 MAMILIANVS
1962 4074 2203 4129 RVFVS
2233 4074 2733 4130 ANTISTIANVS
2780 4074 3261 4131 FVNISVLANV
3266 4077 3302 4131 S

722 4175 1274 4231 VETTONIANVS.

1038 4268 1196 4337 Quod
1221 4268 1448 4323 Habner
1474 4268 1548 4323 ad
1576 4268 1703 4323 CIL
1739 4268 1860 4322 VII
1881 4275 1985 4326 164
2021 4269 2373 4326 adnotaverat
2405 4287 2597 4326 nomen
2629 4270 2820 4339 yentile
2851 4271 3046 4325 exiisse
3079 4271 3142 4325 in
3176 4282 3303 4326 Pom

823 4412 826 4415 ,
873 4355 949 4408 rel
973 4366 1120 4419 Rom,
1145 4354 1210 4410 de
1233 4365 1360 4409 Pom
1386 4356 1496 4409 iam
1519 4361 1747 4423 constat,
1779 4361 2067 4424 postquam
2094 4354 2163 4410 F.
2186 4356 2499 4426 Haverfield
2527 4356 2852 4411 Oct-oniensis
2888 4375 2925 4411 a
2964 4374 3043 4410 me
3082 4364 3304 4429 rogatus

870 4439 1103 4509 lapidem
1126 4439 1302 4495 devmo
1322 4441 1652 4494 eoeaminavit
1675 4447 1723 4496 et
1745 4447 1989 4510 ectypum
2022 4458 2348 4511 {lypsaceum
2370 4443 2565 4511 optime
2600 4446 2891 4511 consectum
2926 4443 3168 4498 benevole
3201 4446 3305 4500 huc

867 4526 1031 4578 misit.
1086 4525 1284 4580 Prima
1320 4526 1496 4581 littera
1530 4527 1640 4595 fuit
1672 4527 1752 4580 vel
1785 4540 1834 4580 Τ.
1873 4528 1954 4579 vel
1989 4540 2055 4593 P„
2091 4527 2264 4583 altera
2297 4529 2417 4582 item
2452 4540 2487 4581 Τ
2522 4529 2601 4582 vel
2636 4540 2684 4593 P,
2722 4530 2879 4583 tensa
2906 4529 3078 4598 plane
3111 4530 3305 4585 detrita

866 4616 958 4678 est,
1008 4615 1235 4679 quartae
1279 4612 1480 4680 apices,
1530 4614 1626 4679 qui
1662 4612 2076 4681 diynoscuntur,
2124 4629 2245 4666 cum
2291 4625 2333 4667 ιι
2381 4618 2504 4681 apte
2536 4616 2878 4668 conveniunt.
2951 4600 3146 4683 Itaque
3179 4633 3306 4683 pro-

866 4697 1114 4752 babiliter
1137 4698 1410 4752 restituere
1443 4697 1578 4751 mihi
1613 4697 1796 4753 videor
1833 4697 1930 4767 [T.]
1968 4697 2255 4768 [rouJPom
2288 4711 2339 4752 T.
2363 4710 2412 4753 r.
2439 4711 2562 4753 ou..
2589 4711 2891 4754 mumma
2921 4705 3013 4753 etc.
3065 4701 3305 4756 Litteras

867 4800 978 4837 esse
1013 4783 1217 4837 saeculi
1249 4782 1328 4836 Π
1354 4784 1596 4836 exeuntis
1634 4784 1996 4838 consentimus
2034 4784 2129 4852 qui
2164 4783 2399 4837 vidimus
2435 4801 2633 4839 omma.

610 4907 699 4917 -—
762 4871 1200 4953 AVROELIVS)
1246 4869 1709 4954 ANTIS[Ter].

594 4975 718 5040 585
765 4974 1090 5040 Antistius
1107 4973 1217 5057 (‘?),
1265 4995 1494 5037 servus
1545 4974 1953 5059 imperatoris
1984 4973 2324 5039 Aureliani
2361 4984 2508 5060 post
2536 4984 2809 5040 mortem
2841 4978 2981 5041 eius
3011 4999 3052 5042 a
3077 4987 3304 5044 senatu

720 5079 1150 5143 manumissus
1193 5077 1302 5141 υἰέ.
1347 5076 1699 5142 Aureliani
1737 5080 1838 5154 50,
1869 5081 1929 5141 3.
2007 5077 2203 5143 Servo
2248 5078 2525 5142 Antistii
2561 5099 2788 5144 nomen
2829 5101 2958 5145 ‘non
3002 5083 3302 5147 convenit.

591 5182 718 5247 586
765 5181 846 5262 Q.
891 5179 1216 5246 Antistius
1258 5181 1628 5246 nominatur
1680 5181 1752 5245 in
1798 5180 2159 5263 fraymento
2205 5180 2378 5245 tituli
2417 5182 2659 5247 urbani
2698 5181 3053 5248 Bulzettino
3098 5205 3306 5250 comu-

717 5283 865 5349 παῖε
908 5284 1112 5350 XIII
1144 5286 1357 5369 (1885)
1391 5307 1463 5368 p.
1496 5289 1577 5351 96
1617 5305 1680 5349 n.
1711 5288 1893 5349 1009.
