3859 5992
533 554 906 617 CLAVDIVS
1819 552 1946 623 375
2862 562 3237 627 CLAVDIVS

658 759 791 841 fere
835 761 1311 845 quinquaqinta,
1356 782 1509 845 quos
1551 764 1735 845 infra
1774 763 2102 851 indicavi.)
2189 763 2367 829 Nam
2409 763 2557 830 inde
2607 764 2689 829 ab
2745 766 2996 831 saeculo
3054 769 3242 833 tertio

658 867 812 945 post
860 861 1188 928 Christum
1229 869 1453 930 natum
1493 867 1835 949 scriptores
1887 866 2128 934 Graeci
2169 867 2466 952 (exceptis
2510 866 2844 932 dumtaxat
2901 867 3086 947 locis,
3129 869 3245 934 ubi

660 965 1090 1047 antiquiorum
1146 968 1402 1051 scriptis
1457 970 1565 1033 usi
1618 967 1786 1052 sunt)
1836 969 2180 1053 ⁸‹Jentiliciis
2235 969 2673 1035 Romanorum
2723 971 2824 1034 uti
2877 972 2975 1035 ita
3026 991 3244 1055 super-

657 1067 969 1145 sederunt,
1012 1073 1088 1134 ut
1124 1068 1222 1135 vel
1261 1070 1599 1154 scriptores
1626 1071 2074 1137 Romanarum
2099 1093 2315 1137 rerum
2341 1072 2539 1138 veluti
2565 1071 2975 1139 Herodianus
3000 1093 3246 1158 semper

654 1170 1045 1252 ¹qentilicium
1096 1173 1436 1238 omiserint.
1540 1175 1716 1255 Quae
1772 1195 1913 1240 cum
1969 1175 2065 1240 ita
2132 1177 2297 1253 sint,
2361 1195 2442 1240 ne
2505 1174 2690 1239 libris
2744 1175 2994 1258 quidem
3048 1198 3246 1243 manu

658 1275 917 1388 scriptis
947 1271 1201 1351 Galeni,
1228 1296 1608 1359 quamquam
1623 1298 1867 1360 parum
1896 1279 2055 1343 certi
2075 1277 2281 1343 adhuc
2305 1277 2381 1342 de
2409 1277 2494 1342 iis
2520 1277 2824 1356 novimus,
2852 1278 3243 1362 gentilicium

661 1374 795 1439 eius
832 1380 1148 1441 servatum
1189 1396 1318 1442 esse
1360 1378 1751 1445 crediderim.
1838 1379 2050 1463 Atque
2104 1379 2366 1446 Iwanus
2413 1377 2675 1456 Mamer,
2734 1380 2837 1443 vir
2878 1380 2949 1457 in
2989 1380 3246 1465 scriptis

662 1474 903 1544 Galeni
954 1479 1228 1545 maxime
1289 1485 1609 1559 versatus,
1665 1503 1709 1546 a
1763 1504 1861 1547 me
1914 1487 2180 1566 roqatus
2242 1502 2309 1548 se
2366 1501 2694 1564 nunquam
2754 1502 2952 1564 neque
3011 1483 3085 1548 in
3146 1483 3246 1547 in-

658 1580 1110 1662 scriptionibus
1144 1603 1340 1665 neque
1373 1584 1446 1648 in
1486 1584 2056 1667 subscriptionibus
2101 1585 2409 1650 librorum
2453 1585 2588 1649 eius
2630 1604 2825 1649 manu
2865 1586 3246 1670 scriptorum

659 1679 927 1747 Claudii
974 1704 1198 1750 nomen
1254 1685 1562 1751 invenisse
1621 1691 1883 1752 testatus
1940 1692 2047 1754 est.
2137 1688 2364 1770 Itaque
2414 1685 2576 1752 nihil
2624 1686 2877 1764 dubito,
2932 1689 3085 1770 quin
3129 1686 3247 1751 hoc

658 1786 1119 1851 renascentium
1159 1786 1401 1852 demum
1439 1787 1796 1854 litterarum
1839 1791 2252 1873 antiquarum
2297 1793 2503 1855 aetate
2544 1788 2714 1871 falso
2753 1787 3000 1855 Galerio
3044 1789 3245 1854 tribu-

661 1890 795 1951 tum
834 1889 921 1953 sit
961 1889 1090 1953 sive
1134 1895 1342 1955 ortum
1384 1891 1661 1972 fortasse
1703 1913 1781 1957 ecc
1823 1892 2205 1975 compendiis
2248 1893 2606 1976 scripturae
2645 1890 2812 1957 male
2853 1891 3077 1958 solutis
3115 1891 3245 1956 sive

659 2010 736 2053 ex
795 1988 926 2055 alio
968 2013 1199 2059 errore.
1295 1993 1428 2060 Sed
1467 2015 1608 2060 eam
1647 2016 1783 2060 rem
1834 2015 1977 2061 cum
2028 1994 2116 2060 ad
2158 1996 2349 2079 finem
2391 1994 2741 2078 perducere
2797 1998 2982 2060 extra
3037 2014 3244 2058 meam

655 2093 1059 2175 provinciam
1085 2095 1190 2173 sit,
1210 2101 1677 2180 persequantur
1699 2102 1843 2181 opto
1869 2097 2150 2163 homines
2186 2097 2543 2163 litterarum
2572 2094 2750 2161 illius
2772 2096 3004 2161 aetatis
3020 2095 3241 2179 periti.

658 2194 928 2260 Interim
984 2216 1099 2262 cur
1152 2218 1377 2264 nomen
1422 2221 1547 2283 per
1602 2200 1858 2265 saecula
1919 2199 2227 2265 traditum
2285 2201 2664 2265 auctoritate
2714 2198 2982 2283 antiqua
3026 2219 3245 2264 carere

658 2295 820 2361 mibi
856 2297 1192 2377 videretur,
1240 2299 1357 2366 hoc
1405 2301 1538 2368 loco
1582 2303 1938 2385 exposuisse
1987 2303 2148 2368 satis
2187 2301 2544 2367 babendum
2587 2304 2745 2372 erat.

803 2400 1013 2468 Vitam
1056 2401 1295 2470 Galeni
1335 2406 1447 2489 qui
1484 2407 1892 2490 scripserunt,
1941 2428 2157 2473 eorum
2197 2426 2364 2471 unus
2393 2405 2689 2471 Labbeus
2732 2405 2960 2488 diqnus
3002 2408 3095 2470 est
3135 2404 3248 2486 qui

655 2509 1049 2572 memoretur.
1163 2507 1291 2588 Qui
1345 2513 1692 2591 postquam
1770 2508 1982 2575 libello
2053 2510 2358 2592 inscripto
2429 2508 2591 2572 ‘vita
2654 2504 2913 2573 Claudii
2979 2505 3238 2574 Galeni’

661 2602 970 2684 (Parisiis
997 2630 1059 2673 a.
1083 2613 1247 2674 1660
1276 2609 1468 2693 edito)
1501 2611 1668 2676 locos
1693 2611 1921 2677 multos
1951 2634 2028 2677 ex
2056 2612 2242 2677 libris
2270 2609 2525 2689 Galeni‚
2557 2611 2671 2693 qui
2698 2610 2787 2675 ad
2811 2610 3009 2675 vitam
3044 2609 3245 2693 ipsius

658 2713 961 2791 spectant,
1006 2713 1371 2796 composuit,
1423 2712 1626 2779 altero
1668 2713 1880 2779 libello
1924 2713 2135 2779 eodem
2180 2735 2350 2779 anno
2394 2713 2558 2778 edito
2603 2712 2908 2795 inscripto
2956 2709 3239 2777 ‘Claudii

661 2809 896 2876 Galeni
940 2812 1468 2899 chronologicum
1513 2815 1821 2901 elogium‘
1853 2818 2054 2882 vitam
2097 2838 2174 2882 ex
2218 2821 2564 2900 temporum
2606 2814 2827 2880 ordine
2870 2814 3243 2899 dispositam

658 2913 927 2980 brem’ter
956 2919 1301 2984 enarravit.
1366 2918 1461 2985 Et
1486 2919 1651 2985 hanc
1679 2919 1926 3002 quidem
1955 2921 2155 2985 vitam
2173 2919 2583 2985 Ackermann
2609 2918 2681 2983 in
2708 2916 2976 2982 editione
3004 2920 3242 3000 quarta

661 3016 1069 3085 bibliothecae
1099 3042 1371 3104 qraecae
1397 3020 1699 3087 Fabricii
1726 3023 1806 3088 ab
1844 3022 2180 3088 Harlessio
2224 3026 2452 3087 mirata
2494 3020 2556 3087 V
2572 3043 2647 3105 p.
2675 3023 2802 3086 378
2826 3040 2955 3103 sqq.
3003 3018 3242 3084 additis

657 3120 1035 3201 quibusdam
1075 3122 1229 3188 locis
1272 3145 1350 3189 ex
1386 3122 1624 3190 Galerii
1664 3123 1850 3190 libris
1892 3130 2163 3191 ceterum
2205 3126 2606 3189 immutatam
2634 3124 2769 3205 fere
2794 3122 3066 3205 repetiit.
3130 3120 3236 3185 Ab

654 3223 1101 3291 Ackermamno
1146 3231 1355 3291 autem
1400 3225 1605 3307 (cuius
1645 3229 1781 3293 vita
1825 3229 1894 3294 in
1939 3227 2208 3293 editione
2247 3225 2484 3293 Galerii
2527 3247 2783 3310 operum
2810 3245 3002 3308 quam
3037 3222 3239 3287 Kubn

653 3329 922 3409 paravit
950 3329 1004 3393 I
1018 3350 1091 3412 p.
1117 3328 1307 3395 XXI
1321 3349 1448 3413 sqq.
1494 3350 1721 3396 rursus
1764 3331 1929 3414 typis
1964 3331 2275 3414 impressa
2304 3334 2419 3415 est)
2448 3330 2795 3412 quicunque
2822 3327 3238 3391 recentiorum

655 3429 771 3494 hoc
812 3430 1063 3497 saeculo
1090 3433 1288 3497 vitam
1321 3432 1560 3499 Galerii
1583 3434 1680 3500 vel
1709 3434 1947 3517 paucis
1976 3434 2327 3516 attiqerunt
2364 3432 2461 3498 vel
2492 3431 2793 3516 pluribus
2821 3431 3240 3513 coposuerunt

656 3534 785 3598 sive
813 3533 1134 3618 phi‘loloqi
1172 3536 1301 3601 sive
1329 3535 1701 3621 philosophi
1724 3538 1852 3602 sive
1885 3536 2130 3614 medici,
2178 3537 2267 3602 ad
2305 3557 2503 3601 unum
2546 3553 2755 3599 omnes
2794 3552 2989 3615 usque
3033 3529 3238 3595 adhuc

652 3636 951 3719 pendent.
1029 3637 1206 3704 Nam
1249 3636 1527 3718 Glinton,
1572 3640 1770 3706 Fasti
1808 3640 2094 3705 Romani
2121 3639 2173 3705 I
2193 3661 2262 3723 p.
2292 3642 2432 3705 151.
2462 3641 2601 3704 155.
2631 3640 2752 3703 159
2784 3654 3006 3719 pauca
3046 3653 3236 3715 quae-

658 3738 803 3803 dam
850 3740 925 3806 de
966 3744 1290 3808 sententiis
1331 3743 1582 3809 Labbei
1619 3745 1887 3809 mutavit
1927 3745 2000 3808 in
2028 3744 2238 3827 peius.

786 3845 1229 3928 Pergamenus
1272 3844 1502 3913 Athen.
1545 3853 1601 3923 1,
1650 3851 1688 3910 1
1716 3847 1766 3928 f,
1826 3845 2094 3929 Syncell.
2128 3867 2203 3930 p.
2234 3848 2356 3910 666
2413 3843 2506 3908 ed.
2552 3841 2930 3917 BonnensiS,
2992 3837 3235 3904 Suidas

657 3966 707 4011 s.
751 3967 806 4008 v.
856 3947 1126 4032 Γαληνός
1168 3948 1219 4012 Ι
1238 3969 1311 4031 p.
1342 3953 1511 4014 1067
1550 3947 1643 4016 ed.
1689 3947 2112 4031 Bernhardy3
2139 3978 2145 3984 ·
2171 3948 2559 4030 Pergamum
2616 3946 2892 4032 patriam
2946 3941 3234 4010 Galenus

658 4049 819 4115 dicit
860 4050 995 4133 ipse
1024 4053 1288 4137 ὑγιεινῶν
1320 4055 1379 4128 5,
1414 4054 1458 4115 8
1494 4050 1596 4117 VI
1600 4073 1673 4134 Ρ.
1694 4054 1845 4128 278,
1892 4054 2025 4137 περὶ
2066 4058 2307 4137 τροφῶν
2348 4052 2658 4136 δυνάμεως
2684 4051 2744 4124 3,
2776 4051 2863 4111 17
2890 4044 2991 4111 VI
2997 4066 3067 4128 p.
3088 4048 3231 4119 697,

659 4156 790 4240 περὶ
833 4160 953 4218 τῶν
996 4153 1383 4221 πεπονθότων
1427 4153 1626 4220 τόπων
1672 4159 1738 4231 2,
1783 4158 1825 4220 5
1872 4152 2057 4219 VIII
2074 4157 2220 4231 132,
2266 4155 2397 4239 περὶ
2436 4157 2538 4239 τῆς
2582 4159 2700 4216 τῶν
2745 4152 2952 4216 ἁπλῶν
2999 4150 3233 4234 φαρμά-

657 4283 783 4323 κων
814 4261 1087 4344 κράσεων
1118 4262 1218 4335 10,
1250 4262 1315 4323 2.
1348 4261 1388 4322 9
1415 4257 1577 4323 XII
1594 4278 1669 4340 Ρ.
1698 4260 1845 4323 255.
1876 4262 2013 4324 272
2039 4261 2150 4321 eto.
2219 4255 2435 4321 Natus
2462 4260 2552 4320 est
2581 4274 2749 4319 armo
2778 4252 2913 4334 fere
2932 4249 3231 4326 128l129‚

655 4365 728 4425 ut
771 4380 849 4425 ex
888 4361 973 4424 iis
1002 4364 1272 4444 apparet
1300 4381 1461 4443 quae
1496 4361 1629 4445 ipse
1659 4359 1735 4425 de
1762 4360 2100 4425 itineribus
2126 4358 2403 4424 Romam
2429 4358 2624 4439 factis
2651 4354 2922 4421 tradidit
2945 4373 3001 4420 v.
3030 4350 3230 4432 infra.

652 4460 861 4527 Filius
888 4462 1155 4528 Niconis
1183 4474 1555 4546 geometrae
1598 4474 1664 4528 et
1700 4461 2037 4528 architecti
2069 4461 2253 4528 Suid.
2289 4461 2327 4526 l.
2362 4459 2406 4527 l.
2438 4462 2521 4543 cf.
2554 4459 2633 4525 N
2651 4463 2765 4537 63,·
2807 4466 3054 4544 patrem
3085 4473 3234 4537 geo-

653 4566 942 4649 metriae,
969 4565 1430 4649 arithmeticae,
1459 4565 1982 4649 architectoniae,
2014 4566 2463 4648 astronomiae,
2501 4562 2735 4647 logices
2769 4558 3232 4647 peritissimum

654 4666 854 4732 fuisse
877 4679 1194 4735 memorat
1217 4670 1352 4753 ipse
1381 4667 1654 4750 (nomine
1668 4669 1889 4752 patris
1912 4688 2227 4750 nusquam
2249 4666 2476 4749 allato)
2498 4667 2631 4752 περὶ
2649 4670 2850 4753 ψυχῆς
2878 4662 3089 4727 παθῶν
3114 4678 3166 4726 ⁶·
3189 4661 3235 4721 8

664 4769 805 4854 Vp.
819 4776 919 4848 41,
946 4774 1078 4858 περὶ
1100 4772 1389 4860 εὐχυμίας
1415 4774 1516 4839 καὶ
1539 4775 1911 4858 κακοχυμίας
1938 4777 2177 4859 τροφῶν
2200 4791 2250 4838 c.
2274 4776 2315 4836 1
2346 4768 2447 4835 VI
2450 4790 2524 4852 Ρ.
2551 4771 2688 4844 755,
2720 4769 2850 4853 περὶ
2878 4770 2985 4849 τῆς
3009 4764 3234 4833 τάξεως

655 4881 773 4941 τῶν
834 4876 999 4940 ἰδίων
1058 4876 1300 4964 βιβλίων
1360 4895 1411 4940 c.
1454 4878 1537 4941 59
1579 4875 1663 4956 cf.
1710 4873 1813 4940 VI
1830 4895 1906 4958 Ρ.
1953 4877 2096 4951 784,
2158 4872 2340 4939 VIII
2358 4893 2432 4956 Ρ.
2461 4875 2605 4947 587,
2648 4869 2723 4935 Χ
2747 4891 2821 4952 Ρ.
2851 4872 2994 4945 609,
3038 4862 3228 4931 XIV

648 5000 722 5061 p.
747 4982 890 5056 608,
919 4976 993 5044 X
1007 4976 1109 5043 VI
1112 4999 1185 5061 p.
1208 4983 1366 5055 223,
1397 4976 1585 5044 XIX
1597 4999 1669 5062 p.
1692 4982 1809 5055 43,-
1849 4986 2122 5041 matrem
2156 4996 2479 5040 morosam
2522 4973 2726 5057 (cuius
2753 4990 2979 5036 nomen
3006 4964 3230 5039 tacuit)

653 5092 969 5147 memorat
1011 5085 1143 5169 περὶ
1187 5086 1387 5169 ψυχῆς
1427 5082 1640 5147 παθῶν
1682 5100 1734 5148 c.
1780 5082 1845 5144 8.
1932 5078 1996 5144 A
2044 5088 2227 5164 patre
2284 5075 2635 5160 diligenter
2693 5073 3004 5139 educatus
3060 5079 3230 5157 post-

653 5205 852 5268 quam
881 5205 1126 5249 annum
1155 5194 1457 5270 quartum
1487 5182 1811 5248 decimum
1853 5181 2163 5269 explevit,
2206 5181 2291 5246 ad
2337 5179 2551 5246 studia
2594 5173 3041 5265 philosophica
3079 5193 3226 5236 con-
