3859 5992
510 569 882 627 CLAVDIVS
1801 554 1930 621 869
2848 560 3218 618 CLAVDIVS

508 768 637 835 690
677 775 883 832 NERO
919 773 1290 832 CLAVDIVS
1321 772 1611 829 DRVSVS
1641 768 2129 827 GERMANIOVS
2161 767 2458 825 CAESAR
2490 788 2575 813 =
2604 768 2809 825 NERO
2855 768 3224 825 CLAVDIVS

638 877 931 935 CAESAR
952 877 1333 934 AVGVSTVS
1358 874 1846 931 GERMANIGVS
1869 894 1953 919 ==
1978 873 2046 934 L.
2069 871 2432 927 DOMITIVS
2455 870 2977 930 AENOBARBVS.
3016 861 3224 928 Filius

635 972 754 1039 Cn.
772 972 1045 1038 Domitii
1069 968 1465 1047 Aenobarbi,
1489 967 1772 1034 consulis
1805 967 2120 1033 ordinarii
2149 988 2319 1032 anno
2343 966 2445 1049 32,
2479 976 2544 1031 et
2565 964 2770 1030 Iuliae
2798 962 3221 1052 Agrippinae,

633 1075 807 1141 filiae
866 1075 1241 1143 Germanici
1299 1082 1366 1138 et
1425 1071 1848 1159 Agrippinae,
1894 1072 2231 1156 proneptis
2280 1067 2563 1153 Augusti
2623 1068 2881 1134 Sueton.
2929 1068 3015 1136 N.
3059 1069 3117 1133 5.
3163 1072 3221 1146 6,

643 1179 792 1244 Tac.
835 1183 942 1256 12,
982 1182 1042 1254 3,
1089 1175 1221 1242 Dio
1264 1180 1367 1253 60,
1410 1180 1493 1241 39
1508 1195 1530 1254 ,·
1576 1180 1676 1252 61,
1710 1178 1814 1259 12,
1863 1172 2023 1238 Vict.
2066 1171 2248 1238 Caes.
2276 1175 2338 1249 5,
2382 1169 2679 1254 Epitome
2704 1175 2765 1248 5,
2810 1170 3060 1255 Ioseph.
3092 1175 3220 1241 ant.

632 1286 741 1360 20,
775 1284 838 1358 8,
867 1284 953 1360 2,·
997 1278 1252 1344 suboles
1300 1276 1748 1365 [Agrippinae]
1795 1280 1945 1343 acta
1984 1273 2325 1340 Arvalium
2369 1272 2681 1357 V12034,
2728 1271 2849 1339 Cn.
2894 1273 3225 1339 Domitius

636 1381 1064 1450 Aenobarbus
1110 1391 1296 1467 pater
1323 1380 1598 1445 Neronis
1626 1380 1910 1463 Augusti
1942 1382 2091 1444 acta
2117 1375 2459 1441 Arvalium
2496 1375 2600 1441 VI
2614 1378 2800 1444 2037.
2824 1380 2992 1442 2039
3020 1396 3077 1441 υ.
3109 1380 3222 1442 22.

635 1492 805 1553 2041
847 1508 901 1553 υ.
946 1490 1048 1553 41.
1100 1483 1339 1551 2042ᾶ
1377 1504 1433 1551 υ.
1480 1488 1540 1548 4.
1626 1482 1800 1548 Ante
1858 1481 2273 1568 adoptionem
2330 1478 2542 1544 dictus
2601 1487 2700 1544 est
2756 1480 2832 1544 L.
2892 1479 3223 1545 Domitius

633 1587 1065 1656 Aenobarbus
1122 1587 1250 1652 sive
1308 1587 1385 1654 L.
1431 1585 1760 1650 Domitius
1816 1585 1945 1650 sive
2001 1583 2363 1649 Domitius:
2420 1582 2569 1647 Tac.
2616 1603 2678 1647 a.
2724 1586 2825 1660 11,
2864 1587 2979 1663 11,-
3021 1586 3130 1661 12,
3161 1586 3220 1648 3.

633 1695 696 1756 8.
727 1695 788 1756 9.
817 1694 923 1759 25.
952 1695 1062 1768 26,
1108 1689 1241 1754 Dio
1285 1694 1386 1766 60,
1419 1693 1511 1756 32
1540 1688 1864 1771 (Zonaras
1890 1692 1991 1764 11,
2024 1686 2150 1770 10),
2200 1685 2413 1751 Victor
2451 1685 2629 1752 Caes·
2658 1690 2719 1763 5,
2765 1684 3224 1750 contumeliose

633 1803 780 1880 post
832 1793 1244 1880 adoptionem
1291 1792 1617 1858 Domitius
1676 1791 1992 1857 salutatus
2046 1799 2144 1854 est
2186 1812 2226 1855 a
2269 1789 2645 1854 Britannico
2699 1788 2846 1856 Tac.
2891 1809 2952 1853 a.
2993 1793 3098 1867 12,
3142 1793 3226 1853 41

635 1895 1090 1979 (Aenobarbus
1122 1895 1378 1962 Sueton.
1414 1894 1501 1960 N.
1535 1894 1621 1978 7),
1655 1895 1810 1959 item
1840 1891 2103 1977 (Iulius)
2135 1891 2399 1957 Vindex
2429 1901 2775 1977 postquam
2804 1890 3058 1975 defecit,
3105 1914 3222 1978 pro

634 2000 896 2064 Nerone
927 2020 1073 2063 eum
1097 1997 1324 2063 edictis
1355 1996 1634 2083 publicis
1649 1995 2115 2063 Aenobarbum
2137 1993 2491 2081 appellavit
2508 1994 2766 2061 Sueton.
2784 1994 2988 2060 Ν.41.
3035 1993 3225 2058 Mira

634 2103 884 2167 ratione
913 2100 1179 2166 Plinius
1220 2101 1430 2166 maior
1469 2100 1733 2165 nomina
1770 2098 2164 2183 qentilicam
2206 2102 2266 2162 et
2310 2096 2671 2180 adoptivum
2715 2096 3047 2178 conflavit:
3088 2096 3223 2161 Do-

630 2204 853 2270 mitius
897 2203 1071 2269 Nero
1113 2223 1178 2270 n.
1222 2201 1283 2268 h.
1330 2208 1397 2280 2,
1436 2207 1561 2281 92,·
1602 2207 1663 2278 4,
1710 2206 1808 2266 10.
1852 2206 1985 2279 22,·
2024 2205 2084 2277 7,
2131 2205 2231 2266 45.
2278 2204 2392 2279 71;
2434 2204 2533 2277 11,
2579 2202 2744 2278 238;
2782 2203 2885 2277 37,
2914 2201 3032 2277 50;
3074 2200 3224 2264 item

629 2307 960 2372 Domitius
988 2305 1161 2371 Nero
1191 2305 1488 2389 Epitome
1516 2309 1574 2372 5.
1651 2303 1943 2370 Ceterum
1969 2303 2155 2388 vulyo
2193 2301 2368 2386 apud
2398 2303 2734 2385 scrrptores
2763 2301 2998 2367 dieitur
3024 2301 3220 2367 Nero.

756 2409 965 2474 Natus
1011 2419 1108 2473 est
1146 2407 1331 2474 Antii
1376 2407 1484 2474 die
1534 2408 1611 2474 15
1657 2407 1896 2472 mensis
1941 2406 2330 2471 Decembris
2377 2427 2546 2471 anno
2587 2405 2669 2471 37
2718 2405 2977 2470 Sueton.
3025 2404 3113 2470 N.
3161 2409 3218 2482 6,

629 2514 738 2577 vit.
784 2511 935 2578 Veri
966 2518 1025 2591 1,
1068 2514 1130 2588 8,
1177 2514 1328 2576 acta
1368 2509 1710 2575 Arvalium
1753 2531 1813 2576 a.
1858 2513 1960 2575 55.
2007 2513 2107 2575 57.
2153 2513 2254 2586 60,
2316 2508 2429 2594 qui
2490 2507 2660 2572 diem
2716 2505 2999 2572 natalem
3059 2505 3221 2571 cele·

629 2612 928 2681 brabant.
1037 2612 1231 2680 Anno
1291 2613 1376 2678 39
1441 2622 1649 2678 matre
1714 2613 1783 2677 in
1850 2613 2152 2678 Pontiam
2216 2609 2497 2675 insulam
2559 2608 2852 2693 relegata
2918 2607 3220 2674 trimulus

630 2727 881 2804 patrem
924 2717 1141 2781 amisit
1181 2715 1316 2782 Dio
1356 2718 1459 2793 59,
1502 2720 1637 2801 22„
1664 2714 1922 2781 Sueton.
1959 2714 2045 2782 N.
2079 2718 2153 2792 6,·
2208 2716 2394 2779 cuius
2439 2736 2525 2778 ex
2569 2722 2753 2798 parte
2796 2713 2990 2777 tertia
3030 2711 3220 2777 heres

629 2841 714 2885 ne
757 2819 925 2884 hanc
968 2818 1230 2905 quidem
1275 2818 1595 2901 integram
1640 2818 1814 2904 cepit
1858 2817 2172 2903 correptis
2216 2838 2335 2902 per
2376 2815 2758 2880 coheredem
2795 2816 3033 2883 Gaium
3080 2814 3218 2880 uni-

630 2922 839 2987 versis
896 2921 1083 2987 bonis
1141 2920 1399 2988 δαείω».
1447 2920 1489 2985 ἶ.
1538 2918 1577 2987 l.
1684 2921 1884 3005 Inops
1945 2920 2146 3003 igitur
2202 2930 2402 3005 atque
2463 2938 2660 3002 egens
2717 2916 2895 3004 apud
2955 2917 3220 2982 amitam

633 3023 1042 3106 (Domitiam)
1084 3023 1404 3110 Lepidam
1463 3023 1746 3088 nutritus
1806 3033 1932 3105 est,
1993 3021 2114 3087 sub
2174 3021 2430 3087 duobus
2475 3020 2870 3108 paedagogis
2914 3018 3220 3086 saltatore

628 3138 824 3214 atque
867 3135 1127 3191 tonsore
1168 3125 1299 3191 ibd.
1395 3123 1711 3191 Claudius
1749 3126 2093 3211 imperium
2136 3124 2408 3210 adeptus
2454 3123 2888 3211 Agrippinam
2948 3133 3219 3188 matrem

632 3252 716 3295 ex
777 3226 978 3294 'exilio
1045 3229 1378 3294 revocavit
1443 3238 1506 3292 et
1564 3227 1853 3293 Domitio
1912 3227 2086 3293 bona
2149 3237 2424 3314 paterna
2480 3226 2765 3292 restituit
2821 3225 2954 3291 Dio
3011 3230 3109 3303 60,
3156 3231 3216 3309 4,

627 3330 887 3399 Sueton.
935 3330 975 3396 l.
1022 3330 1046 3394 l
1144 3330 1410 3395 Ditatus
1467 3339 1567 3394 est
1630 3341 1695 3396 et
1751 3331 2046 3396 Passieni
2103 3329 2318 3417 Crispi
2377 3330 2596 3395 vitrici
2657 3327 3048 3412 hereditate,
3110 3329 3217 3394 cui

622 3432 994 3518 Agrippina
1038 3433 1335 3497 restituta
1377 3442 1691 3518 nupserat
1715 3431 1892 3498 Ptin.
1930 3453 1994 3498 n.
2025 3432 2087 3496 h.
2119 3436 2217 3509 16,
2244 3437 2400 3509 242,
2448 3431 2705 3499 Sueton.
2753 3431 2794 3497 l.
2840 3430 2882 3495 l.
2971 3430 3217 3495 Tutore

625 3533 909 3601 Asconio
953 3533 1261 3600 Labeone
1305 3557 1459 3600 usus
1504 3545 1605 3600 est
1654 3536 1802 3601 Tae.
1836 3556 1897 3600 a.
1928 3539 2028 3612 13,
2062 3541 2162 3602 10.
2234 3534 2430 3600 Anno
2475 3535 2557 3600 47
2604 3533 3001 3598 circensibus
3045 3531 3215 3597 ludis

623 3659 772 3703 cum
832 3638 1018 3724 pueri
1079 3635 1331 3702 nobiles
1390 3639 1575 3724 equis
1635 3636 1961 3703 ludicrum
2002 3638 2239 3703 Troiae
2297 3639 2537 3702 inirent
2580 3637 2878 3723 interque
2923 3656 3030 3699 eos
3077 3636 3217 3700 Bri·

626 3741 948 3824 tannicum,
1007 3739 1266 3806 Claudii
1323 3740 1512 3823 filius,
1577 3752 1641 3806 et
1683 3742 1761 3806 L.
1806 3741 2156 3823 Domitius,
2216 3739 2406 3805 favor
2463 3738 2669 3825 plebis
2714 3740 2928 3803 acrior
2971 3738 3040 3802 in
3083 3736 3215 3801 Do-

625 3845 879 3910 mitium
922 3841 1065 3908 loco
1111 3845 1435 3929 praesagii
1479 3853 1785 3930 acceptus
1829 3854 1928 3908 est
1975 3844 2127 3909 Tac.
2157 3865 2218 3911 a.
2250 3848 2347 3920 11,
2380 3848 2480 3920 11,
2529 3841 2788 3907 Sueton.
2820 3840 2907 3906 N.
2941 3845 2999 3904 7.

750 3945 945 4011 Anno
986 3945 1069 4011 49
1113 3944 1481 4031 Agrippina
1521 3956 1862 4033 postquam
1906 3944 2182 4011 Claudio
2228 3946 2469 4032 nupsit,
2509 3945 2856 4010 Annaeum
2899 3943 3215 4009 Senecam

625 4050 822 4114 venia
856 4048 1035 4113 exilii
1081 4049 1424 4133 impetrata
1466 4048 1598 4113 filio
1642 4050 2031 4133 magistrum
2077 4049 2258 4114 dedit
2291 4047 2615 4135 simulque
2657 4048 2920 4132 nuptias
2965 4047 3105 4111 eius
3149 4057 3215 4110 et

489 4139 498 4148 ’
625 4151 941 4218 Octaviae
982 4148 1193 4215 moliri
1240 4151 1455 4237 coepit
1506 4152 1655 4220 Tac.
1689 4174 1749 4220 a.
1783 4158 1888 4229 12,
1919 4157 1980 4217 3.
2010 4156 2072 4229 8,
2120 4151 2376 4218 Sueton.
2412 4150 2499 4218 N.
2534 4155 2590 4227 7,
2638 4149 2937 4216 Zonaras
2978 4154 3078 4226 11,
3111 4154 3211 4215 10.

624 4253 1031 4340 Agrippinae
1072 4274 1272 4338 opera
1319 4252 1646 4320 dissolutis
1691 4253 2099 4341 sponsalibus
2137 4255 2212 4322 L.
2248 4253 2453 4319 Silani
2498 4263 2564 4318 et
2609 4251 2922 4318 Octaviae
2953 4250 3212 4318 Claudii

623 4354 761 4419 filia
802 4356 1090 4420 Domitio
1136 4355 1458 4442 desponsa
1500 4366 1600 4421 est
1635 4358 1784 4423 Tac.
1830 4380 1892 4423 a.
1937 4362 2037 4435 13,
2069 4363 2129 4434 9,
2172 4356 2430 4423 Sueton.
2471 4354 2512 4423 l.
2558 4354 2621 4433 l„
2664 4354 2894 4422 Claud.
2924 4360 3032 4433 27,
3076 4352 3212 4421 Dio

626 4464 722 4542 60,
767 4462 869 4522 33.
959 4459 1153 4523 Anno
1213 4459 1297 4524 50
1354 4458 1669 4526 Claudius
1735 4483 1883 4526 eum
1945 4459 2285 4547 adoptavit
2342 4467 2698 4544 rogataque
2753 4457 2863 4523 lex
2878 4506 2895 4541 ,
2953 4479 3085 4544 qua
3141 4459 3210 4523 in

621 4558 934 4627 familiam
992 4559 1334 4626 Claudiam
1395 4572 1460 4627 et
1511 4585 1746 4628 nomen
1803 4563 2084 4628 Neronis
2143 4563 2449 4627 transiret
2502 4561 2651 4627 Tac.
2696 4581 2757 4629 a.
2810 4566 2917 4639 12,
2960 4564 3206 4639 25-26,

621 4661 878 4729 Sueton.
913 4662 1001 4728 N.
1033 4668 1093 4740 7,
1134 4662 1364 4730 Claud.
1398 4668 1505 4743 27,
1551 4665 1687 4731 Dio
1728 4671 1830 4744 60,
1873 4671 1958 4731 33
2000 4665 2327 4750 (Zonaras
2369 4669 2471 4742 11,
2503 4667 2646 4750 10),·
2689 4662 2796 4729 die
2839 4665 2923 4730 25
2967 4664 3208 4729 mensis

620 4765 965 4831 Februarii
1012 4770 1160 4832 acta
1201 4767 1428 4835 Arval.
1477 4768 1581 4834 VI
1610 4773 1776 4835 2041
1817 4790 1874 4834 v.
1917 4774 2030 4836 27.

749 4867 1114 4952 Adoptatus
1168 4869 1406 4935 dicitur
1462 4871 1633 4936 Nero
1695 4870 2011 4938 Claudius
2069 4870 2312 4938 Caesar
2363 4870 2621 4935 Drusus
2666 4869 3095 4936 Germanicus
3137 4869 3208 4935 in

622 4974 665 5034 t.
708 4971 822 5053 qui
871 4971 1002 5052 fuit
1058 4972 1129 5037 im
1184 4993 1343 5037 arou
1401 4971 1671 5039 Claudii
1713 4973 1816 5040 VI
1843 4978 1992 5051 921,
2037 4979 2096 5051 4,
2154 4973 2325 5038 Nero
2372 4970 2685 5038 Claudius
2742 4972 3002 5038 Drusus
3046 4970 3207 5038 Ger-

619 5073 915 5137 manicus
959 5070 1246 5158 [Caesar]
1277 5075 1349 5139 in
1377 5076 1540 5140 actis
1568 5074 1909 5141 Arvalium
1955 5076 2057 5142 VI
2074 5080 2261 5153 2034,
2300 5074 2475 5140 Nero
2506 5074 2748 5140 Caesar
2777 5075 3205 5142 Germanicus

617 5174 810 5241 XIV
824 5180 1024 5251 2794,
1079 5176 1253 5242 Nero
1299 5175 1542 5243 Caesar
1583 5178 1713 5245 ibd.
1757 5183 1946 5257 2995,
1991 5178 2168 5244 Nero
2215 5176 2528 5245 Claudius
2571 5175 2815 5245 Caesar
2856 5178 2980 5245 IX
3017 5182 3201 5259 1108,

592 5283 1018 5341 Pro-apographi·
1047 5285 1173 5342 nup.
1201 5286 1341 5333 nom.
1392 5286 1435 5332 1.
2726 5279 2797 5335 24
