3859 5992
632 548 948 604 ALBINVS
1950 542 2033 605 45
2906 549 3181 604 ALBVCI
3191 549 3330 603 LLA

629 746 751 811 345
794 743 1109 827 Albinus,
1172 746 1205 809 ὃ
1266 743 1680 821 Πλατωνικός,
1748 745 1934 809 cuius
1999 746 2212 827 gratia
2264 743 2553 811 Galenus
2613 745 2959 831 Smyrnam
3028 730 3337 829 migravit

747 848 974 916 Galen.
1005 848 1197 913 XIX
1223 853 1304 913 96
1336 849 1424 914 Κ.
1471 849 1887 913 Adaei-ibitur
1914 850 1978 912 ci
2010 851 2309 935 εἰσαγωγὴ
2340 851 2424 920 εἰς
2466 850 2602 920 τοὺς
2641 848 2960 920 Πλάτωνος
3005 848 3332 934 διαλόγους.

626 953 748 1016 346
794 950 1070 1016 Albinus
1117 974 1332 1016 rerum
1377 952 1814 1016 Romanarum
1856 953 2085 1037 prim0,
2123 956 2321 1034 poeta
2362 952 2641 1017 incertae
2685 952 2916 1017 aetatis
2958 951 3334 1016 Pm'scianus

750 1055 800 1119 I
829 1059 972 1131 304,
1018 1059 1107 1121 20
1149 1059 1276 1118 tres
1317 1074 1531 1118 versus
1577 1052 1872 1132 afferenS.

625 1156 746 1222 347
793 1155 1089 1240 Albinus,
1138 1157 1557 1243 philosophus
1601 1156 2032 1242 (Platonicus)
2077 1157 2316 1222 citatur
2365 1155 2624 1222 Tertull.
2673 1155 2748 1221 de
2792 1157 3013 1221 anima
3053 1161 3162 1222 28.

645 1295 732 1306 —
797 1268 859 1326 G.
904 1269 1005 1322 AL
1031 1307 1219 1325 .....
1263 1268 1606 1325 ALBINVS.

642 1398 729 1406 —
795 1370 1146 1426 CEIONIVS
1191 1370 1537 1426 ALBINVS.

642 1501 730 1511 --
792 1475 945 1532 ΙΜΡ.
988 1473 1283 1529 CAESAR
1326 1474 1397 1533 D.
1446 1474 1764 1530 CLODIVS
1811 1474 2208 1530 SEPTIMIVS
2253 1474 2579 1530 ALBINVS
2621 1474 2792 1532 AVG.

646 1603 723 1612 —-
791 1567 1112 1632 Lucceius
1153 1566 1454 1633 Albinus.

648 1709 725 1719 —
792 1680 1137 1736 NVMMIVS
1182 1680 1530 1739 ALBINVS.

648 1813 724 1821 --
795 1783 873 1838 M.
919 1782 1268 1839 NVMMIVS
1317 1783 1666 1840 CEIONIVS
1711 1785 1994 1839 ANNIVS
2040 1783 2385 1839 ALBINVS.

644 1911 722 1922 —
791 1885 871 1942 M.
916 1884 1261 1941 NVMMIVS
1306 1886 1639 1941 VMBRIVS
1682 1887 1960 1943 PRIMVS
2008 1886 2330 1943 SENECIO
2371 1886 2716 1942 ALBINVS.

645 2016 722 2025 —
792 1987 1257 2044 PESCENNIVS
1301 1989 1649 2045 ALBINVS.

642 2119 723 2128 —
790 2081 869 2146 Τ.
914 2081 1263 2167 Pompeius
1304 2080 1603 2148 Albinus.

644 2220 723 2230 -
788 2193 870 2249 Μ.
918 2193 1280 2249 STLACCIV
1284 2195 1321 2250 S
1364 2194 1689 2250 ALBINVS
1735 2194 2208 2251 TREBELLIVS
2251 2194 2707 2251 SALLVSTIVS
2752 2195 3013 2251 RVFVS.

620 2288 743 2352 348
786 2286 1022 2354 Albius
1069 2297 1311 2374 ‘stupet
1371 2298 1543 2354 aere'
1609 2288 1843 2355 Horat.
1887 2294 2011 2354 sat.
2057 2294 2118 2367 1,
2165 2294 2225 2367 4,
2269 2292 2395 2368 2&
2448 2291 2757 2355 incertmn
2813 2294 2906 2355 est
2959 2310 3112 2355 num
3167 2287 3333 2353 idem

744 2391 1138 2475 siynificetur
1177 2391 1308 2457 ibd.
1352 2412 1409 2460 v.
1452 2396 1577 2457 109
1626 2390 1803 2457 ‘Albi
1848 2402 1922 2458 ut
1968 2391 2137 2456 male
2179 2394 2361 2458 vivat
2403 2392 2623 2459 filius².

638 2530 725 2541 —
789 2502 851 2562 C.
896 2504 1253 2559 MEMMIVS
1298 2503 1520 2560 FIDVS
1567 2504 1815 2561 IVLIVS
1861 2505 2155 2563 ALBIVS.

617 2597 744 2662 349
785 2606 1056 2661 ALBIVS
1103 2606 1423 2680 CRISPVS,
1486 2607 1749 2664 curator
1800 2620 2120 2685 aquarum
2165 2597 2318 2663 inde
2376 2598 2461 2665 ab
2505 2623 2564 2664 a.
2607 2599 2691 2665 68
2751 2619 2957 2685 usque
3015 2597 3101 2663 ad
3143 2621 3200 2664 a.
3249 2598 3324 2664 71

741 2698 1044 2764 Frontin.
1092 2698 1167 2765 de
1212 2721 1312 2782 aq.
1356 2705 1504 2767 102.

614 2803 740 2867 350
782 2811 1053 2867 ALBIVS
1110 2812 1581 2868 PVLLAIENVS
1642 2812 1943 2887 POLLIO,
2007 2826 2136 2869 cos.
2200 2804 2403 2886 (suff.)
2463 2827 2521 2873 a.
2581 2803 2644 2869 d.
2703 2803 2802 2869 VI
2856 2801 2925 2870 k.
2978 2801 3328 2869 Novembr-

741 2926 910 2969 anno
956 2906 1039 2970 90
1083 2927 1231 2969 cum
1277 2904 1398 2972 Cn.
1445 2906 1754 2992 Pompeio
1797 2906 2096 2989 Longino
2143 2906 2295 2989 dipl.
2342 2906 2495 2985 mil„
2542 2906 2712 2989 Eph.
2760 2928 2854 2990 ep.
2885 2909 2928 2971 5
2958 2928 3030 2988 p.
3063 2908 3201 2972 653.

615 3009 728 3072 351
786 3005 1018 3071 Albius
1063 3006 1384 3073 Tibullus.
1461 3007 1662 3073 ‘Albi‘
1713 3029 1851 3073 eum
1909 3008 2279 3091 adloquitur
2322 3009 2672 3086 HoratiuS,
2733 3007 2967 3074 Albius
3028 3006 3328 3072 Tibullus

739 3109 915 3175 Acro
975 3114 1035 3174 et
1092 3109 1452 3193 Porphyrio
1504 3111 1593 3176 ad
1631 3110 1866 3176 Horat.
1925 3116 1984 3176 et
2042 3110 2284 3176 codices
2336 3111 2577 3176 Tibulli
2627 3113 2982 3177 carminum
2997 3159 3013 3188 ‚
3062 3114 3330 3174 ceterum

740 3211 1061 3278 Tibullus,
1128 3215 1263 3294 Quo
1291 3216 1545 3279 nomine
1574 3219 1633 3278 et
1663 3215 1795 3297 ipse
1821 3215 2028 3278 utitur
2055 3219 2115 3292 1,
2144 3219 2205 3292 3,
2236 3219 2351 3292 55;
2392 3220 2451 3292 1,
2487 3220 2547 3292 9,
2577 3218 2693 3293 83;
2734 3220 2792 3291 4,
2823 3218 2923 3291 13,
2955 3218 3058 3278 13.
3105 3213 3325 3298 Eques

742 3317 1073 3381 Romanus
1112 3315 1375 3398 (regalis
1407 3315 1585 3400 libri)
1633 3318 1906 3400 insignis
1951 3315 2160 3381 forma
2201 3328 2352 3382 ante
2383 3316 2541 3382 alios
2574 3316 2931 3383 Corvinum
2959 3314 3327 3381 Messallam

743 3427 1063 3483 oratorem
1086 3417 1334 3501 dilexit,
1362 3421 1546 3483 cuius
1570 3427 1635 3483 et
1656 3418 2139 3484 contubernalis
2155 3419 2549 3506 Aquitanico
2580 3418 2752 3485 bello
2773 3420 2859 3504 (a.
2888 3422 3325 3486 726—728z

741 3526 1005 3588 28—26
1048 3543 1109 3586 a.
1151 3520 1249 3606 Ο.)
1295 3520 1682 3586 militaribus
1726 3521 1913 3586 donis
1961 3521 2237 3587 donatus
2283 3531 2379 3587 est
2420 3523 2556 3587 vita
2608 3521 2847 3587 Tibulli
2893 3522 2965 3586 in
3007 3520 3327 3586 codicibus

752 3624 993 3689 Tibulli
1030 3629 1316 3701 servata,
1382 3625 1659 3689 incertae
1703 3625 1971 3707 oriyinis
2014 3629 2074 3689 et
2112 3624 2294 3708 fidei.
2373 3623 2537 3690 Cum
2579 3623 2948 3690 Messallam
2990 3625 3057 3688 in
3102 3624 3323 3689 Asiam

742 3725 1105 3813 profectum
1169 3736 1587 3812 sequeretur,
1656 3728 1723 3791 in
1783 3726 2075 3813 Corcyra
2139 3747 2332 3810 aeger
2398 3727 2662 3792 relictus
2732 3737 2829 3791 est
2894 3725 3121 3790 Tibull.
3165 3730 3238 3802 1,
3284 3729 3327 3789 3

744 3830 825 3911 cf.
871 3829 1048 3895 ovid.
1092 3850 1289 3894 amor.
1335 3834 1393 3906 3,
1435 3835 1494 3907 9,
1534 3834 1634 3896 47.
1721 3828 2022 3894 Mortuus
2081 3838 2179 3894 est
2233 3829 2575 3895 secundum
2631 3830 3023 3912 epiyramma
3077 3827 3329 3892 Domiti

746 3932 966 3997 Marsi
1010 3932 1195 3998 libris
1247 3931 1490 3997 Tibulli
1533 3933 1964 4015 praemissum
2022 3932 2249 3996 eodem
2310 3954 2480 3997 anno
2526 3954 2654 4018 quo
2700 3930 3063 4014 Vergilius,
3124 3929 3196 3994 id
3236 3934 3326 3994 est

745 4057 804 4100 a.
852 4038 973 4100 735
1016 4064 1100 4088 =
1142 4038 1225 4099 19
1271 4056 1332 4099 a.
1375 4033 1444 4100 G.
1492 4035 1573 4116 cf.
1631 4034 1809 4100 ovid.
1857 4035 2021 4102 trist.
2067 4040 2126 4112 4,
2173 4039 2275 4112 10,
2325 4038 2407 4101 56
2417 4055 2438 4113 ,·
2494 4046 2702 4099 mater
2754 4056 3062 4119 sororque
3106 4055 3326 4119 super-

741 4140 920 4202 stites
948 4141 1381 4201 memorantur
1418 4137 1499 4201 ab
1545 4136 1767 4203 Ovidio
1800 4159 1999 4203 amor.
2033 4142 2093 4215 3,
2129 4143 2189 4215 9,
2221 4141 2451 4203 50-51.
2488 4177 2564 4185 —-
2599 4137 2871 4202 Amores
2900 4138 3069 4202 eius:
3111 4135 3321 4218 Delia,

741 4238 1034 4304 Nemesis
1078 4239 1190 4320 (=
1236 4238 1521 4325 Glycera
1534 4238 1616 4323 ‘?).

869 4340 1146 4427 Scripsit
1186 4341 1270 4406 ad
1311 4363 1457 4406 eum
1488 4342 1802 4407 Horatius
1840 4363 1891 4409 c.
1931 4347 1991 4419 1,
2022 4345 2125 4419 33,
2173 4363 2267 4426 ep.
2298 4346 2358 4420 1,
2390 4348 2449 4419 4,
2499 4341 2772 4425 elegiam
2813 4342 2896 4406 de
2937 4351 3144 4406 morte
3189 4342 3327 4405 eius

741 4443 1014 4509 Ovidius
1059 4465 1257 4510 amor.
1300 4450 1362 4523 3,
1409 4449 1467 4510 9.
1556 4444 1899 4509 Laudatur
1953 4449 2027 4509 ut
2085 4444 2428 4529 eleyiamm
2474 4450 2674 4530 pocta
2733 4447 2813 4511 ab
2858 4444 3082 4511 ovidio
3126 4464 3325 4508 amor.

741 4552 797 4625 1,
830 4550 927 4625 15,
957 4551 1066 4625 27,
1113 4566 1224 4612 ars
1253 4568 1377 4612 am.
1408 4551 1468 4625 3,
1499 4551 1642 4625 334,
1687 4569 1839 4613 rem.
1872 4568 1996 4614 am.
2032 4550 2170 4625 763,
2218 4548 2381 4612 trist.
2410 4551 2477 4626 2,
2508 4553 2635 4613 447
2651 4566 2780 4630 sqq.
2796 4568 2818 4626 ;
2845 4552 2906 4625 4,
2937 4551 3039 4623 10,
3069 4551 3150 4611 51
3172 4566 3323 4628 sqq„

743 4671 786 4714 a
816 4648 1129 4715 Martiali
1151 4654 1211 4726 4,
1244 4654 1302 4727 6,
1333 4655 1409 4727 4,·
1451 4653 1511 4725 8,
1546 4654 1645 4727 70,
1679 4653 1722 4713 7
1732 4669 1753 4727 ,·
1794 4653 1856 4727 8,
1891 4655 1987 4727 73,
2023 4655 2091 4729 7,·
2133 4654 2232 4727 14,
2265 4655 2404 4727 193,
2450 4673 2493 4716 a
2537 4650 2768 4716 Velleio
2798 4655 2864 4727 2,
2897 4654 3002 4727 36,
3050 4671 3093 4713 a
3129 4649 3323 4729 Quin—

742 4751 968 4818 tiliano
1000 4757 1099 4830 10,
1133 4757 1191 4829 1,
1224 4757 1328 4829 93,
1377 4753 1458 4817 ab
1502 4751 1778 4835 Apuleio
1824 4751 2073 4835 apoloy.
2113 4757 2217 4817 10.

616 4855 740 4920 352
781 4864 1011 4918 ALBIA
1042 4863 1447 4937 TERENTIA,
1496 4853 1835 4940 splendida
1865 4855 2125 4938 femina,
2163 4855 2239 4921 L.
2274 4854 2551 4921 Othonis
2583 4877 2766 4938 uxor,
2815 4864 3020 4920 mater
3050 4853 3326 4920 Othonis

740 4959 851 5043 qui
894 4959 1240 5043 imperavit
1285 4956 1458 5023 Suet.
1504 4956 1646 5023 oth.
1685 4962 1745 5022 1.

615 5059 740 5124 353
780 5058 1125 5141 Albucilla,
1171 5059 1525 5125 multorum
1569 5059 1898 5125 amoribus
1937 5059 2200 5144 famosa,
2237 5062 2432 5128 Satrii
2467 5061 2749 5128 Secundi
2779 5060 3106 5148 quondam
3140 5081 3321 5145 uxor,

743 5163 1086 5248 impietatis
1117 5163 1182 5226 in
1217 5163 1577 5248 principem
1607 5173 1672 5227 et
1701 5160 2169 5227 adulteriorum
2203 5163 2506 5229 damnata
2535 5190 2592 5233 a.
2613 5165 2694 5231 37
2737 5164 2880 5229 Tac.
2911 5186 2971 5229 a.
3003 5169 3060 5241 6,
3092 5168 3190 5228 47.
3221 5167 3323 5228 48.
