3859 5992
605 518 914 575 COTTIVS
1889 512 2017 577 476
3086 521 3337 577 COTYS

607 734 773 798 1264
816 745 888 798 A.
920 742 1249 818 COTTIVS,
1295 734 1644 821 proconsul
1692 737 2055 821 Hispaniae
2084 736 2242 820 (scil.
2274 736 2645 820 ulterioris),
2692 738 2963 801 maritus
2997 734 3336 818 Pacullae,

731 845 917 920 pater
932 835 1013 901 A.
1033 836 1206 902 Cotti
1232 847 1298 902 et
1312 836 1567 903 Cottiae
1583 837 1832 923 Gallae,
1851 860 2021 924 quae
2034 840 2254 926 posuit
2276 840 2653 924 parentibus
2678 849 2743 904 et
2764 839 2950 905 fratri
2972 845 3014 905 t.
3033 838 3144 904 VI
3144 844 3339 904 1396.

611 940 773 1003 1265
817 950 886 1004 A.
914 947 1240 1024 COTTIVS,
1274 941 1356 1006 A.
1381 940 1557 1006 Cotti
1583 952 1646 1006 et
1665 941 1975 1007 Pacullae
1996 941 2187 1026 filius,
2215 941 2469 1008 Cottiae
2493 941 2725 1008 Gallae
2746 941 2966 1027 frater,
2997 951 3337 1028 quaestor,

690 1041 918 1107 aedilis
963 1041 1171 1129 plebis
1217 1042 1320 1109 VI
1350 1049 1532 1109 1396.

653 1181 742 1191 —
783 1145 875 1210 M.
921 1145 1130 1211 Iulius
1176 1145 1450 1215 Cottius.

652 1283 739 1292 -
785 1247 1325 1332 (VESTRICIVS?)
1369 1258 1702 1315 co‘r'rws.

612 1350 778 1414 1266
823 1359 1127 1433 COTTIA,
1189 1373 1358 1415 uxor
1416 1351 1722 1416 Vestricii
1784 1352 2186 1438 Spurinnae3
2247 1351 2333 1416 ad
2390 1354 2699 1434 coniuges
2760 1351 3012 1416 Plinius
3065 1352 3340 1436 scripsit

737 1454 915 1535 epist.
945 1458 1005 1530 3,
1037 1459 1155 1532 10‚·
1199 1459 1588 1519 memoratur
1636 1464 1829 1518 ‘uxor
1871 1453 2220 1538 singularis
2267 1453 2573 1539 exempli'
2616 1454 2747 1521 ibd.
2776 1459 2836 1531 3,
2868 1459 2927 1537 1,
2956 1458 3017 1520 5.

611 1555 775 1619 1267
824 1564 1095 1620 COTTIA
1138 1565 1405 1639 GALLA,
1454 1556 1534 1624 A.
1570 1556 1742 1622 Cotti
1789 1567 1854 1622 et
1897 1556 2204 1622 Pacullae
2247 1556 2398 1641 filia,
2438 1557 2787 1622 Memmiae
2818 1555 3049 1624 Gallae
3094 1557 3335 1642 neptiS,

739 1657 824 1724 A.
871 1657 1044 1725 Cotti
1090 1682 1273 1724 soror
1319 1659 1422 1725 VI
1451 1664 1633 1726 1396.

613 1762 777 1826 1268
824 1760 1046 1847 Cotys,
1078 1785 1199 1828 rex
1226 1762 1566 1828 Thraciae.
1614 1764 1761 1847 Ipse
1781 1764 2004 1845 posuit
2033 1764 2103 1827 in
2133 1763 2363 1846 oppido
2394 1762 2713 1828 Thraciae
2731 1762 2932 1847 Bizye
2947 1764 3339 1847 parentibus

742 1868 783 1928 t.
810 1885 1037 1946 yraece
1067 1866 1374 1947 seriptum
1402 1864 1735 1948 Ranyabe'‚
1775 1865 2142 1947 Antiquites
2169 1865 2576 1949 Helleniques
2599 1866 2692 1931 II
2696 1888 2770 1949 p.
2791 1869 2912 1931 784
2938 1887 3002 1930 n.
3027 1870 3200 1931 1236
3221 1866 3337 1949 (1).

737 1964 1030 2030 ,Eundem
1083 1968 1431 2032 memorari
1482 1969 1554 2031 in
1611 1972 1654 2032 t.
1699 1967 1918 2032 Attico
1964 1964 2120 2032 GIA
2174 1967 2309 2032 III
2336 1970 2466 2033 552
2506 1996 2591 2021 =
2634 1969 2881 2051 Loewy,
2941 1967 3338 2049 Inschoiften

737 2068 1159 2150 yriechischer
1216 2068 1575 2135 Bildhauer
1621 2091 1694 2152 p.
1736 2074 1872 2136 226
1912 2091 1975 2134 n.
2020 2073 2141 2136 315
2159 2091 2235 2133 α.·
2296 2071 2541 2157 βασιλέα
2587 2068 3041 2157 Ῥαισκούποριν
3098 2068 3335 2142 Κότυος

741 2173 953 2257 ἀρετῆς
1010 2174 1211 2239 ἕνεκεν
1268 2180 1373 2258 τῆς
1433 2175 1516 2243 εἰς
1576 2173 1808 2238 ἑαυτόν.
1899 2170 2273 2259 Ἀντίγνωτος
2331 2173 2656 2259 ἐποίησε[ν]
2704 2175 2934 2239 statuit
2972 2173 3334 2239 Mommsen

739 2273 1005 2356 Ffflhein.
1053 2297 1147 2358 ep.
1189 2281 1239 2341 2
1268 2298 1340 2358 p.
1372 2280 1501 2342 253
1545 2275 1694 2340 adm.
1742 2280 1816 2353 6‚·
1876 2280 1945 2339 at
1994 2280 2159 2340 reete
2201 2275 2651 2360 Dittenberyer
2695 2278 2922 2342 obiecit
2965 2275 3054 2341 ad
3090 2297 3155 2342 n.
3198 2280 3337 2341 552

741 2375 907 2440 hunc
966 2377 1218 2442 titulum
1275 2380 1574 2461 separari
1627 2399 1754 2443 non
1799 2398 1990 2461 posse
2043 2379 2123 2443 ab
2170 2378 2375 2443 altero
2414 2383 2553 2455 553,
2614 2379 2729 2443 ubi
2768 2378 2935 2444 idem
2973 2380 3333 2444 statuarius

741 2486 1160 2545 memoratur:
1204 2479 1276 2548 ‘O
1311 2484 1497 2566 δῆμος
1543 2482 1790 2568 βασιλέα
1820 2479 2051 2547 Κοῦτυν
2099 2482 2370 2568 βασιλέος
2415 2479 2934 2568 Ῥαισκουπόριὸος
2973 2485 3078 2549 ὑὸν
3118 2484 3334 2569 ἀρετῆς

742 2584 943 2649 ἕνεκεν
986 2587 1085 2650 καὶ
1130 2586 1361 2656 εὐνοίας
1403 2592 1508 2670 τῆς
1552 2587 1635 2656 εἰς
1678 2584 1909 2651 ἑαυτόν.
1980 2582 2349 2671 Ἀντίγνωτος
2385 2587 2680 2672 ἐποίησεν.
2738 2584 2845 2650 Ab
2878 2584 3086 2650 altera
3121 2589 3335 2650 aute-m

741 2691 936 2768 parte
965 2687 1239 2752 eiusdem
1269 2688 1505 2771 lapidis
1529 2687 1614 2771 (n.
1637 2687 1780 2770 553)
1810 2688 2086 2769 serimus
2115 2693 2207 2752 est
2234 2688 2455 2753 titulus
2485 2688 2866 2753 honorarius
2889 2687 3115 2753 Paulli
3130 2687 3339 2753 Fabii

748 2789 1036 2854 Maximi
1084 2791 1357 2855 consulis
1401 2812 1462 2855 a.
1502 2796 1583 2855 11
1626 2811 1686 2855 a.
1730 2790 1821 2867 G„
1867 2791 1965 2854 ita
2007 2795 2077 2854 ut
2119 2789 2268 2855 illos
2308 2811 2485 2874 reyes
2526 2790 2641 2855 hoc
2674 2790 2976 2873 pluribus
3020 2790 3337 2856 decenniis

746 2893 1137 2975 antiquiores
1159 2914 1288 2958 esse
1300 2892 1751 2977 Dittenberyer
1768 2897 1935 2958 recte
1957 2893 2270 2958 iudicasse
2283 2893 2593 2959 videatur.
2626 2894 2852 2976 Itaque
2876 2896 3071 2959 etiam
3091 2894 3335 2959 nummi

759 2997 828 3058 in
870 2996 1140 3060 adversa
1182 2998 1479 3079 inscripti
1523 2998 1795 3084 βασιλεὺς
1840 2993 2051 3075 Κότυς,
2089 2997 2161 3060 in
2205 3016 2432 3060 aversa
2484 2996 2776 3083 βασιλέως
2813 2994 3335 3083 Ῥαισκουπόριὸος

743 3097 986 3163 Eoi-hel
1034 3099 1128 3164 II
1164 3121 1236 3182 p.
1279 3104 1380 3176 59,
1443 3099 1771 3182 cataloyus
1823 3100 2025 3163 musei
2072 3097 2448 3164 Britannici
2498 3098 2783 3164 Thracia
2832 3121 2900 3182 p.
2939 3105 3089 3177 209,
3134 3099 3334 3163 musci

744 3199 1179 3266 Berolinensis
1222 3203 1273 3266 I
1307 3225 1380 3285 p.
1422 3206 1542 3267 335
1604 3202 1692 3267 ad
1747 3201 1913 3266 idem
1970 3201 2133 3265 illud
2183 3223 2321 3283 par
2374 3222 2593 3283 reyum
2651 3203 2882 3266 aetatis
2941 3201 3178 3267 liberae
3232 3202 3335 3265 rei

739 3302 1042 3384 publicae
1083 3304 1243 3367 mihi
1281 3305 1603 3386 referendi
1643 3305 1955 3369 videntur.
2018 3303 2193 3368 Nam
2235 3325 2396 3386 quae
2424 3302 2509 3370 Α.
2540 3324 2661 3368 von
2693 3303 2901 3369 Sallet
2943 3304 3019 3369 de
3064 3306 3145 3369 iis
3174 3326 3327 3386 pro-

741 3407 965 3487 posuit
993 3411 1113 3471 cat.
1145 3409 1345 3471 musei
1371 3406 1590 3473 Berol.
1624 3408 1677 3473 I
1694 3430 1767 3491 p.
1798 3412 1938 3485 334,
1983 3406 2363 3488 refelluntur
2406 3405 2590 3471 titulo
2623 3408 2843 3472 Attico
2887 3406 3107 3484 altero,
3151 3428 3332 3489 quem

745 3506 854 3572 ille
897 3513 957 3572 et
999 3511 1134 3590 ipse
1175 3510 1467 3593 meylexit.

873 3609 1081 3676 Filius
1122 3612 1398 3677 Sadalae
1444 3624 1508 3678 et
1549 3612 2063 3678 Polemocratiae
2111 3616 2153 3677 t.
2188 3618 2246 3691 1,
2290 3611 2457 3676 unde
2501 3617 2771 3695 apparet
2797 3611 3074 3678 Dionem
3112 3616 3215 3689 47,
3244 3617 3335 3678 25

750 3734 1011 3797 errasse,
1075 3736 1214 3779 cum
1272 3716 1571 3781 scriberet
1622 3716 1712 3780 M.
1760 3715 2037 3779 Brutum
2099 3737 2268 3779 anno
2317 3714 2440 3779 712
2484 3744 2569 3768 ==
2613 3716 2696 3779 42
2751 3737 2809 3780 a.
2852 3713 2926 3781 O.
2985 3737 3333 3800 occupasse

748 3838 1017 3900 regnum
1065 3817 1359 3900 Sadalae,
1407 3820 1582 3889 ἄπαις
1623 3819 1735 3905 γὰρ
1781 3824 2076 3884 τελευτῶν
2120 3824 2240 3888 τοῖς
2284 3814 2610 3902 Ῥωμαίοις
2653 3820 2836 3905 αὐτὴν
2885 3818 3046 3900 (scil.
3093 3820 3331 3905 χώραν)

749 3922 1045 3987 κατέλιπε.
1106 3923 1369 3987 Rectius
1397 3923 1573 4007 apud
1599 3923 1977 4006 Appianum
2023 3922 2160 3989 bell.
2194 3923 2307 3986 civ.
2338 3927 2399 3999 4,
2436 3926 2511 3987 75
2558 3920 2839 3986 traditur
2883 3920 3332 4006 Πολεμοκρατία

746 4029 893 4112 γυνή
937 4051 1093 4097 τινος
1135 4033 1252 4091 τῶν
1301 4028 1653 4114 βασιλίσκων
1701 4026 1859 4109 (scil.
1905 4025 2215 4107 Sadalae)
2276 4025 2689 4110 ἀναιρεθέντος
2745 4025 2902 4112 αὐτῇ
2957 4029 3062 4088 τοῦ
3119 4026 3331 4109 ἀνδρὸς

748 4126 846 4191 ὑπ’
880 4130 1121 4214 ἐχθρῶν
1154 4131 1402 4195 δείσασα
1431 4133 1564 4215 περὶ
1593 4136 1684 4216 τῷ
1712 4132 1871 4194 παιδὶ
1904 4128 1986 4194 ἔτι
2017 4130 2233 4214 παιδίῳ
2272 4131 2415 4213 ἧκεν
2456 4129 2633 4193 αὐτὸν
2669 4129 2935 4214 φέρουσα
2978 4130 3075 4192 καὶ
3113 4130 3334 4212 ἐνεχεί-

746 4254 907 4316 ρισεν
952 4229 1221 4320 Βροῦτῳ,
1269 4233 1593 4319 ἐνεχείρισε
1649 4234 1719 4297 δὲ
1761 4235 1856 4297 καὶ
1901 4233 2037 4302 τοὺς
2079 4237 2183 4296 τοῦ
2229 4233 2443 4317 ἀνδρὸς
2482 4231 2841 4318 θησαυροῦς.
2898 4232 2929 4295 ὃ
2970 4232 3037 4295 δὲ
3074 4233 3175 4295 τὸν
3221 4233 3326 4316 μὲν

747 4337 931 4399 παῖδα
974 4332 1321 4422 Κυζικηνοῖς
1362 4337 1711 4422 ἀνατρέφειν
1758 4336 2075 4421 παρέδωκε
2119 4339 2245 4399 κτλ.

887 4436 1077 4520 Cotys
1135 4437 1239 4503 hic
1297 4438 1548 4521 quando
1605 4459 1868 4522 reynum
1914 4443 2265 4522 paternum
2320 4437 2787 4519 recuperaverit
2839 4457 2968 4500 non
3032 4434 3328 4511 traditur,

747 4561 1149 4622 recuperasse
1180 4543 1428 4606 omnino
1461 4546 1732 4625 apparet
1763 4564 1839 4606 ex
1867 4542 1966 4605 tit.
1994 4546 2052 4606 1.
2097 4539 2370 4605 Obierat
2398 4562 2456 4604 a.
2481 4539 2604 4604 738
2629 4569 2713 4592 =
2739 4540 2836 4620 16,
2865 4561 2991 4623 quo
3022 4537 3332 4602 Rhoeme-

750 4641 949 4706 talces
1016 4654 1284 4729 patruus
1351 4656 1415 4709 et
1481 4654 1655 4710 tutor
1720 4643 2073 4708 liberorum
2133 4643 2359 4728 Cotyis
2418 4651 2813 4707 memoratur
2870 4639 3003 4705 Dio
3046 4646 3161 4718 54,
3209 4647 3331 4720 2Ο;

751 4745 1191 4832 Rhescuporis
1237 4747 1408 4812 filius
1453 4750 1592 4812 eius
1635 4748 1720 4814 id.
1766 4752 1865 4823 54,
1909 4752 2011 4811 34.

627 4851 790 4914 1269
837 4848 1071 4934 Cotys,
1134 4872 1254 4914 rex
1297 4851 1634 4916 Thraciae.
1733 4849 1967 4915 Tituli:
2023 4853 2409 4913 memoratur
2450 4849 2521 4912 in
2580 4847 2845 4912 decretis
2883 4845 3206 4930 Cyzicenis
3264 4849 3334 4912 in

747 4953 1043 5019 honorem
1073 4953 1395 5018 Antoniae
1448 4953 1816 5037 Tryphenae
1857 4953 2058 5034 factis
2097 4950 2639 5016 Monatsberichte
2684 4950 2797 5014 der
2829 4949 3128 5015 Berliner
3155 4951 3334 5015 Aka-

753 5057 948 5122 demie
977 5062 1141 5122 1874
1156 5080 1230 5140 p.
1254 5062 1338 5121 17
1366 5057 1474 5140 (1),
1505 5054 1886 5121 Athenische
1918 5054 2412 5138 Mittheilunyen
2436 5052 2623 5118 XVI
2642 5052 2855 5137 (1891)
2875 5074 2946 5138 p.
2968 5057 3088 5117 141
3111 5052 3225 5137 (2).
3250 5089 3333 5099 -

748 5161 853 5227 De
893 5161 1168 5227 nummis
1213 5162 1272 5225 ei
1311 5159 1482 5245 falso
1527 5160 1783 5225 tributis
1828 5159 1910 5241 cf.
1955 5179 2020 5222 n.
2065 5161 2253 5224 1268.

3716 592 3740 2809 ...————.—-„—.—„—————*

3722 2846 3740 5069 Q*
