3859 5992
653 552 1126 610 APOLLONIVS
1955 547 2079 611 113
2892 555 3363 612 APOLLONIVS

784 755 930 817 ante
972 751 1293 817 saeculum
1337 752 1471 816 III
1516 773 1643 816 non
1688 758 2095 817 memoratur.
2189 751 2361 817 Nam
2420 753 2587 836 quod
2638 753 2942 834 hodieque
2996 747 3127 817 non
3183 751 3370 818 semel

787 853 874 920 ad
928 875 1067 919 eum
1116 854 1396 936 refertur
1438 853 1752 937 Apuleius
1812 855 2060 938 apoloq.
2113 859 2193 920 90
2250 856 2589 920 secundum
2647 856 2967 921 lectionem
3024 854 3366 939 vulqatam,

781 978 1016 1022 veram
1043 956 1175 1021 ‘vel
1206 955 1704 1043 Apollobeches‘
1756 958 2039 1022 codicum
2081 959 2349 1041 vesti‘qia
2392 964 2637 1023 secutus
2678 958 3048 1023 iamdudum
3090 958 3369 1023 restituit

779 1059 860 1127 G.
895 1059 1156 1142 Kriiyer
1173 1081 1244 1142 p.
1275 1065 1401 1124 100
1433 1059 1526 1126 ed.
1561 1059 1806 1143 apoloy.
1877 1059 2148 1125 Saeculo
2178 1060 2312 1125 III
2339 1062 2590 1125 ineunte
2633 1062 2811 1125 iussu
2839 1061 3052 1126 Iuliae
3074 1060 3368 1126 Domnae

782 1163 1112 1247 Auyustae
1141 1163 1452 1246 (mortuae
1481 1183 1543 1227 a.
1573 1165 1724 1247 217)
1756 1161 2196 1227 Philostratus
2222 1164 2421 1228 vitam
2451 1163 2785 1246 Apollonii
2811 1164 3085 1228 scribere
3116 1182 3367 1248 aqqres-

781 1286 888 1331 sus
946 1271 1052 1331 est.
1158 1266 1284 1346 Qui
1346 1270 1636 1330 auctores
1698 1266 1988 1329 nominat
2045 1266 2176 1349 (vit.
2233 1264 2297 1349 3)
2361 1266 2727 1331 Maximum
2786 1266 3158 1350 Aeqiensem
3174 1316 3189 1343 ,
3259 1267 3369 1348 qui

785 1368 1062 1434 libellum
1102 1368 1178 1433 de
1213 1369 1401 1434 rebus
1453 1368 1535 1432 ab
1580 1367 1924 1450 Apollonio
1968 1368 2168 1450 Aeyis
2223 1369 2415 1451 yestis
2475 1370 2849 1451 confecerat,
2899 1369 3367 1451 Moeraqenem,

779 1472 890 1554 qui
931 1476 1229 1554 quattuor
1287 1471 1484 1536 libros
1528 1470 1603 1535 de
1647 1491 1717 1535 ec
1761 1476 2232 1553 composuerat,
2292 1470 2634 1536 Damidem
2688 1471 3029 1555 Assyrium
3086 1471 3370 1535 comitem

783 1579 842 1639 et
872 1573 1248 1658 discipulwm
1277 1573 1632 1657 Apollonii,
1678 1594 1857 1656 quem
1876 1575 2282 1657 potissimum
2313 1574 2527 1639 ducem
2555 1574 2989 1639 Philostratus
3016 1594 3082 1639 se
3114 1572 3369 1656 eleqisse
3450 1626 3461 1635 .

785 1677 1148 1760 profitetur.
1231 1675 1333 1740 Ac
1379 1676 1828 1759 Moeraqenem
1885 1675 2136 1758 quidem
2194 1699 2265 1742 re
2318 1698 2470 1741 vera
2520 1676 2595 1741 de
2652 1676 2998 1760 Apollonio
3055 1675 3368 1758 quaedam

780 1779 1103 1863 scripsisse
1117 1800 1245 1863 per
1271 1779 1596 1862 Oriqinem
1619 1778 1757 1843 adv.
1802 1777 1963 1844 Cels.
1982 1784 2039 1856 6,
2057 1784 2138 1843 41
2158 1780 2321 1844 satis
2342 1784 2586 1845 constat
2605 1800 2802 1861 neque
2831 1783 2922 1844 est
2952 1799 3065 1843 cur
3082 1778 3371 1842 Maximi

783 1881 1029 1946 libellus
1047 1883 1113 1945 in
1129 1883 1544 1964 suspicionem
1560 1882 1800 1959 veniat,·
1823 1881 1935 1946 sed
1947 1880 2179 1946 Damis
2197 1882 2305 1946 ille
2322 1903 2474 1946 num
2493 1882 2742 1947 omnino
2767 1882 3047 1946 eoetiterit
3065 1900 3364 1962 unquam,

661 2046 666 2050 .
778 2004 906 2049 non
932 1984 1068 2049 sine
1097 2004 1292 2049 causa
1324 1983 1636 2049 dubitavit
1668 1983 1825 2049 Chr.
1849 1983 2056 2060 Baur,
2088 1984 2470 2067 Apollonius
2498 2005 2619 2049 von
2652 1984 2876 2067 Tyana
2903 1984 3038 2049 und
3068 1983 3367 2048 Christus

785 2109 856 2170 p.
889 2091 1028 2153 115.
1103 2085 1497 2152 Philostrato
1543 2091 1751 2151 autem
1793 2087 1924 2169 ipsi
1962 2092 2271 2168 quatenus
2298 2087 2455 2171 fides
2483 2086 2776 2152 habenda
2817 2092 2990 2164 esset,
3027 2092 3368 2169 postquam

783 2190 950 2255 alius
994 2189 1125 2255 alio
1164 2188 1347 2254 modo
1391 2189 1699 2254 iudicavit
1745 2188 1855 2271 (cf.
1899 2188 2091 2253 Baur
2123 2212 2193 2272 p.
2239 2194 2329 2255 12
2369 2209 2519 2272 sqq„
2568 2188 2643 2254 de
2684 2190 3139 2255 recentioribus
3170 2211 3367 2273 prae-

781 2293 1086 2375 fationem
1110 2292 1395 2375 Kayseri
1423 2291 1515 2356 ed.
1549 2291 1813 2356 alterius
1831 2313 1903 2373 p.
1930 2292 1982 2356 I
1987 2291 2050 2356 V
2065 2291 2239 2374 sqq),
2276 2313 2413 2357 eum
2440 2292 2769 2375 permulta
2798 2292 3099 2375 fabulosa
3115 2293 3366 2375 partim

784 2396 864 2460 ab
912 2394 1063 2459 aliis
1104 2396 1442 2478 sumpsisse
1457 2444 1473 2471 ,
1527 2395 1780 2478 partim
1836 2399 2053 2477 suopte
2095 2395 2346 2477 inqenio
2393 2394 2714 2459 addidisse
2755 2416 2935 2460 nemo
2977 2396 3112 2459 iam·
3153 2401 3362 2479 neyat.

783 2497 935 2563 Meo
978 2497 1226 2580 quidem
1269 2497 1507 2562 iudicio
1543 2496 1836 2579 fabulam
1864 2496 2377 2580 philosophicam
2407 2497 2608 2580 plane
2654 2497 2870 2562 eadem
2912 2498 3163 2562 ratione
3200 2519 3363 2563 com-

783 2601 1022 2685 posuit,
1067 2621 1194 2682 qua
1237 2600 1499 2683 fabulas
1538 2602 1809 2665 eroticas
1850 2601 2239 2682 scripserunt
2277 2600 2596 2683 sophistae
2638 2602 2749 2682 qui
2777 2600 3075 2665 dicuntur
3103 2600 3250 2666 inde
3282 2601 3362 2666 ab

779 2704 1249 2769 Antoninorum
1293 2707 1519 2768 aetate.
1600 2702 1762 2767 Cum
1805 2707 2015 2767 autem
2061 2723 2103 2767 a
2143 2701 2539 2768 Philostrato
2572 2704 2961 2786 posteriores
2990 2702 3364 2786 plerumque

784 2805 1136 2892 pendeant,
1197 2804 1313 2870 hoc
1372 2805 1505 2871 loco
1547 2806 1663 2870 ubi
1701 2826 1830 2870 non
1875 2805 1950 2870 de
1991 2805 2268 2888 imayine
2310 2807 2618 2888 sapientis
2659 2805 3078 2889 Pythayorici
3117 2804 3366 2887 qualem

782 2914 1009 2994 postea
1052 2909 1374 2992 finxerunt
1388 2958 1404 2985 ,
1450 2909 1562 2973 sed
1603 2909 1677 2973 de
1717 2909 1906 2973 rebus
1951 2909 2251 2985 externis,
2304 2913 2378 2973 ut
2416 2909 2511 2973 ita
2556 2907 2765 2973 dicam
2806 2908 3079 2973 hominis
3095 2959 3112 2986 ,
3157 2908 3366 2991 qualis

778 3013 921 3095 fuit,
967 3012 1168 3077 solum
1211 3011 1395 3077 modo
1440 3032 1626 3094 aqere
1670 3011 1832 3088 licet,
1868 3031 2091 3094 pauca
2132 3015 2279 3076 sunt
2320 3032 2482 3093 quae
2526 3010 2758 3091 afferri
2788 3012 3056 3094 possint.

914 3114 1268 3182 Oriundum
1323 3115 1521 3197 fuisse
1580 3137 1656 3179 eoe
1701 3115 1857 3179 urbe
1910 3113 2358 3197 Cappadociae
2409 3115 2646 3198 Tyanis
2675 3119 2942 3199 praeter
2982 3115 3179 3178 vitam
3221 3117 3281 3190 1,
3324 3117 3366 3177 4

778 3218 1112 3301 confirmat
1155 3218 1481 3282 Dacianus
1526 3217 1567 3281 l.
1614 3216 1655 3284 l.
1749 3216 1981 3282 Necem
2022 3216 2391 3282 Domitiani
2432 3217 2649 3282 eadem
2690 3218 2886 3294 hora,
2948 3238 3075 3299 qua
3117 3216 3363 3282 Romae

780 3326 1052 3403 peracta
1082 3324 1190 3397 est,
1224 3319 1470 3402 &hesi
1495 3321 1562 3405 (ἢ
1593 3323 1691 3385 καὶ
1721 3320 1975 3405 ἑτέρωθι
2006 3317 2351 3402 Xiphilin.)
2372 3320 2613 3402 populo
2630 3320 3069 3402 proclamasse
3098 3320 3359 3401 scripse·

774 3427 923 3488 runt
964 3421 1402 3487 Philostratus
1445 3428 1503 3486 ct
1538 3421 1671 3486 Dio
1712 3420 1975 3487 Cassius
2019 3421 2378 3505 (Xiphilin.
2425 3427 2524 3499 67,
2574 3420 2701 3504 18).
2782 3422 3175 3503 Quamquam
3220 3441 3363 3486 con-

775 3526 986 3591 sensui
1039 3524 1361 3590 hominum
1417 3523 1691 3589 eiusdem
1749 3525 1983 3589 aetatis
2039 3524 2214 3589 haud
2268 3526 2366 3588 ita
2424 3524 2689 3588 multum
2736 3546 2862 3607 per
2901 3543 2969 3587 se
3014 3524 3361 3600 tribuerim,

779 3633 985 3693 tamen
1026 3647 1167 3693 cum
1209 3625 1575 3692 Domitiani
1617 3627 2000 3709 temporibus
2044 3628 2193 3691 bene
2238 3628 2607 3691 conveniunt
2649 3648 2809 3708 quae
2854 3626 2929 3690 de
2966 3627 3364 3708 qravissimis

777 3731 1130 3797 inimicitiis
1171 3731 1339 3794 inter
1381 3728 1795 3812 Apollonium
1840 3734 1900 3793 et
1940 3729 2341 3812 Euphratem
2398 3729 2506 3812 (cf.
2553 3728 2624 3793 E
2664 3731 2770 3814 91)
2818 3729 2975 3793 ortis
3021 3727 3364 3792 traduntur

775 3835 882 3897 vit.
929 3837 988 3910 1,
1033 3836 1148 3910 13;
1186 3837 1253 3909 2,
1298 3837 1423 3909 27;
1462 3834 1523 3908 5,
1567 3836 1674 3897 27.
1718 3835 1820 3896 31.
1864 3836 1969 3896 33.
2013 3835 2115 3897 34.
2159 3836 2257 3898 37.
2302 3836 2404 3895 38.
2449 3836 2562 3908 39;
2605 3835 2662 3908 6,
2711 3836 2861 3898 7-9.
2906 3835 3022 3910 13,-
3062 3835 3124 3908 8,
3172 3835 3228 3897 7.
3260 3835 3359 3895 11.

785 3935 1196 4018 Quantumvis
1239 3933 1404 3999 enim
1451 3934 1517 3998 in
1570 3935 1977 3999 enarratione
2036 3956 2253 3999 earum
2299 3932 2732 3998 Philostratus
2789 3955 2832 3998 a
2889 3933 3014 4017 fide
3056 3931 3363 3997 historica

778 4039 978 4121 afuit,
1025 4036 1439 4120 philosophos
1494 4036 1640 4101 illos
1693 4058 1763 4102 re
1819 4058 1972 4101 vera
2030 4037 2380 4101 simultates
2423 4057 2552 4118 pro
2598 4036 2960 4100 diversitate
3002 4034 3362 4100 scholarum

774 4140 1120 4206 exercuisse
1175 4160 1304 4204 non
1358 4139 1536 4204 video
1596 4160 1709 4204 cur
1761 4160 2067 4222 neyemus.
2144 4139 2276 4205 Sed
2316 4160 2509 4221 neque
2560 4159 2680 4220 quo
2727 4160 2894 4204 anno
2933 4143 3127 4204 natus
3168 4159 3362 4220 neque

773 4262 894 4325 quo
922 4246 1205 4307 mortuus
1231 4244 1318 4306 sit
1345 4241 1745 4325 Apollonius,
1794 4243 2158 4306 accuratius
2191 4242 2454 4325 definire
2501 4242 2661 4306 licet.
2756 4241 2932 4306 Nam
2977 4261 3116 4306 cum
3159 4262 3236 4306 ex
3278 4240 3363 4305 iis

775 4366 933 4428 quae
974 4345 1109 4409 vita
1152 4350 1210 4421 1,
1258 4348 1346 4409 12
1406 4348 1825 4421 enarrantur,
1887 4346 2164 4409 conicias
2207 4344 2624 4427 Apollonium
2680 4343 2980 4427 ephebum
3037 4345 3235 4426 fuisse
3292 4365 3361 4408 co

777 4452 1067 4531 tempore,
1126 4448 1241 4512 ubi
1287 4446 1647 4512 Archelaus
1691 4468 1806 4511 rex
1859 4446 2307 4531 Cappadociae
2366 4446 2474 4529 (cf.
2520 4447 2587 4511 A
2627 4451 2783 4531 832)
2836 4447 2906 4511 in
2949 4446 3364 4530 suspicionem

777 4551 1235 4615 coniurationis
1273 4550 1444 4615 venit
1493 4548 1564 4613 id
1606 4553 1698 4613 est
1739 4550 1856 4614 sub
1901 4550 2157 4614 initium
2193 4551 2447 4633 imperii
2475 4550 2736 4625 Tiberii,
2754 4553 2985 4632 postea
3013 4548 3179 4613 idem
3207 4547 3364 4612 Phi-

780 4651 1079 4717 lostratus
1107 4656 1169 4729 8,
1200 4658 1289 4718 29
1328 4652 1660 4717 obscurum
1691 4671 1820 4716 esse
1833 4652 2187 4734 professus,
2230 4651 2482 4734 quando
2514 4652 2820 4734 quomodo
2846 4673 2970 4734 quo
3000 4651 3133 4715 loco
3162 4649 3364 4732 Apol-

780 4754 981 4820 lonius
1022 4756 1156 4819 vita
1199 4756 1574 4832 excessisset,
1623 4754 1875 4819 addidit
1918 4754 2045 4820 οὐδ’
2091 4756 2236 4840 ὑπὲρ
2268 4756 2498 4839 ἡλικίας
2525 4761 2629 4820 τοῦ
2674 4757 2887 4842 ἀνδρὸς
2930 4754 3161 4841 εἴρηται
3191 4753 3362 4818 οὐδὲν

776 4866 864 4945 τῷ
904 4857 1134 4944 Δάμιδι,
1190 4858 1346 4923 ἀλλὰ
1384 4861 1505 4929 τοῖς
1548 4859 1655 4943 μὲν
1700 4859 2090 4942 ὀγδοήκοντα,
2131 4862 2255 4928 τοῖς
2300 4856 2352 4922 δ’
2397 4860 2543 4945 ὑπὲρ
2582 4858 2657 4924 τὰ
2711 4858 3082 4941 ἐνενήκοντα,
3129 4860 3249 4927 τοῖς
3296 4858 3362 4921 δὲ

780 4962 876 5025 καὶ
917 4960 1121 5048 πρόσω
1163 4968 1282 5026 τῶν
1329 4962 1542 5026 ἑκατὸν
1601 4960 1819 5025 ἐλθεῖν.
1905 4960 2050 5042 Ipsi
2078 4960 2284 5042 paulo
2312 4966 2463 5043 post
2504 4959 2872 5025 Domitiani
2910 4964 3172 5026 mortem
3213 4979 3361 5025 nus-

782 5082 971 5144 quam
1012 5063 1438 5147 comparuisse
1478 5062 1745 5128 videtur.

756 5169 1177 5226 Ptosopographia
1201 5170 1327 5226 hup.
1352 5169 1489 5213 Rom.
1547 5169 1587 5213 1.
2916 5164 2952 5220 8
