3859 5992
557 508 938 565 ANTONIVS
1876 500 1959 563 98
2889 506 3269 562 ANTONIVS

815 704 1063 772 Contra
1090 703 1461 770 Gordianos
1491 701 1909 789 Capellianus
1955 704 2208 787 legatus
2248 703 2595 769 Numidiae
2637 702 2964 790 profectus
2995 703 3271 770 Gordia·

689 831 847 874 num
891 810 1212 874 iuniorem
1256 808 1448 885 vicit;
1497 808 1715 872 iunior
1758 808 1826 872 in
1870 829 2093 892 pugna
2135 806 2402 891 cecidit,
2464 808 2681 872 senior
2741 806 2924 871 clade
2976 808 3275 873 nuntiata

685 913 889 976 vitam
939 910 1173 998 laqueo
1232 910 1450 975 finivit
1506 910 1861 976 Herodian.
1911 914 1970 986 7,
2017 914 2077 986 9,
2127 911 2265 974 vita
2306 913 2551 987 15-16,
2604 911 2712 977 vit.
2775 911 3133 976 Maximini
3170 916 3269 987 19,

689 1013 1072 1079 Ammianus
1118 1013 1541 1079 Marcellinus
1582 1018 1689 1090 26,
1735 1017 1793 1090 6,
1840 1018 1950 1079 20.
2027 1012 2458 1078 Consecratus
2500 1023 2597 1077 est
2637 1014 2773 1077 vita
2815 1018 2912 1091 16,
2959 1019 3001 1079 4
3012 1034 3034 1091 ;
3083 1013 3273 1078 divus

686 1117 1059 1183 Gordianus
1103 1119 1173 1183 in
1218 1117 1421 1182 titulis
1462 1118 1725 1199 nepotis,

813 1219 1002 1285 onr
1041 1220 1249 1286 Fabia
1292 1217 1603 1285 Orestilla
1639 1221 1775 1284 vita
1816 1224 1918 1297 17,
1963 1226 2038 1296 4,
2099 1217 2301 1284 Annii
2347 1220 2577 1285 Severi
2625 1218 2762 1284 filia
2805 1220 2887 1302 cf.
2935 1219 3061 1283 ibd.
3109 1224 3165 1296 6,
3211 1224 3271 1283 4.

688 1322 891 1388 Filios
937 1322 1101 1388 duos
1145 1321 1390 1405 habuit,
1439 1321 1620 1386 illum
1666 1321 2090 1405 consularem,
2138 1323 2252 1408 qui
2298 1344 2446 1386 cum
2488 1324 2629 1407 ipso
2674 1321 3013 1406 Augustus
3057 1320 3271 1407 appel·

685 1424 855 1491 latus
901 1436 1015 1509 est,
1063 1436 1128 1490 et
1170 1423 1369 1489 filiam
1413 1423 1733 1489 Maeciam
1775 1425 2186 1509 Faustinam,
2242 1446 2411 1511 quae
2448 1435 2655 1511 nupta
2698 1436 2796 1490 est
2837 1425 3024 1490 Iunio
3068 1422 3271 1488 Balbo

686 1531 822 1594 vita
859 1534 920 1605 4,
959 1534 1026 1595 2.

811 1630 1305 1714 Chronoloyiam
1327 1651 1386 1695 a.
1403 1634 1535 1696 238
1553 1629 1987 1695 incredibilem
2016 1630 2087 1694 in
2112 1630 2367 1696 modum
2389 1631 2721 1712 confusam
2743 1630 2919 1713 apud
2936 1631 3275 1713 scriptores

682 1755 1080 1799 nummorum
1110 1755 1186 1799 ex
1210 1732 1335 1817 fide
1350 1733 1605 1815 primus
1636 1731 1948 1815 disposuit
1975 1731 2217 1797 Ecklzel
2263 1733 2407 1799 VII
2418 1756 2489 1816 p.
2521 1738 2668 1800 293.
2731 1733 3025 1798 Virorum
3068 1732 3273 1798 docto-

686 1859 832 1902 rum
886 1837 1409 1902 ratiocinationes
1426 1884 1443 1912 ,
1503 1836 1730 1918 quibus
1774 1840 2005 1918 postea
2058 1857 2258 1918 reyna
2316 1836 2705 1912 Maximini,
2777 1835 3270 1912 Gordianorum,

689 1939 968 2023 Pupieni
1024 1944 1085 2005 et
1135 1938 1409 2003 Balbini
1461 1958 1655 2020 usque
1715 1937 1804 2001 ad
1873 1937 2006 2002 dies
2063 1943 2453 2022 computasse
2510 1939 2638 2003 sibi
2687 1940 2811 2003 visi
2863 1944 3010 2003 sunt
3068 1958 3273 2003 omnes

688 2043 939 2107 omnino
1000 2041 1178 2107 haud
1232 2041 1436 2124 firmis
1490 2041 1879 2124 aryumentis
1936 2041 2072 2119 usi,
2139 2042 2507 2106 examinare
2561 2041 2677 2106 hoc
2733 2040 2868 2107 loco
2922 2062 3051 2105 non
3112 2040 3270 2104 lieet.

684 2144 869 2211 Haec
911 2144 1046 2226 fere
1086 2149 1251 2220 sunt,
1299 2164 1459 2226 quae
1489 2142 1921 2226 probabiliter
1965 2143 2041 2208 de
2082 2143 2341 2208 illorum
2382 2145 2669 2227 imperiis
2713 2143 2843 2208 dici
2877 2148 3174 2226 possunt:

821 2247 1226 2312 Maximinus
1279 2247 1484 2311 medio
1547 2247 1683 2328 fere
1740 2266 1950 2312 mense
2009 2247 2269 2312 Mart-io
2330 2270 2392 2313 a.
2435 2251 2565 2313 235
2624 2249 2957 2330 imperium
3015 2247 3278 2331 adeptus

683 2355 775 2415 est
819 2348 930 2430 (cf.
989 2348 1304 2432 Boryhesi
1361 2369 1502 2431 opp.
1543 2348 1678 2414 III
1721 2351 1861 2424 445,
1921 2346 1984 2411 V
2016 2348 2200 2431 486),·
2258 2370 2555 2433 reynasse
2599 2354 2724 2414 tres
2769 2370 2972 2414 annos
3015 2347 3277 2434 ([Vict.]

682 2451 965 2534 Epitom.
995 2457 1101 2529 25,
1142 2452 1373 2519 Ioann.
1404 2450 1702 2516 Antioch.
1745 2451 1846 2519 M.
1879 2451 2002 2516 IV
2023 2453 2111 2533 fr.
2143 2457 2283 2530 146,
2327 2451 3108 2536 Eusebius-Hieronymus
3137 2457 3275 2539 etc.)

683 2553 782 2620 vel
828 2555 1127 2619 ‘triennio
1171 2565 1235 2619 et
1276 2555 1501 2641 paucis
1539 2554 1790 2618 diebus’
1833 2554 2108 2637 Eutrop.
2141 2560 2200 2632 9,
2233 2562 2271 2619 1
2304 2554 2595 2638 plerique
2640 2560 2820 2620 testes
2863 2556 3272 2621 consentiunt.

687 2656 931 2737 Quibus
990 2657 1363 2721 conveniunt
1408 2677 1570 2739 quae
1628 2655 2044 2722 Herodianus
2100 2657 2141 2725 l.
2190 2657 2374 2723 VIII
2424 2658 2501 2723 de
2556 2658 2897 2740 Aquileiae
2956 2658 3276 2723 obsidione

684 2759 989 2842 optimum
1033 2763 1353 2823 auctorem
1396 2764 1642 2824 secutus
1687 2760 1828 2841 fuse
1872 2761 2219 2838 enarravit,
2267 2762 2350 2842 cf.
2396 2761 2691 2844 inprimis
2726 2765 2788 2839 8,
2818 2766 2879 2838 4,
2909 2767 2958 2827 2
3000 2768 3118 2827 τῶν
3161 2763 3272 2847 γὰρ

689 2861 1126 2948 ὑπερκειμένων
1168 2865 1322 2948 ὁρῶν
1367 2863 1473 2933 τὰς
1518 2860 1745 2927 δι’ὅλου
1791 2868 1893 2929 τοῦ
1939 2870 2234 2949 χειμῶνος
2278 2865 2563 2950 παγείσας
2600 2865 2806 2951 χίονας
2848 2865 3073 2930 λύουσα
3102 2867 3141 2950 ἡ
3170 2869 3275 2929 τοῦ

690 2963 859 3036 ἔτους
916 2967 1046 3050 ὥρα
1103 2965 1463 3051 παμμεγέθη
1516 2967 1615 3030 τὸν
1667 2968 2028 3052 χειμάρρουν
2075 2969 2377 3052 εἰργάζετο
2421 2971 2568 3045 κτλ.,
2628 2966 2794 3031 unde
2839 2966 3275 3032 Maximinum

686 3067 941 3132 ineunte
997 3088 1138 3131 vere
1182 3088 1243 3131 a.
1288 3072 1420 3132 238
1479 3066 1568 3132 ad
1620 3067 1841 3132 urbem
1884 3067 2254 3150 Aquileiam
2299 3070 2630 3134 accessisse
2674 3074 2962 3153 apparet.
3047 3069 3275 3152 Itaque

687 3172 927 3235 occisus
975 3173 1067 3235 est
1109 3170 1223 3234 sub
1267 3170 1456 3253 linem
1499 3171 1730 3235 mensis
1778 3170 2022 3234 Martii
2062 3170 2157 3235 vel
2185 3170 2392 3253 paulo
2424 3176 2595 3255 post.

817 3271 1063 3337 Seditio
1106 3271 1573 3354 Africanorum
1632 3277 1777 3338 orta
1833 3278 1924 3338 est
1984 3277 2134 3337 teste
2177 3272 2549 3339 Herodiano
2596 3278 2654 3352 7,
2699 3279 2758 3352 4,
2805 3279 2845 3338 1
2905 3279 3275 3362 συμπληρου-

687 3375 869 3462 μένης
911 3377 1079 3464 αὐτῷ
1114 3376 1227 3460 (=
1257 3375 1595 3464 Μαξιμίνῳ)
1636 3383 1896 3463 τριετοῦς
1942 3377 2243 3463 βασιλείας
2284 3376 2357 3441 id
2397 3381 2489 3441 est
2536 3387 2708 3442 ‘cum
2751 3379 2979 3442 tertius
3019 3379 3272 3464 imperii

687 3499 897 3542 annus
927 3477 1011 3542 ad
1039 3478 1232 3542 finem
1262 3484 1673 3561 verteretur’,
1716 3500 1847 3544 non
1876 3483 1949 3543 ut
1978 3478 2237 3561 quidam
2267 3500 2613 3561 perperam
2655 3480 3058 3563 interpretati
3097 3485 3275 3546 sunt:

691 3591 1056 3667 ‘postquam
1085 3582 1317 3646 tertius
1347 3603 1556 3646 annus
1586 3580 1915 3667 perfectus
1961 3590 2106 3648 est‘.
2172 3582 2282 3647 Ex
2318 3583 2401 3646 iis
2443 3586 2651 3647 autem
2679 3603 2840 3665 quae
2870 3582 2945 3647 de
2979 3583 3273 3666 temporis

683 3684 894 3767 spatio
950 3684 1205 3767 imperii
1250 3684 1730 3750 Gordianorum
1771 3685 1986 3767 patris
2036 3684 2279 3768 filiique
2337 3684 2682 3751 traduntur
2698 3735 2715 3763 ,
2775 3689 3021 3750 tantum
3075 3686 3272 3770 respi-

686 3786 912 3851 cienda
952 3791 1102 3852 sunt
1144 3788 1501 3852 testimonia
1545 3787 1844 3852 Zonarae
1888 3793 1995 3863 12,
2040 3793 2142 3865 17,
2187 3789 2301 3870 qui
2342 3788 2546 3853 XXII
2599 3787 2735 3853 dies
2780 3789 2862 3853 iis
2907 3789 3164 3866 tribuit,
3215 3793 3275 3853 et

687 3889 1195 3974 Chronoyraphi,
1242 3891 1352 3973 qui
1394 3890 1533 3955 dies
1570 3890 1727 3954 XX.
1813 3890 2265 3973 Reqnaverunt
2309 3891 2509 3975 iyitur
2536 3912 2662 3974 per
2706 3895 2832 3956 tres
2874 3893 3006 3973 fere
3046 3890 3273 3957 hebdo-

684 3991 915 4057 madas
955 3993 1051 4058 vel
1092 4014 1300 4058 mense
1341 3992 1710 4058 Februario
1753 3992 1848 4058 vel
1890 3993 2006 4057 sub
2051 3994 2306 4058 initium
2348 3995 2579 4059 mensis
2625 3994 2869 4059 Martii
2910 4015 2971 4058 a.
3001 3998 3151 4059 238.

816 4093 972 4160 Post
1013 4116 1224 4160 necem
1263 4095 1741 4161 Gordianorum
1785 4095 2114 4178 Pupienus
2165 4100 2225 4160 et
2267 4095 2589 4161 Balbinus
2630 4096 2913 4179 Auqusti
2966 4097 3276 4181 appellati

687 4201 851 4274 sunt,
906 4196 1277 4263 Gordianus
1317 4219 1510 4281 nepos
1552 4198 1796 4264 Caesar
1837 4202 2260 4281 nuncupatus.
2335 4198 2422 4263 Id
2463 4199 2629 4281 quod
2668 4200 2912 4282 factum
2957 4219 3084 4265 esse
3127 4205 3274 4265 ante

685 4320 958 4365 mensem
986 4299 1280 4383 Aprilem
1323 4303 1605 4382 sequitur
1648 4323 1725 4366 ex
1764 4303 1865 4378 iis,
1911 4322 2073 4382 quae
2116 4300 2190 4366 de
2236 4300 2557 4367 obsidione
2587 4301 2925 4384 Aquileiae
2962 4307 3270 4367 constant.

690 4401 915 4467 Mense
989 4401 1179 4468 Maio
1247 4407 1374 4467 tres
1433 4404 1846 4486 imperatores
1909 4402 2155 4468 Romae
2221 4404 2417 4485 fuisse
2481 4405 2816 4487 confirmat
2882 4409 2924 4472 t.
2988 4405 3273 4470 urbanus

689 4504 791 4569 VI
809 4509 933 4569 816
962 4505 1217 4588 positus
1249 4506 1344 4571 VI
1374 4504 1461 4570 id.
1493 4505 1719 4590 Maias,
1764 4507 1878 4571 ubi
1905 4510 2289 4571 memoratur
2318 4506 2581 4590 Auggg.
2611 4505 2883 4571 libertus
2913 4506 3023 4591 (---
3052 4506 3273 4590 Auqu—

687 4613 928 4674 storum
986 4608 1180 4673 trium
1196 4659 1212 4686 ,
1272 4610 1481 4673 minus
1538 4608 1786 4691 quidem
1848 4614 2174 4692 accurate,
2234 4609 2345 4674 sed
2401 4610 2521 4675 levi
2577 4610 2835 4693 errore).
2910 4607 3274 4692 Interfectis

689 4714 897 4776 autem
956 4710 1245 4794 Pupieno
1304 4716 1364 4776 et
1411 4711 1698 4776 Balbino
1748 4711 2155 4777 Gordianum
2209 4710 2569 4795 Auqustum
2627 4712 3019 4797 appellatum
3072 4712 3273 4778 solum

687 4814 1004 4897 imperare
1063 4814 1333 4896 coepisse
1393 4819 1541 4879 ante
1595 4833 1864 4879 mensem
1906 4812 2334 4895 Septembrem
2378 4834 2518 4878 cum
2558 4817 2802 4880 nummi
2842 4815 3277 4881 Alexandrini

686 4918 1017 5000 septimum
1063 4937 1298 4981 annum
1339 4917 1694 4981 indicantes
1739 4914 2020 4992 doceant,
2070 4920 2201 4980 tum
2240 4919 2386 4980 ante
2431 4916 2490 4981 d.
2529 4922 2618 4983 23
2660 4940 2742 4986 m.
2772 4919 2954 4984 Iunii
2994 4919 3274 5001 sequitur

688 5040 766 5085 ex
828 5019 1011 5084 titulo
1079 5020 1322 5085 Norico
1388 5019 1450 5083 V
1486 5023 1658 5085 4820
1722 5019 1805 5101 cf.
1857 5040 1931 5102 p.
1984 5023 2149 5084 1118
2191 5020 2409 5101 posito
2466 5020 2632 5085 VIII
2690 5020 2822 5086 kal.
2883 5020 3101 5105 Iulias,
3160 5020 3276 5085 ubi

687 5121 1081 5208 Aug(ustus)
1142 5123 1416 5206 n(oster)
1474 5122 1811 5187 invenitur.
1913 5122 2076 5186 Dies
2136 5121 2637 5189 LXXXXVIH
2682 5123 2923 5190 duobus
2965 5123 3276 5209 Auyustis
