3859 5992
506 523 932 579 CORNELIVS
1791 516 1917 582 447
2786 528 3208 584 CORNELIVS

626 730 886 806 praetor
930 725 973 788 t.
1006 728 1079 800 1;
1114 721 1339 787 consul
1378 726 1420 786 t.
1452 729 1517 799 2,
1562 722 1813 788 Fronto
1845 723 1935 788 ad
1967 723 2271 787 Marcum
2303 722 2483 788 Cae-3.
2508 728 2567 801 1,
2593 728 2651 801 7,
2675 728 2719 789 8
2734 746 2808 808 Ρ.
2832 729 2931 802 18,
2967 726 3211 808 passim

631 823 795 889 libro
838 824 930 890 II
971 825 1061 889 ad
1110 825 1390 902 eundem,
1449 824 1698 891 Gellius
1740 832 1806 903 2,
1854 831 1962 904 26,
2008 832 2084 905 1,·
2136 825 2360 891 consul
2411 827 2721 891 suffectus
2769 849 2826 893 a.
2871 830 2995 894 143
3038 829 3209 910 (cum

627 926 891 991 Marcus
934 926 1097 992 duos
1142 938 1206 991 et
1248 928 1483 1011 viginti
1533 949 1736 993 annos
1780 938 1973 993 natus
2018 939 2186 993 esset
2227 927 2475 993 Fronto
2511 950 2580 1011 Ρ.
2623 932 2737 1010 23)
2784 952 2868 994 ex
2912 928 3213 995 kalendis

628 1028 811 1094 Iuliis
857 1052 1063 1116 usque
1106 1030 1191 1095 ad
1236 1029 1550 1095 kalendas
1597 1029 2015 1117 Septembres
2044 1028 2294 1096 Fronto
2325 1053 2397 1114 Ρ.
2428 1035 2536 1097 32.
2564 1036 2666 1097 34.
2698 1036 2844 1109 254,
2888 1031 3214 1098 Ausonius

622 1135 791 1214 yrat.
825 1136 946 1197 act.
986 1137 1041 1210 7,
1075 1137 1184 1199 32.
1215 1137 1331 1211 33,-
1373 1134 1730 1215 gratiarum
1779 1134 2099 1198 actionem
2144 1133 2211 1196 in
2258 1144 2485 1199 senatu
2529 1133 2747 1199 idibus
2787 1135 3099 1219 Augustis
3144 1159 3214 1201 se

628 1235 1051 1300 recitaturum
1097 1256 1239 1300 esse
1281 1235 1511 1300 scribit
1541 1258 1615 1318 Ρ.
1646 1240 1734 1302 25
1777 1237 1860 1317 cf.
1911 1235 2001 1300 ad
2041 1235 2237 1300 Piwm
2277 1241 2337 1313 1,
2383 1241 2431 1302 2
2461 1259 2534 1319 Ρ.
2578 1242 2733 1315 163,
2779 1237 2868 1302 ad
2911 1238 3215 1303 Marcum

632 1336 811 1404 Caes.
843 1344 909 1415 2,
940 1343 989 1405 2
1019 1360 1091 1421 Ρ.
1123 1343 1231 1404 27.
1307 1337 1502 1403 Circa
1538 1361 1596 1402 a.
1641 1339 1762 1403 155
1794 1338 2022 1403 Asiam
2065 1339 2469 1424 provinciam
2514 1340 3037 1424 proconsularem
3081 1362 3212 1405 sor·

627 1441 784 1504 titus
815 1439 1187 1505 valetudine
1232 1450 1493 1505 coactus
1535 1462 1605 1504 se
1643 1441 1985 1505 excusavit
2013 1439 2102 1505 ad
2125 1439 2320 1506 Pium
2347 1444 2391 1505 8
2418 1463 2493 1524 Ρ.
2522 1447 2645 1507 169
2676 1443 2758 1524 cf.
2792 1443 2880 1507 ad
2908 1443 3215 1507 Marcum

632 1542 812 1608 Caes.
856 1547 916 1621 5,
957 1548 1039 1607 36
1070 1566 1143 1626 Ρ.
1190 1546 1292 1611 86.
1389 1542 1686 1608 Mortuus
1747 1552 1843 1608 est
1902 1545 2258 1629 imperante
2317 1544 2540 1609 Marco
2601 1566 2731 1609 non
2787 1555 2937 1610 ante
2982 1568 3039 1612 a.
3092 1546 3212 1611 175

635 1647 718 1727 cf.
738 1667 811 1728 Ρ.
838 1650 993 1711 161.·
1020 1656 1378 1709 ‘nummum
1402 1646 1717 1711 Antonini
1749 1656 1862 1710 aut
1887 1645 2228 1712 Commodi
2260 1656 2373 1711 aut
2397 1647 2547 1713 Pii'.
2591 1647 2903 1714 Frontoni
2935 1658 3210 1713 statuam

630 1748 892 1813 Marcus
937 1771 978 1812 a
1019 1758 1248 1813 senatu
1294 1749 1482 1833 petiit
1522 1749 1632 1813 vit.
1680 1747 1908 1812 Marci
1948 1754 2014 1825 2,
2058 1752 2118 1814 5.

759 1851 1140 1938 Discipulus
1206 1850 1605 1917 Athenodoti
1672 1860 1737 1916 et
1802 1851 2110 1937 Dionysii
2163 1875 2236 1936 Ρ.
2283 1857 2379 1920 73.
2424 1856 2563 1921 154.
2608 1859 2755 1920 244.
2854 1853 3214 1920 Causarum

633 1954 1093 2020 celeberrimus
1134 1966 1314 2019 actor
1358 1953 1479 2020 sub
1523 1954 1860 2019 Hadriano
1905 1953 2039 2020 Dio
2084 1960 2184 2032 69,
2230 1959 2314 2020 18
2327 1976 2349 2034 ,·
2403 1978 2631 2021 causas
2693 1956 2814 2021 sub
2862 1958 2979 2021 Pio
3037 1967 3214 2022 actas

631 2067 946 2122 memorat
975 2079 1049 2141 Ρ.
1078 2061 1179 2122 83.
1210 2062 1311 2122 86.
1343 2061 1480 2123 169.
1514 2062 1666 2122 252.
1742 2056 2089 2121 Orationes
2134 2059 2200 2122 in
2248 2057 2471 2122 laudes
2507 2057 2824 2123 Hadriani
2857 2059 3112 2125 habitae
3151 2071 3215 2123 et

631 2161 989 2242 gratiarum
1027 2161 1196 2224 actio
1228 2160 1312 2224 de
1341 2160 1680 2224 consulatu
1709 2180 1765 2227 v.
1796 2180 2033 2243 supra;
2073 2161 2278 2225 oratio
2312 2161 2375 2224 in
2408 2161 2737 2226 Herodem
2766 2163 3057 2227 Atticum
3093 2162 3213 2227 sub

634 2262 752 2327 Pio
797 2262 974 2328 dicta
1004 2285 1075 2347 Ρ.
1109 2269 1215 2328 42.
1261 2267 1385 2327 138
1421 2262 1529 2346 (cf.
1561 2282 1762 2344 supra
1783 2285 1856 2345 Ρ.
1879 2266 2066 2348 375),·
2111 2263 2231 2328 sub
2276 2262 2501 2329 Marco
2547 2275 2611 2329 et
2642 2264 2816 2330 Vero
2864 2267 3053 2329 tertia
3096 2288 3212 2350 pro

634 2365 1093 2431 Demonstrato
1147 2365 1467 2430 Petiliano
1515 2387 1588 2448 Ρ.
1627 2370 1770 2430 111.
1823 2370 1963 2443 137,
2017 2387 2133 2451 pro
2188 2364 2490 2451 Bithynis
2543 2389 2616 2450 Ρ.
2662 2371 2817 2445 183,·
2882 2378 3215 2453 praeterea

634 2479 1025 2533 memoratur
1098 2470 1301 2534 oratio
1366 2490 1483 2554 pro
1551 2467 2143 2533 Ptolemaeensibus
2214 2467 2557 2534 Charisius
2626 2470 2913 2535 Gramm.
2968 2471 3115 2538 Lat.
3161 2471 3211 2535 I

626 2594 698 2653 Ρ.
724 2576 863 2648 138,
897 2577 996 2649 11,
1044 2573 1109 2635 in
1141 2570 1448 2656 Pelopem
1479 2570 1702 2637 Sidon.
1727 2570 1943 2653 Apoll.
1976 2572 2153 2652 epist.
2185 2576 2246 2647 8,
2279 2577 2378 2648 10,
2427 2575 2494 2636 in
2526 2571 2931 2638 Christianos
2963 2573 3212 2638 Minue.

637 2674 851 2740 Octav.
884 2680 945 2751 9,
976 2679 1033 2751 6,
1079 2675 1438 2757 gratiarum
1481 2673 1754 2738 actionis
1799 2695 1916 2759 pro
1961 2673 2614 2757 Carthaginiensibus
2658 2673 2937 2739 frustula
2992 2687 3218 2740 extant

628 2798 701 2860 Ρ.
731 2782 879 2844 260.
918 2813 996 2823 -
1026 2777 1339 2860 Magister
1383 2777 1471 2841 M.
1506 2774 1758 2841 Aurelii
1807 2786 1871 2841 et
1913 2776 1991 2841 L.
2023 2776 2177 2840 Veri
2218 2775 2352 2841 Dio
2389 2782 2487 2853 71,
2518 2782 2617 2853 35,
2661 2778 2769 2842 vit.
2809 2777 3032 2844 Marci
3056 2783 3123 2856 2,
3153 2783 3212 2855 5,

647 2879 797 2945 Veri
837 2884 903 2956 2,
950 2884 1010 2956 5,
1056 2880 1327 2962 Eutrop.
1372 2884 1431 2956 8,
1471 2885 1575 2956 12,
1623 2878 1994 2963 Hieronym.
2042 2879 2255 2944 chron.
2302 2879 2390 2944 ad
2427 2901 2486 2944 a.
2519 2879 2681 2945 Abr.
2720 2884 2912 2957 2180,
2956 2882 3074 2945 vir.
3121 2880 3213 2946 ill.

634 2987 722 3048 24
766 2987 808 3046 t.
850 2982 943 3047 ΙΙ
960 3004 1033 3065 Ρ.
1064 2985 1186 3047 851
1232 2981 1324 3046 ed.
1373 2981 1671 3058 Vallarsi‚
1722 2982 1997 3046 Marcus
2039 2983 2121 3052 εἰς
2164 2981 2372 3048 ἑαυτόν
2420 2987 2479 3060 1,
2525 2987 2624 3060 11,
2667 2981 2915 3048 Fronto
2947 2984 3216 3066 passim.

765 3084 994 3150 Gratia
1027 3107 1195 3148 uxor
1209 3106 1284 3167 Ρ.
1306 3088 1413 3150 32.
1443 3088 1544 3161 48,
1577 3083 1660 3147 de
1691 3085 1873 3149 cuius
1901 3095 2109 3148 morte
2138 3086 2437 3170 queritur
2466 3085 2740 3167 epistula
2771 3086 2859 3150 ad
2890 3086 2986 3150 M.
3011 3085 3217 3150 Aure-

635 3186 788 3250 lium
831 3186 1190 3270 Auyustum
1234 3186 1310 3251 de
1365 3191 1583 3269 nepote
1639 3189 1871 3251 amisso
1917 3209 1990 3269 Ρ.
2032 3191 2160 3253 236
2223 3193 2282 3251 et
2338 3187 2427 3252 ad
2465 3189 2544 3252 L.
2593 3188 2817 3254 Verum
2862 3189 3221 3271 Auyustum

636 3295 702 3366 2,
735 3295 774 3355 9
808 3311 878 3373 Ρ.
910 3294 1050 3366 137,
1098 3310 1256 3371 quae
1299 3291 1543 3372 scripta
1577 3294 1670 3354 est
1699 3294 2042 3373 postquam
2088 3289 2284 3354 Verus
2323 3312 2355 3355 e
2386 3290 2592 3374 Syria
2617 3291 2842 3370 rediit‚·
2881 3312 3045 3355 uxor
3073 3312 3219 3374 eryo

630 3397 882 3457 mortua
919 3397 1010 3457 est
1051 3393 1229 3457 intra
1260 3414 1319 3457 a.
1352 3396 1663 3457 166-168.
1743 3391 2052 3477 Quinque
2082 3390 2320 3458 liberos
2349 3395 2565 3458 amisit
2596 3416 2669 3477 Ρ.
2701 3399 2855 3459 232.
2923 3393 3218 3460 Gratiam

639 3494 838 3560 filiam
884 3497 1140 3560 unicam
1187 3494 1260 3561 C.
1295 3494 1557 3561 Aufidio
1582 3495 1920 3560 Victorino
1968 3495 2314 3581 despondit
2346 3517 2414 3579 Ρ.
2447 3499 2614 3574 200,·
2657 3496 2731 3561 de
2771 3496 3100 3580 nepotibus
3143 3516 3221 3561 ex

637 3598 781 3681 filia
821 3598 1093 3663 sublatis
1136 3600 1218 3680 cf.
1262 3618 1465 3681 supra
1506 3597 1572 3662 A
1613 3603 1797 3664 1160.
1847 3635 1924 3645 —-
1972 3598 2203 3663 Frater
2245 3598 2596 3663 Frontonis
2630 3621 2703 3682 Ρ.
2732 3603 2839 3666 32.
2884 3604 3025 3665 134.
3069 3604 3217 3676 235,

635 3700 775 3766 vide
814 3702 930 3766 sub
977 3700 1264 3766 Cornelio
1302 3700 1651 3782 Quadrato,

778 3804 1043 3870 Omissis
1086 3803 1238 3868 locis
1283 3804 1508 3885 quibus
1549 3804 1743 3868 verba
1786 3802 2139 3869 Frontonis
2184 3803 2565 3882 afferuntur,
2626 3809 3013 3869 memoratur
3053 3803 3217 3869 Gen.

637 3912 735 3983 13,
766 3909 873 3982 28,
904 3911 987 3984 2;
1028 3910 1124 3982 19,
1158 3909 1235 3983 8,·
1275 3911 1376 3982 19,
1410 3912 1528 3984 1ος
1570 3911 1671 3982 19,
1703 3912 1806 3982 13,
1856 3906 2105 3971 Minue.
2144 3906 2360 3972 Octav.
2405 3911 2502 3983 31,
2553 3913 2618 3984 2,
2667 3906 2982 3991 Paneyyr.
3024 3910 3086 3983 5,
3117 3911 3218 3983 14,

640 4009 1006 4092 Hieronym.
1054 4010 1230 4091 (pist.
1281 4014 1426 4085 125,
1474 4013 1563 4075 12
1606 4008 1656 4072 Ι
1676 4030 1748 4091 Ρ.
1795 4013 1917 4074 934
1965 4008 2057 4076 ed.
2105 4008 2417 4088 Vallarsi,
2467 4009 2765 4075 Macrob.
2810 4013 2929 4078 sat.
2975 4013 3033 4087 5,
3067 4016 3125 4086 1,
3161 4014 3216 4086 7,

643 4112 965 4176 Martian.
1021 4111 1179 4194 Cap.
1222 4116 1279 4187 5,
1328 4116 1479 4187 432,
1528 4110 1916 4176 Artemidor.
1963 4110 2037 4175 de
2078 4131 2275 4177 somn.
2318 4118 2377 4189 4,
2424 4116 2535 4191 22,
2584 4111 2806 4178 Sidon.
2851 4111 3218 4195 Apollinar.

639 4215 815 4296 epist.
846 4217 907 4295 8,
937 4218 996 4295 3,
1029 4218 1087 4295 3,
1124 4212 1467 4279 Claudian.
1493 4213 1795 4280 Mamert.
1830 4214 2005 4296 epz'st.
2047 4214 2135 4279 ad
2158 4214 2310 4298 Sap.
2331 4237 2402 4297 Ρ.
2420 4220 2549 4281 206
2578 4214 2670 4280 ed.
2705 4215 3218 4282 Vindobonensia

517 4317 680 4380 1107
728 4315 1068 4381 Cornelius
1113 4317 1382 4398 Fuscus,
1430 4326 1812 4402 procurator
1856 4316 1922 4378 in
1969 4318 2306 4381 Pannonia
2348 4339 2517 4381 anno
2563 4319 2665 4400 69,
2713 4318 2941 4400 vigens
2987 4327 3217 4400 aetate,

644 4418 836 4482 claris
867 4418 1223 4501 natalibus3
1271 4421 1480 4505 prima
1511 4421 1778 4483 iuventa
1808 4428 2116 4504 quaestus
2152 4419 2455 4505 cupidine
2486 4420 2879 4484 senatorium
2926 4419 3217 4484 ordinem

641 4532 941 4601 exuerat3
990 4520 1160 4585 idem
1202 4543 1317 4608 pro
1365 4520 1578 4586 Galba
1620 4521 1758 4585 dux
1805 4521 2095 4586 coloniae
2139 4545 2295 4586 suae
2338 4545 2543 4608 eaque
2585 4544 2782 4608 opera
2824 4524 3220 4608 procuratio·

641 4645 787 4688 nem
843 4623 1144 4709 adeptus,
1206 4627 1521 4709 susceptis
1582 4625 1969 4711 Vespasiani
2029 4624 2320 4711 partibus
2379 4627 2760 4690 acerrimam
2814 4624 2965 4692 belli
3011 4625 3220 4691 facem

639 4725 947 4813 praetulit
1012 4727 1158 4792 Tac.
1209 4726 1272 4791 h.
1318 4734 1383 4804 2,
1429 4731 1514 4791 86
1527 4748 1547 4804 ;
1617 4727 1982 4813 praefectus
2049 4727 2271 4792 classis
2336 4728 2736 4793 Ravennatis
2803 4751 2844 4793 a
2908 4728 3221 4795 militibus

640 4829 1000 4895 destinatus
1045 4830 1174 4895 ibd.
1203 4835 1262 4906 3,
1296 4836 1416 4907 12,·
1460 4839 1800 4915 postquam
1844 4829 2145 4895 Flaviani
2191 4829 2351 4895 urbe
2394 4832 2578 4917 potiti
2620 4842 2774 4897 sunt
2815 4832 3046 4916 (mense
3089 4829 3219 4896 De-

639 4933 876 4999 cembri
918 4954 978 4997 a.
1024 4934 1145 5017 69),
1207 4933 1534 5018 praetoria
1592 4933 1869 5015 insignia
1925 4935 1985 4997 ei
2031 4933 2113 4998 ob
2160 4956 2260 4998 res
2306 4944 2535 4999 contra
2576 4934 2961 5000 Vitellianos
3003 4943 3220 5018 gestas

642 5036 752 5118 (cf.
795 5036 856 5100 h.
901 5040 963 5113 3,
1005 5040 1066 5101 4.
1110 5039 1225 5121 42)
1270 5035 1709 5100 decernuntur
1751 5035 1880 5101 ibet.
1922 5042 1982 5113 4,
2024 5042 2083 5101 4.

771 5137 1149 5201 Praefectus
1195 5139 1518 5223 praetorio
1564 5136 1687 5201 sub
1734 5137 2108 5201 Domitiano
2155 5137 2411 5204 Sueton.
2449 5137 2806 5204 Domitian.
2837 5144 2895 5217 6,
2943 5138 3216 5222 Eutrop.
