3859 5992
508 508 793 568 ANers
1824 502 1910 569 72
2931 512 3221 572 ANNIVS

637 713 697 786 1,
728 708 851 786 13),
914 705 1259 774 Claudium
1314 708 1628 774 Severum
1685 708 1821 773 vita
1863 713 1930 786 2,
1979 713 2023 773 7
2034 712 2190 785 -3,
2232 711 2277 772 3
2318 709 2401 791 ef.
2446 705 2582 773 Dio
2623 713 2728 787 72,
2771 713 2872 777 35.
2959 709 3223 778 Studuit

640 821 706 877 et
776 812 905 877 iuri
978 810 1250 876 audiens
1318 811 1395 876 L.
1452 810 1797 877 Volusium
1859 811 2271 876 Maecianum
2333 812 2469 876 vita
2523 816 2598 889 3,
2658 816 2698 877 6
2764 820 2831 878 et
2892 815 3218 900 pingendo

639 914 963 998 Diogneto
1012 914 1324 997 magistro
1369 936 1632 1001 operam
1674 912 1853 980 dedit
1895 915 2032 980 vita
2072 920 2131 992 4,
2177 919 2217 979 9
2263 913 2564 997 (Marcus
2604 920 2663 993 1,
2701 914 2787 999 6).

768 1016 1011 1098 Quinto
1056 1017 1304 1083 decimo
1365 1018 1594 1082 aetatis
1652 1026 1841 1082 anno'
1880 1017 1966 1101 (a.
2014 1017 2161 1083 135!
2171 1018 2318 1101 136)
2377 1017 2635 1083 virilem
2687 1028 2906 1103 togam
2947 1024 3221 1110 sumpsit

637 1121 985 1205 statimque
1030 1121 1087 1185 ei
1133 1120 1210 1186 L.
1244 1119 1493 1186 Ceionii
1539 1118 1878 1185 Commodi
1923 1119 2059 1203 (qui
2100 1141 2162 1184 a.
2198 1122 2320 1184 136
2364 1121 2445 1185 ab
2492 1119 2834 1187 Hadriano
2880 1122 3220 1207 adoptatus

628 1222 710 1289 L.
758 1221 985 1288 Aelius
1025 1223 1268 1289 Caesar
1314 1222 1518 1288 dietus
1561 1221 1677 1305 est)
1735 1221 1872 1288 filia
1915 1222 2305 1307 desponsata
2356 1232 2456 1289 est
2510 1245 2592 1287 ex
2634 1223 2955 1291 Hadriani
2995 1226 3217 1293 volun·

634 1334 800 1408 tate;
860 1348 981 1391 nec
1024 1325 1229 1392 multo
1275 1335 1421 1413 post
1462 1326 1658 1409 (anno
1701 1326 1835 1408 fere
1878 1328 2024 1413 137)
2071 1326 2438 1412 praefectus
2480 1326 2789 1392 feriarum
2833 1329 3219 1396 Latinarum

634 1427 769 1498 fuit
806 1431 942 1494 vita
981 1435 1054 1507 4,
1100 1432 1252 1495 5-6.
1352 1430 1510 1494 Post
1565 1427 1817 1494 obitum
1874 1428 1954 1493 L.
2016 1426 2313 1493 Caesaris
2374 1428 2542 1513 (kal.
2587 1430 2924 1497 Ianuariis
2966 1454 3029 1498 a.
3072 1434 3218 1517 138)

494 1554 515 1591 ·.
630 1530 1027 1616 Hadrianus,
1073 1554 1225 1597 cum
1266 1553 1707 1598 successorem
1749 1532 2004 1617 imperii
2038 1540 2382 1617 quaereret
2410 1554 2621 1618 neque
2660 1532 2949 1619 idoneus,
2997 1544 3218 1621 utpote

632 1633 857 1700 decem
901 1645 966 1700 et
1008 1644 1153 1701 octo
1198 1656 1404 1701 annos
1458 1655 1691 1719 agens,
1738 1633 2001 1699 Marcus
2045 1632 2432 1715 haberetur,
2493 1637 2731 1702 amitae
2774 1637 2882 1722 (cf.
2928 1640 3218 1721 stemma)

631 1737 838 1803 Marci
901 1740 1112 1803 virum
1155 1737 1234 1804 T.
1281 1736 1620 1803 Aurelium
1661 1736 1944 1802 Fulvum
1987 1737 2330 1802 Boionium
2376 1736 2646 1803 Arrium
2687 1736 3096 1805 Antoninum
3139 1763 3217 1806 ea

568 1859 576 1870 ·
631 1839 782 1924 lege.
833 1842 902 1905 in
964 1841 1377 1928 adoptionem
1437 1839 1631 1925 elegit
1687 1839 1779 1923 (d.
1825 1842 1906 1905 25
1954 1862 2154 1907 mens.
2198 1839 2397 1905 Febr.
2445 1863 2502 1906 a.
2552 1841 2676 1907 138
2715 1842 2827 1906 vit.
2871 1841 2990 1907 Pii
3023 1849 3081 1921 4,
3128 1846 3212 1928 6),

630 1954 703 2009 ut
742 1942 851 2010 ille
894 1943 983 2009 M.
1029 1942 1319 2008 Annium
1363 1942 1609 2008 Verum
1655 1951 1720 2006 et
1761 1942 1839 2008 L.
1871 1940 2318 2024 Commodum,
2365 1942 2569 2007 filium
2607 1942 2683 2011 L.
2715 1942 2888 2008 Aelii
2919 1942 3216 2011 Caesaris

629 2046 753 2114 sibi
783 2046 1125 2133 adoptaret
1150 2048 1285 2113 vita
1310 2052 1371 2123 5,
1402 2051 1460 2123 1,
1492 2044 1625 2111 Dio
1654 2050 1755 2122 69,
1785 2050 1893 2123 21,
1922 2046 2031 2110 υἰέ.
2065 2044 2179 2110 Pii
2202 2051 2263 2123 4,
2285 2049 2345 2122 5,
2388 2045 2539 2110 Veri
2561 2050 2629 2123 2,
2661 2051 2727 2123 2,
2762 2045 2983 2113 Severi
3006 2053 3115 2126 20,
3141 2054 3181 2113 1
3197 2069 3217 2127 ;

624 2149 988 2215 nominibus
1029 2148 1125 2215 vel
1168 2148 1615 2232 adoptionibus
1658 2148 1939 2230 confusis
1980 2148 2089 2212 vit.
2135 2146 2474 2213 Hadriani
2512 2153 2618 2226 24,
2665 2153 2724 2226 1,
2769 2148 2951 2215 Aelii
2988 2153 3050 2229 5,
3095 2155 3217 2231 12;

628 2256 685 2331 6,
731 2257 807 2332 9,·
851 2258 909 2331 7,
954 2257 1022 2319 2.
1108 2250 1445 2317 Hadriano
1506 2251 1754 2316 ferente
1811 2252 2026 2334 gratia
2085 2252 2314 2315 aetatis
2376 2250 2548 2315 facta
2592 2261 2898 2337 quaestor
2957 2263 3057 2319 est
3107 2253 3213 2318 de·

625 2356 918 2439 signatus
960 2356 1096 2421 vita
1136 2358 1196 2433 5,
1239 2360 1279 2420 6
1294 2404 1311 2433 ,
1363 2355 1471 2419 vit.
1519 2353 1636 2419 Pii
1675 2359 1733 2432 6,
1780 2359 1881 2418 10.
1988 2355 2147 2419 Post
2204 2375 2546 2418 excessum
2604 2353 2926 2421 Hadriani
2986 2355 3074 2441 (d.
3132 2363 3214 2422 10

596 2466 814 2524 'mena
859 2458 1024 2524 Iulii
1064 2480 1125 2526 a.
1170 2461 1317 2544 138)
1363 2456 1733 2522 Antoninus
1782 2478 1899 2543 per
1943 2478 2213 2522 uxorem
2259 2456 2556 2522 Marcum
2601 2458 2967 2524 sciscitatus
3014 2470 3111 2525 est
3152 2470 3216 2525 et

626 2562 684 2627 ei
730 2559 1061 2627 dissolutis
1099 2558 1537 2647 sponsalibus,
1599 2581 1771 2646 quae
1829 2569 2022 2625 antea
2065 2580 2212 2624 cum
2256 2558 2393 2624 filia
2434 2560 2512 2627 L.
2558 2558 2729 2625 Aelii
2773 2559 3073 2627 Caesaris
3117 2563 3208 2627 in-

620 2665 814 2747 ierat,
884 2664 1264 2730 Faustinam
1328 2661 1531 2727 filiam
1591 2662 1942 2748 despondit
1996 2662 2132 2728 vita
2176 2668 2234 2740 6,
2276 2667 2343 2740 2,
2389 2662 2601 2727 minus
2642 2668 2806 2729 recte
2857 2668 2919 2728 'et
2959 2665 3214 2747 confuse

621 2768 731 2833 vit.
774 2766 1056 2844 Aelii6,
1103 2771 1163 2844 9,
1214 2765 1366 2831 Veri
1390 2770 1457 2843 2,
1500 2770 1563 2830 3.
1639 2765 1966 2847 Quaestor
2004 2764 2090 2848 (d.
2135 2770 2176 2831 5
2217 2784 2408 2834 mens.
2447 2762 2818 2831 Decembris
2858 2770 2986 2831 138
3022 2788 3214 2852 usque

621 2869 710 2934 ad
751 2869 810 2935 d.
853 2875 896 2937 4
951 2891 1034 2936 m.
1093 2868 1183 2935 D.
1226 2870 1372 2952 139)
1432 2867 1656 2934 ludum
1714 2866 2175 2951 gladiatorium
2232 2869 2299 2932 in
2360 2867 2669 2933 honorem
2725 2866 3044 2934 Hadriani
3104 2872 3209 2935 avi

624 2972 829 3038 edidit
868 2973 1005 3038 vita
1048 2977 1106 3050 6,
1152 2977 1210 3037 1.
1301 2970 1674 3037 Antoninus
1721 2992 1869 3037 eum
1912 2970 2128 3036 adhuc
2172 2980 2577 3057 quaestorem
2626 2971 2710 3054 (a.
2759 2970 2910 3055 139)
2954 2981 3213 3057 petente

626 3080 857 3141 senatu
899 3074 1228 3141 consulem
1274 3074 1646 3159 designavit
1687 3075 1823 3139 vita
1864 3079 1921 3151 6,
1968 3080 2027 3152 1,
2072 3076 2180 3141 vit.
2213 3073 2328 3139 Pii
2367 3078 2426 3151 6,
2472 3079 2512 3139 9
2558 3082 2622 3138 et
2651 3072 2952 3140 Caesaris
2996 3075 3210 3163 appel-

624 3178 865 3244 latione
896 3178 1166 3244 donavit
1200 3188 1266 3244 et
1307 3181 1597 3243 sevirum
1631 3179 1860 3242 turmis
1901 3178 2199 3263 equitum
2227 3177 2664 3242 Romanorum
2711 3178 2840 3241 iam
2882 3177 3213 3243 consulem

619 3281 1029 3366 designatum
1074 3282 1321 3345 creavit
1378 3291 1443 3346 et
1504 3279 1720 3346 edenti
1765 3301 1913 3344 cum
1959 3278 2224 3362 collegis
2266 3278 2454 3344 ludos
2500 3277 2811 3343 sevirales
2855 3278 3107 3345 adsedit
3149 3290 3213 3345 et

626 3386 697 3450 in
740 3383 1014 3468 collegia
1042 3381 1450 3448 sacerdotum
1485 3382 1751 3448 iubente
1787 3392 2015 3448 senatu
2047 3383 2293 3468 recepit
2323 3383 2460 3446 vita
2489 3385 2547 3459 6,
2578 3385 2655 3461 3,·
2697 3381 2900 3448 frater
2929 3380 3210 3465 Arvalis,

624 3488 936 3571 magister
978 3484 1231 3569 collegii
1279 3508 1335 3549 a.
1386 3487 1508 3552 145
1557 3486 1659 3551 VI
1698 3490 1882 3564 2085,
1927 3484 2193 3569 ΕΡῘιθηι.
2243 3506 2336 3567 θΡ.
2367 3488 2411 3548 8
2437 3506 2512 3567 Ρ.
2543 3488 2692 3551 332.

750 3589 859 3655 Ab
918 3588 1246 3655 Antonino
1306 3588 1648 3672 adoptatus
1703 3593 1761 3653 et
1819 3587 2065 3655 Caesar
2118 3591 2520 3671 nuncupatus
2577 3586 2815 3652 dieitur
2869 3587 2942 3652 in
2995 3607 3211 3653 mona-

623 3693 850 3760 mentis
892 3692 1132 3759 Italiae
1159 3691 1532 3776 plerumque
1574 3691 1664 3759 M.
1711 3689 1940 3756 Aelius
1982 3690 2290 3757 Aurelius
2335 3689 2581 3756 Caesar
2625 3686 2733 3774 (cf.
2780 3694 2930 3755 acta
2956 3688 3210 3773 Arval.)

623 3798 753 3863 sive
795 3796 886 3862 M.
921 3794 1228 3861 Aurelius
1260 3793 1502 3860 Caesar
1546 3794 1663 3880 (sic
1705 3795 1777 3859 in
1817 3795 2091 3860 nummis
2133 3792 2459 3859 commatis
2488 3792 2830 3876 Romam‘),·
2868 3791 2959 3857 M.
2989 3792 3214 3858 Aelius

625 3902 781 3987 imp.
826 3899 960 3966 Titi
1007 3897 1178 3964 Aelii
1222 3897 1566 3982 [Hadriani
1610 3897 1953 3981 An]tonini
1995 3897 2039 3962 f.
2088 3897 2249 3984 Pap.
2280 3894 2586 3961 Aurelius
2619 3894 2881 3978 Ve[rus]
2925 3895 2995 3960 in
3034 3915 3213 3960 sena-

626 4009 728 4070 tus
781 4001 1062 4069 consulto
1123 4001 1197 4067 de
1249 4001 1573 4085 Cyzicenis
1624 4000 1758 4066 III
1804 4000 1874 4066 S.
1926 4005 2107 4068 7060.
2210 3999 2301 4067 M.
2361 3996 2590 4064 Aelius
2650 3995 2957 4063 Aurelius
3003 3998 3214 4064 Verus

626 4106 871 4173 Caesar
898 4107 969 4171 in
1000 4103 1203 4169 titulis
1227 4104 1704 4187 provinciarum
1731 4102 1929 4166 veluti
1956 4102 2048 4167 II
2065 4106 2251 4179 1169,
2298 4102 2430 4166 ΙΙΙ
2445 4102 2633 4178 3007,
2675 4100 2861 4165 VIII
2876 4104 3031 4167 228.
3060 4106 3213 4168 229.

626 4214 840 4275 10592
879 4209 1008 4273 sive
1052 4207 1142 4273 M.
1188 4206 1499 4273 Aurelius
1542 4206 1756 4273 Verus
1801 4204 2045 4271 Caesar
2081 4203 2276 4269 veluti
2313 4204 2446 4269 III
2479 4207 2664 4281 6162,
2724 4201 2799 4268 X
2833 4207 3024 4282 7473,
3069 4203 3214 4268 item

629 4312 890 4378 additur
934 4312 1149 4376 Verus
1194 4311 1266 4375 in
1305 4310 1577 4374 nummis
1601 4309 1851 4394 yraeeis
1895 4309 1979 4390 cf.
2018 4307 2263 4373 Eekkel
2306 4306 2450 4372 VII
2464 4329 2537 4390 Ρ.
2571 4311 2670 4372 69.
2759 4310 2766 4317 ’

757 4413 1001 4482 Consul
1060 4415 1094 4479 I
1154 4435 1300 4479 cum
1350 4412 1682 4479 Antonino
1737 4412 1839 4476 111
1897 4434 1958 4479 a.
2007 4411 2129 4476 140
2173 4411 2364 4493 fasti,
2426 4409 2801 4475 Antoninus
2858 4407 3216 4473 secundum

629 4521 824 4586 etiam
869 4540 1018 4584 eum
1064 4515 1393 4582 consulem
1440 4514 1829 4598 designavit,
1875 4535 2024 4579 cum
2070 4515 2208 4600 ipse
2252 4523 2557 4599 quartum
2605 4513 2823 4577 inierit
2863 4512 3000 4576 vita
3039 4515 3097 4589 6,
3140 4516 3217 4591 4,·

629 4621 855 4689 consul
886 4622 954 4687 H
998 4642 1146 4685 cum
1175 4618 1507 4684 Antonino
1545 4619 1682 4684 1111
1713 4640 1770 4683 a.
1809 4618 1929 4682 145
1961 4617 2141 4699 fasti.
2196 4616 2353 4681 Post
2382 4615 2540 4681 haec
2570 4614 2854 4680 Anniam
2887 4602 3216 4683 Galeriam

628 4726 1005 4792 Faustinam
1053 4722 1244 4787 duxit
1287 4744 1560 4787 uxorem
1596 4722 1731 4786 vita
1774 4725 1833 4798 6,
1880 4725 1920 4785 6
1935 4740 1955 4798 ‚·
1998 4725 2097 4797 16,
2145 4724 2189 4783 7
2229 4741 2289 4784 α.
2335 4722 2488 4797 145,
2535 4722 2607 4783 αέ
2647 4739 2724 4783 ea:
2767 4718 2884 4796 iis,
2929 4738 3090 4800 quae
3144 4715 3217 4780 de

604 4828 968 4895 'tribunicia
999 4830 1313 4911 potestate
1345 4830 1649 4902 constant,
1695 4822 2050 4907 colliyitum
2093 4843 2253 4908 quas
2284 4823 2544 4907 nuptias
2578 4821 2737 4885 Pius
2768 4818 3217 4886 celeberrimas

627 4932 784 4997 fecit
836 4932 945 4995 vit.
1007 4929 1123 4995 Pii
1167 4934 1269 5007 10,
1314 4935 1381 4996 2.
1488 4929 1805 5014 Suscepta
1846 4925 1982 4991 filia
2041 4926 2126 5009 (a.
2173 4930 2294 4991 146
2337 4924 2562 4990 Annia
2615 4922 2891 4989 Galeria
2941 4921 3217 4986 Aurelia

627 5034 979 5118 Faustina)
1017 5032 1371 5100 tribunicia
1401 5041 1721 5120 potestate
1751 5030 2026 5095 donatus
2058 5037 2155 5093 est
2198 5037 2394 5114 atque
2441 5026 2710 5114 imperio
2757 5035 2945 5090 extra
2985 5022 3213 5089 urbem

630 5138 1105 5227 proconsulari,
1169 5136 1389 5203 addito
1441 5138 1581 5202 iure
1627 5135 1891 5222 quintae
1939 5131 2267 5198 relationis
2309 5133 2444 5195 rita
2486 5135 2545 5210 6,
2592 5135 2632 5193 6
2644 5149 2667 5208 ,·
2727 5128 2828 5196 die
2869 5133 2951 5195 10
2977 5126 3218 5192 „mensis
