3859 5992
621 568 977 624 AEMILIVS
1926 563 2005 628 31
2963 574 3328 630 AEMILIVS

630 670 691 675 ..—
708 668 1001 675 -ιὰ-ἣ-
1060 670 1189 674 —LLL
1228 670 1261 674 1-
1310 670 1337 673 --
1354 670 1363 673 Α
1592 670 1629 674 .-
1648 670 1659 674 -
1786 670 1919 675 -07
2315 673 2382 676 Α-
2449 673 2540 677 -0
2567 674 2584 678 ,
2619 672 2696 677 0—ae
2767 672 2854 677 -ι
2909 672 3034 677 --———
3051 674 3062 678 -
3085 672 3142 677 ῆ
3167 672 3330 679 ——w

744 790 856 831 cae
914 767 1426 851 constituendae,
1483 767 1654 832 filius
1700 770 1889 833 Iunia
1936 770 2121 834 Bruti
2185 792 2406 833 sorore
2463 780 2652 834 natus
2715 769 2985 835 Velleius
3025 776 3091 848 2,
3122 775 3224 848 88,
3257 776 3333 849 1,·

743 895 798 935 a.
831 870 959 935 724
986 900 1073 923 =
1102 872 1185 935 30
1232 872 1483 935 iuvenis
1528 870 2138 937 eontra-Caesarem
2186 874 2549 937 coniuravit
2584 894 2659 936 co
2707 872 2992 953 consili0,
3044 883 3116 938 ut
3159 896 3324 957 eum,

745 995 888 1038 cum
951 975 1014 1037 in
1080 973 1307 1038 urbem
1365 975 1772 1057 revertisset,
1834 975 2258 1054 interficeret,
2322 975 2436 1039 sed
2480 1000 2520 1040 a
2563 975 2940 1040 Maecenate
2985 998 3330 1062 oppressus

744 1076 1003 1141 Actium
1049 1078 1282 1141 missus
1328 1076 1546 1162 ibique
1593 1077 1969 1142 interfectus
2016 1088 2113 1142 est
2159 1077 2426 1143 Velleius
2470 1078 2509 1144 l.
2562 1078 2636 1154 l.‚
2687 1079 2825 1142 Lie.
2858 1079 3142 1161 pet-ioeh.
3190 1085 3327 1155 133,

746 1179 1028 1263 Appian.
1087 1179 1144 1243 b.
1200 1200 1250 1244 c.
1293 1184 1333 1242 4
1356 1229 1371 1255 ,
1415 1183 1532 1256 50,
1604 1179 1734 1243 Dio
1789 1185 1904 1255 59,
1954 1186 2051 1244 15.
2158 1179 2665 1246 Coniurationem
2714 1183 2950 1262 paucis
3009 1183 3330 1265 attinqunl

748 1282 986 1347 Seneca
1030 1281 1106 1346 cle
1150 1282 1427 1346 clement.
1472 1288 1529 1358 1,
1577 1286 1634 1357 9,
1683 1287 1754 1357 6,
1820 1283 2035 1350 brevit.
2082 1284 2190 1349 vit.
2237 1288 2296 1359 4,
2339 1288 2399 1359 5,
2449 1282 2625 1347 Suet.
2671 1281 2837 1365 Auy.
2887 1288 2995 1360 19,
3044 1284 3330 1348 Rutilius

747 1384 1119 1451 Nzcmatian.
1160 1390 1217 1460 1,
1262 1388 1404 1448 303.
1456 1422 1534 1432 --
1582 1384 1860 1449 Servilia
1907 1406 2075 1448 uxor
2118 1384 2386 1450 Velleius
2432 1385 2470 1453 l.
2520 1385 2558 1449 l.

870 1486 951 1552 A.
1000 1488 1124 1551 710
1170 1518 1253 1541 =
1297 1489 1381 1552 44
1424 1487 1512 1554 Μ.
1561 1486 1886 1552 Antonius
1947 1487 2142 1551 filiam
2205 1487 2337 1552 filio
2383 1487 2470 1551 M.
2519 1488 2753 1574 Lepidi
2814 1488 3157 1574 despondit
3199 1489 3330 1553 Dio

744 1596 839 1666 44,
872 1594 989 1667 53,·
1032 1613 1092 1654 a.
1128 1589 1250 1653 717
1287 1619 1366 1641 Ξ
1398 1590 1478 1654 37
1515 1589 1837 1653 Antonius
1875 1589 1958 1653 ad
1990 1589 2313 1675 Lepidum
2362 1589 2674 1674 collegam
2708 1589 2983 1656 Calliam
3027 1590 3328 1657 libertum

746 1693 920 1757 misit
976 1691 1058 1757 de
1116 1693 1359 1778 nuptiis
1419 1691 1834 1756 conficiendis
1883 1702 2178 1756 acturum
2223 1694 2507 1776 Appiam
2558 1695 2614 1760 b.
2662 1716 2711 1759 e.
2756 1700 2815 1770 5,
2863 1698 2962 1770 93,
3015 1695 3181 1758 uncle
3225 1717 3331 1759 eas

743 1799 1002 1879 nuptias
1060 1819 1130 1860 re
1192 1816 1344 1860 vera
1411 1798 1729 1877 consectas
1796 1816 1924 1860 esse
1992 1818 2388 1878 nequaquam
2455 1797 2596 1861 lieet
2659 1797 3040 1862 concludere.
3153 1798 3333 1862 Haec·

741 1921 903 1981 quae
954 1900 1204 1964 nomine
1262 1898 1389 1981 filii
1446 1900 1671 1963 omisso
1729 1899 2106 1974 traduntur,
2169 1901 2400 1982 referri
2457 1898 2661 1964 solent
2717 1899 2806 1963 ad
2860 1899 2957 1963 M.
3019 1900 3326 1983 Lepidum

744 2025 804 2067 α.
838 2007 921 2067 30
968 2003 1270 2067 occisum:
1315 2006 1385 2065 at
1428 2001 1568 2067 vide
1614 2002 1684 2065 in·
1714 2006 1929 2084 patre.

619 2107 739 2170 248
784 2115 861 2172 M.
911 2114 1273 2168 AEMILIVS
1320 2113 1656 2183 LEPIDVS,
1706 2103 1931 2168 consul
1984 2128 2040 2168 a.
2074 2106 2112 2169 6
2160 2128 2220 2190 p.
2262 2103 2337 2170 O.
2382 2127 2530 2169 eum
2574 2105 2651 2169 L.
2701 2105 3033 2169 Arrunti0.
3127 2104 3329 2169 Num-

743 2230 878 2272 mus
932 2207 1184 2273 Cotiaei
1241 2206 1568 2290 Phryyiae
1628 2209 1696 2271 iu
1748 2212 1944 2290 parte
2006 2208 2272 2273 adversa
2340 2229 2479 2272 eum
2537 2210 2745 2290 capite
2809 2208 3052 2272 Tiberii
3111 2213 3168 2271 et
3235 2210 3329 2272 in-

740 2312 1084 2393 scriptione
1141 2309 1407 2397 Τιβέριος
1465 2309 1800 2395 Σεβαστός,
1871 2311 1942 2372 in
1991 2314 2185 2392 parte
2253 2330 2478 2374 aversa
2545 2312 2638 2376 ἐπὶ
2699 2308 3019 2396 Μάρκ(ου)
3076 2312 3330 2375 Λεπίδου

744 2413 1096 2496 [Κοτια]έων
1128 2412 1555 2495 Wadslinyton
1576 2411 1648 2475 F
1644 2417 1809 2477 astes
1825 2434 1899 2494 p.
1918 2417 2081 2489 11.2,·
2111 2412 2381 2477 alterum
2409 2413 2754 2496 exemplum
2781 2414 2990 2477 minus
3019 2413 3331 2496 inteyrum

743 2515 933 2600 (quod
972 2536 1139 2580 nune
1177 2520 1269 2580 est
1296 2516 1366 2578 in
1402 2535 1613 2579 nauseo
1642 2513 2070 2598 Berolinensi)
2105 2515 2434 2597 descripsit
2468 2515 2761 2580 Mimmet
2791 2515 2911 2581 IV
2926 2521 3054 2582 271
3094 2536 3156 2579 n.
3189 2520 3325 2581 441.

747 2619 1060 2682 Nummus
1101 2619 1403 2694 novieiuS,
1448 2639 1624 2699 quem
1670 2617 1866 2682 edidit
1894 2617 2211 2700 Boryliesi
2254 2640 2393 2700 opp.
2428 2619 2518 2682 II
2533 2624 2680 2694 327,
2727 2618 2848 2683 leue
2891 2640 3019 2683 non
3051 2619 3331 2701 pmliuel

744 2724 826 2804 ef.
874 2720 1303 2803 Waddinqton
1349 2720 1389 2783 l.
1436 2719 1477 2784 l.
1528 2759 1603 2765 —
1653 2720 2060 2785 Memoratur
2105 2722 2173 2784 in
2218 2720 2399 2784 titulo
2447 2720 2662 2785 liberti
2703 2720 2804 2786 VI
2835 2726 3014 2786 9449.

870 2825 953 2888 In
982 2821 1344 2888 consulatu:
1387 2823 1476 2887 M.
1506 2821 1821 2887 Aemilius
1854 2822 2144 2908 Lepidus
2187 2824 2338 2904 fast.
2377 2823 2533 2905 Cap.
2568 2824 2674 2907 (ef.
2709 2823 2877 2906 Eph.
2911 2846 3002 2906 ep.
3033 2829 3076 2888 3
3106 2847 3179 2906 11·
3205 2824 3328 2897 11),

742 2930 894 3009 fust.
956 2927 1108 2992 min.
1168 2925 1368 2990 XIII
1418 2926 1561 3008 (ubi
1615 2924 1979 3009 Aimilius),
2041 2925 2133 2990 II
2178 2930 2373 3001 3695,
2436 2925 2568 2990 Dio
2627 2926 2756 2991 ind.
2815 2926 2854 2990 l.
2899 2930 2980 2991 55
2994 2947 3014 3004 ,·
3069 2930 3168 3003 55,
3211 2930 3331 2992 25.·

744 3030 832 3097 Μ.
874 3027 1162 3114 Lepidus
1207 3028 1358 3109 fast.
1404 3028 1557 3091 min.
1602 3027 1783 3104 XII,
1849 3028 2244 3095 Monument.
2291 3028 2618 3111 Aneyran.
2665 3036 2723 3104 3,
2772 3034 2876 3104 25,
2928 3029 2977 3092 Ι
3014 3034 3155 3094 752.
3191 3032 3328 3093 753.

746 3137 879 3197 754.
929 3136 1067 3208 755,
1121 3130 1223 3195 VI
1256 3133 1457 3194 14844
1520 3129 1923 3208 Cassiodm·.;
1978 3135 2247 3196 ceterum
2306 3130 2602 3216 Lepidus
2653 3131 2830 3211 fasti.
2875 3168 2962 3177 -—
3008 3130 3329 3196 Aemilius

744 3233 1032 3320 Lepidus
1086 3234 1232 3300 Tae.
1281 3254 1339 3297 a.
1386 3238 1452 3310 2,
1484 3237 1583 3307 48,
1632 3233 1721 3298 Μ.
1768 3233 2060 3320 Lepidus
2105 3233 2232 3300 ibd.
2277 3240 2336 3309 3,
2366 3237 2456 3298 32
2471 3254 2490 3311 ,·
2533 3238 2592 3310 3,
2629 3239 2731 3309 72,
2796 3232 3063 3297 Velleius
3090 3240 3154 3309 2,
3189 3239 3325 3307 114,

743 3337 876 3402 Dio
904 3341 1003 3413 56,
1035 3341 1140 3411 12,
1187 3335 1474 3421 Lepidus
1508 3336 1690 3399 alibi.
1726 3373 1803 3382 —
1838 3336 1941 3401 De
1972 3337 2125 3401 loeis
2163 3338 2221 3401 Τ
2215 3337 2434 3401 aeiteis
2475 3338 2637 3401 inter
2679 3336 2844 3400 laune
2887 3340 2944 3399 et
2978 3336 3106 3400 Μ’.
3141 3336 3329 3419 Lepi-

743 3439 891 3504 dum
921 3438 1374 3504 distribuendis
1411 3437 1553 3503 vide
1596 3440 1667 3503 in
1700 3439 1935 3503 Manio
1976 3459 2039 3503 n.
2072 3444 2223 3505 242.
2294 3439 2542 3504 Nomen
2588 3441 2721 3503 eius
2751 3439 3113 3521 probaliter
3159 3436 3332 3520 apud

748 3542 1042 3607 Velleium
1080 3547 1158 3618 2,
1221 3546 1379 3619 125,
1443 3546 1484 3607 5
1541 3543 1808 3607 inseruit
1869 3541 2171 3624 Madviy,
2231 3542 2344 3606 ubi
2397 3563 2622 3607 nanceii
2682 3541 2915 3607 lacuna
2962 3542 3183 3625 periit.
3249 3578 3325 3585 --

741 3645 830 3709 M.
875 3643 1168 3731 Lepidus
1210 3666 1519 3722 nummus,
1567 3644 1805 3711 titulus

871 3745 1080 3812 Paulli
1126 3747 1171 3813 f.
1218 3747 1293 3811 L.
1340 3769 1403 3810 n.
1449 3747 1600 3828 fast.
1643 3747 1836 3829 Cap„
1890 3748 1967 3814 L.
2013 3747 2057 3811 f.
2104 3746 2237 3811 Dio
2279 3748 2409 3815 incl.
2463 3750 2502 3812 l.
2545 3754 2661 3826 55,·
2702 3748 2876 3831 fillius
2919 3768 3066 3830 erqo
3108 3745 3332 3810 Paulli

742 3850 1010 3914 Aemilii
1035 3849 1268 3932 Lepidi
1292 3850 1422 3914 sive
1450 3851 1525 3913 L.
1560 3849 1828 3914 Aemilii
1856 3848 2082 3913 Paulli
2111 3849 2388 3914 consulis
2429 3871 2487 3913 a.
2525 3854 2650 3915 720
2678 3880 2763 3903 =
2787 3854 2869 3914 34
2900 3853 2958 3913 el
2992 3848 3328 3913 Cormliae

742 3982 826 4006 -τ
853 3951 1166 4037 ‘Lepidus
1209 3951 1403 4016 filius'
1449 3951 1738 4035 Proper-t.
1777 3958 1835 4027 5,
1882 3959 1981 4027 11,
2022 3958 2115 4033 63,
2163 3973 2354 4035 nepos
2390 3954 2467 4016 L.
2507 3952 2774 4017 Aemilii
2799 3951 3026 4017 Paulli
3055 3949 3328 4015 eom-ulis

745 4077 802 4119 (ι.
842 4059 959 4118 704
994 4082 1078 4107 =
1114 4058 1214 4120 50.
1250 4090 1329 4099 —
1376 4053 1620 4119 Consul
1667 4077 1725 4117 a.
1775 4056 1814 4118 6
1863 4076 1922 4138 p.
1972 4053 2043 4118 O.
2084 4056 2260 4135 lusti.
2322 4053 2656 4119 Autumno
2688 4076 2744 4118 a.
2770 4055 2809 4119 8
2845 4075 2994 4118 cum
3024 4052 3328 4117 Tiberius

746 4157 1098 4221 Pannoniis
1143 4156 1431 4221 subactis
1477 4159 1830 4221 exercitum
1878 4159 1942 4221 in
1988 4155 2259 4221 hiberna
2309 4156 2710 4240 reduxisset,
2775 4156 3073 4222 omnibus
3128 4156 3330 4240 copiis

744 4283 783 4322 a
826 4258 1104 4324 Caesare
1154 4260 1518 4345 praefectus
1564 4270 1663 4323 est
1707 4258 1976 4324 Velleius
2010 4265 2075 4336 2,
2121 4264 2257 4337 114,
2305 4264 2379 4338 5,·
2435 4270 2699 4346 propter
2756 4282 2857 4324 res
2904 4270 3129 4323 contra
3171 4256 3329 4322 Dal-

744 4372 948 4426 matas
993 4385 1052 4426 a.
1083 4362 1125 4426 9
1163 4373 1382 4446 gestas
1428 4371 1806 4426 ornamenta
1851 4361 2271 4447 triumphalia
2314 4364 2545 4426 meruit
2587 4362 2673 4426 id.
2723 4367 2861 4438 115,
2907 4361 3039 4425 Dio
3076 4365 3174 4437 56,
3223 4365 3327 4425 12.

748 4464 827 4529 A.
873 4464 952 4529 14
997 4487 1142 4529 cum
1188 4465 1540 4550 Hispanias
1587 4467 2078 4550 exercitumque
2121 4467 2186 4528 in
2234 4466 2311 4529 iis
2356 4487 2504 4529 cum
2548 4466 2817 4549 imperio
2858 4463 3204 4540 obtineret,
3264 4464 3329 4527 in

744 4589 994 4631 summa
1029 4590 1188 4653 pace
1220 4579 1283 4632 et
1312 4569 1529 4653 quiete
1560 4569 1878 4631 continuit
1909 4567 2179 4632 Velleius
2204 4573 2269 4644 2,
2303 4571 2446 4644 125,
2480 4572 2539 4634 5.
2598 4567 2672 4633 Α.
2703 4567 2780 4632 17
2818 4566 2990 4631 bona
3011 4565 3331 4632 Aemiliae

745 4669 971 4734 Musae
1000 4672 1249 4756 accepit
1287 4670 1435 4735 Tae.
1472 4692 1531 4737 a.
1563 4675 1628 4747 2,
1659 4674 1760 4737 48.
1824 4669 1901 4737 A.
1936 4673 2013 4735 21
2065 4669 2409 4755 proconsul
2445 4672 2512 4734 in
2557 4670 2781 4734 Asiam
2813 4670 3046 4734 missus
3085 4670 3231 4734 Tae.
3267 4693 3327 4733 a.

743 4778 799 4848 3,
830 4777 937 4849 32,
983 4793 1290 4837 nummus,
1366 4772 1447 4837 A.
1479 4774 1563 4837 22
1600 4772 1937 4837 basilicam
1970 4772 2198 4853 Paulli,
2233 4774 2480 4836 avitum
2512 4772 2729 4854 decus,
2769 4773 3050 4837 restituit
3088 4772 3233 4837 Tae.
3269 4795 3327 4838 α..

742 4880 800 4951 3,
836 4879 937 4941 72.
1009 4875 1093 4940 Α.
1123 4880 1206 4939 36
1247 4875 1344 4939 vel
1374 4874 1579 4958 paulo
1627 4882 1772 4940 ante
1815 4880 2130 4940 mortuum
2175 4895 2303 4940 esse
2347 4877 2626 4958 sequitur
2657 4898 2733 4940 ex
2771 4875 2918 4940 Tac.
2954 4898 3015 4940 α.
3048 4881 3104 4953 6,
3128 4881 3228 4942 40.
3252 4913 3324 4920 --

743 4976 1019 5043 Aemilia
1062 4977 1316 5064 Lepida
1359 4978 1494 5043 filia
1535 4979 1664 5044 ibd.

630 5078 749 5143 ‘249
791 5090 871 5145 M.
916 5090 1279 5145 AEMILIVS
1324 5090 1643 5145 LEPIDVS
1691 5079 2035 5163 (Aemilius
2079 5081 2371 5168 Lepidus
2411 5082 2584 5149 Suet.
2628 5082 2832 5165 Caliy.
2863 5088 2969 5159 24,
3017 5082 3104 5146 Μ.
3138 5082 3328 5167 Lepi-

743 5181 861 5246 dus
903 5184 1030 5247 sive
1066 5183 1354 5269 Lepidus
1397 5184 1584 5266 alibi)
1631 5185 2003 5269 imperatori
2038 5186 2204 5252 Gaio
2250 5186 2634 5250 commercio
2679 5186 2884 5250 mutui
2933 5185 3138 5270 stupri
3183 5206 3329 5248 con-
