3859 5992
644 565 1026 623 ANTONIVS
1955 559 2040 624 93
2970 569 3349 627 ANTONIVS

773 768 832 843 4,
875 769 974 832 44.
1049 764 1321 829 Praetor
1363 786 1420 829 a.
1468 763 1588 830 741
1635 793 1721 818 =
1769 765 1849 830 13
1892 788 1951 829 a.
1988 762 2062 832 O.
2108 763 2392 849 Augusti
2449 765 2623 830 diem
2678 766 2961 832 natalem
3020 766 3193 834 ludis
3236 770 3356 832 cir-

775 866 1074 932 censibus
1133 876 1198 932 et
1254 867 1600 933 venatione
1658 866 2019 933 celebravit
2076 876 2140 932 et
2184 889 2268 932 ex
2311 877 2573 934 senatus
2617 867 2910 934 consulto
2952 868 3251 954 Augusto
3297 880 3362 936 et

773 970 1180 1036 senatoribus
1226 969 1490 1057 epulum
1535 969 1716 1036 dedit
1757 969 1890 1035 Dio
1917 973 2018 1047 54,
2048 974 2154 1047 26,
2204 970 2473 1036 Velleius
2517 971 2558 1038 l.
2607 971 2648 1035 l.
2731 969 2974 1037 Consul
3018 995 3077 1037 a.
3112 975 3238 1040 744
3272 1003 3358 1028 =

777 1075 857 1139 10
886 1096 942 1141 a.
977 1071 1049 1139 O.
1095 1073 1259 1156 fasti
1302 1073 1668 1156 (consulatu
1713 1083 1980 1138 ornatus
2026 1071 2293 1138 Velleius
2322 1073 2363 1142 l.
2398 1073 2488 1158 l.).
2566 1072 2960 1158 Sacerdotio‚
3005 1078 3358 1161 provinciis

775 1186 1039 1241 ornatus
1085 1175 1389 1255 Velleius;
1431 1175 1778 1263 proconsul
1824 1176 2078 1261 (Asiae)
2123 1176 2370 1259 Ioseph.
2417 1182 2549 1245 ant.
2580 1182 2677 1255 16,
2721 1182 2780 1255 6,
2830 1182 2887 1255 7,
2928 1179 3046 1243 ubi
3086 1177 3361 1257 affertur

774 1279 1049 1362 epistula
1092 1278 1245 1344 Iulli
1274 1278 1544 1344 Antonii
1589 1278 1994 1366 proconsulis
2027 1278 2109 1344 ad
2139 1278 2458 1366 Ephesios
2489 1279 2662 1345 data.
2735 1279 2818 1347 A.
2853 1281 2977 1347 752
3006 1310 3091 1335 =
3120 1284 3160 1347 2
3190 1305 3248 1347 a.
3281 1280 3354 1348 O.

773 1381 1123 1447 sceleribus
1153 1381 1359 1447 Iuliae
1388 1381 1669 1466 Augusti
1712 1381 1884 1448 filiae
1929 1381 2199 1447 detectis
2236 1381 2439 1448 Iullus
2484 1405 2567 1446 ex
2612 1382 2925 1448 adulteris
2970 1385 3124 1466 eius,
3172 1385 3357 1470 quasi

769 1483 853 1549 ad
896 1486 1240 1571 imperium
1284 1484 1697 1571 adspirasset,
1729 1486 1976 1550 Romae
2020 1494 2228 1550 morte
2270 1487 2539 1571 punitus
2570 1495 2668 1550 est
2692 1484 2826 1550 Dio
2853 1489 2954 1562 55,
2983 1491 3081 1563 10,
3116 1485 3359 1552 Seneca

773 1587 846 1651 de
890 1587 1191 1653 brevitate
1233 1589 1403 1652 vitae
1430 1592 1490 1664 4,
1522 1592 1582 1665 6,
1638 1587 1785 1656 Tac.
1819 1608 1880 1652 a.
1913 1592 1970 1664 1,
2010 1593 2117 1665 10;
2159 1592 2219 1665 4,
2252 1593 2333 1652 44
2372 1588 2539 1673 (ipse
2579 1587 2841 1652 sceleris
2869 1611 2911 1652 a
2936 1609 3006 1651 se
3036 1590 3358 1654 commissi

772 1689 942 1756 ultor
972 1690 1206 1755 dicitur
1250 1712 1292 1754 a
1338 1689 1567 1755 Velleio
1609 1711 1761 1755 vera
1801 1689 2013 1754 velare
2040 1689 2369 1772 studente).
2446 1690 2699 1754 Nomen
2728 1690 2912 1755 fastis
2941 1712 3071 1755 non
3101 1713 3357 1757 erasum

771 1803 869 1859 est
903 1793 1051 1864 Tac.
1083 1815 1145 1859 a.
1176 1798 1236 1871 3,
1268 1797 1370 1859 18.
1404 1830 1483 1840 -
1517 1791 1673 1859 Oum
1713 1795 1785 1858 in
1829 1798 1873 1858 t.
1909 1798 1960 1860 2
2003 1792 2255 1858 dicatur
2296 1791 2504 1858 Iullus
2549 1803 2748 1880 pater,
2795 1814 3041 1859 necesse
3084 1800 3175 1859 est
3219 1817 3357 1861 eum

769 1896 973 1979 filium
1002 1898 1428 1980 cognominem
1472 1896 1581 1979 (cf.
1612 1917 1773 1978 quae
1816 1895 2123 1961 adnotavi
2152 1894 2241 1960 ad
2265 1895 2332 1959 A
2357 1895 2469 1976 62)
2514 1895 2830 1973 habuisse,
2878 1896 2953 1961 de
2989 1918 3109 1979 quo
3151 1901 3359 1963 tacent

769 1999 1141 2081 scriptore&
1185 1998 1349 2064 alter
1390 1998 1567 2082 filius
1613 1998 1691 2065 L.
1737 1996 2065 2064 Antonius
2118 1998 2265 2064 Tac.
2299 2020 2359 2066 a.
2390 2003 2449 2075 4,
2481 2002 2564 2063 44
2604 1999 2706 2083 (ex
2734 2000 3156 2082 praenomine
3196 2005 3357 2065 natu

768 2102 1001 2184 minor)
1046 2102 1130 2185 cf.
1176 2102 1376 2184 infra.

893 2204 1171 2270 Heroico
1215 2213 1421 2270 metro
1466 2205 1823 2291 Διομηδείας
1864 2204 2003 2269 XII
2047 2202 2247 2269 libros
2304 2205 2564 2290 scripsit
2624 2204 2955 2287 egregios,
3018 2215 3356 2290 praeterea

773 2316 837 2370 et
877 2329 1073 2392 prosa
1114 2307 1334 2393 aliqua
1376 2307 1552 2371 Acro
1597 2307 1686 2371 ad
1727 2308 1962 2376 Horat.
2011 2328 2205 2375 carm.
2235 2313 2295 2383 4,
2327 2313 2391 2383 2,
2423 2311 2529 2383 23,
2578 2308 2793 2372 eadem
2836 2308 2972 2388 fere
3012 2307 3357 2372 scholiasta

770 2408 956 2492 Oruq.
1048 2409 1221 2475 Vnde
1265 2409 1588 2475 lectionem
1623 2410 1932 2475 traditam
1976 2432 2031 2478 v.
2062 2415 2145 2473 33
2191 2411 2515 2474 ‘concines
2559 2412 2802 2474 maiore
2844 2420 3038 2496 poeta
3080 2409 3350 2495 plectro‘

769 2519 828 2577 et
868 2535 922 2578 v.
955 2519 1035 2579 41
1080 2515 1407 2578 ‘concines
1451 2511 1783 2600 laetosque
1826 2514 1988 2580 dies‘
2033 2512 2330 2578 tuendam
2372 2518 2433 2578 et
2472 2514 2665 2578 rerba
2694 2513 2964 2578 Horatii
3000 2513 3088 2577 ad
3113 2513 3357 2578 Iullum

767 2616 1101 2699 referenda
1159 2637 1289 2684 esse
1333 2622 1488 2700 post
1544 2617 1709 2681 alios
1766 2616 2079 2681 Bucheler
2135 2615 2546 2680 Rheinisches
2604 2616 2902 2681 Museum
2957 2616 3283 2681 XXXXI
3291 2617 3354 2681 V

766 2716 975 2802 (1889)
1018 2740 1093 2802 p.
1125 2723 1253 2784 318
1296 2718 1496 2784 denuo
1541 2718 1971 2783 demonstrare
2025 2717 2287 2782 studuit.
2375 2717 2470 2782 At
2518 2717 2950 2800 praeferenda
3006 2723 3097 2783 est
3154 2740 3355 2784 emen-

768 2821 945 2886 datio
985 2821 1389 2886 Lachmanni
1425 2825 1691 2903 utroque
1748 2820 1881 2885 loco
1931 2822 2275 2885 ‘concinet‘
2324 2821 2712 2885 restituentis
2766 2821 2849 2901 cf.
2897 2819 3230 2904 Kiessliny
3286 2822 3355 2885 in

767 2923 1037 2988 editione
1081 2945 1274 2988 carm.
1323 2924 1411 2989 ad
1455 2924 1494 2992 l.
1543 2924 1582 2988 l.

639 3026 766 3091 638
814 3036 893 3092 M.
938 3035 1351 3109 ANTONIVS,
1409 3026 1582 3092 filius
1632 3026 1723 3092 M.
1770 3026 2042 3092 Antonii
2087 3027 2337 3094 HIviri.
2429 3026 2697 3091 Nummi
2738 3027 2956 3109 capita
2998 3026 3353 3092 exhibentes

773 3130 991 3211 patris
1019 3133 1080 3194 et
1113 3129 1241 3213 filii
1267 3128 1476 3195 Cohen
1506 3129 1589 3194 12
1618 3152 1690 3213 p.
1720 3133 1806 3196 58
1847 3151 1910 3194 n.
1944 3134 2004 3194 1.
2034 3135 2100 3205 2,
2145 3150 2410 3212 quorum
2439 3129 2634 3212 prior
2661 3149 2847 3193 cusas
2878 3151 2938 3194 a.
2970 3128 3242 3197 7191720
3269 3160 3354 3184 =

765 3234 947 3297 35134
1005 3234 1076 3297 nt
1119 3237 1315 3315 parte
1374 3232 1642 3297 adversa
1697 3233 2045 3316 inscrsptus·
2097 3237 2189 3298 est
2244 3232 2333 3299 M.
2381 3231 2705 3297 Antonius
2749 3231 2840 3296 M.
2884 3231 2967 3314 f.;
3027 3232 3353 3298 Antonius

766 3335 1022 3398 iuvenis
1068 3334 1326 3400 Sueten.
1356 3334 1525 3417 Any.
1558 3339 1657 3412 17,
1697 3332 2025 3407 Ἄντυλλος
2066 3334 2459 3400 Plutarchus
2503 3339 2563 3398 et
2603 3334 2756 3399 Dio.

892 3437 984 3502 M.
1030 3436 1297 3502 Antonii
1343 3447 1408 3501 et
1449 3437 1725 3502 Fulviae
1768 3436 1944 3503 filius
1987 3440 2192 3502 maior
2236 3438 2495 3504 Sueton.
2535 3438 2704 3520 Auy.
2736 3443 2836 3503 17.
2866 3442 2965 3514 63,
3012 3436 3349 3502 Plutarch.

764 3540 1002 3605 Anton.
1034 3545 1130 3606 71.
1166 3544 1266 3608 81.
1296 3545 1399 3607 87.
1467 3540 1662 3606 Anno
1696 3541 1820 3606 710
1847 3569 1931 3594 -·--
1964 3542 2048 3606 44
2078 3540 2139 3604 d.
2176 3540 2253 3605 17
2300 3542 2540 3605 mensis
2574 3540 2797 3605 Martii
2844 3550 3032 3626 pater
3078 3561 3351 3625 parvum

766 3641 971 3707 filium
1028 3644 1094 3706 in
1155 3642 1548 3730 Capitolium
1604 3643 1687 3708 ad
1746 3644 2028 3708 Brutum
2087 3654 2152 3708 et
2194 3642 2491 3708 Cassium
2546 3642 2837 3708 obsidem
2894 3645 3072 3707 misit
3130 3641 3353 3706 Cicero

766 3744 1053 3829 Philipp.
1101 3750 1158 3824 1,
1190 3752 1257 3813 2.
1285 3751 1402 3825 31;
1442 3752 1509 3824 2,
1556 3752 1667 3823 90,
1717 3746 1987 3811 Velleius
2027 3751 2094 3823 2,
2132 3750 2236 3823 58,
2277 3751 2350 3823 3,
2406 3744 2557 3811 belli
2617 3745 3005 3810 Mutinensis
3061 3755 3351 3830 tempore

762 3848 1004 3914 Romae
1031 3871 1182 3914 cum
1210 3859 1417 3914 matre
1449 3850 1576 3914 fuit
1600 3848 1819 3914 Cicero
1835 3848 2125 3932 Phaoe'ma.
2143 3855 2248 3926 12,
2268 3853 2326 3926 1,
2362 3858 2586 3934 postea
2615 3858 2861 3935 patrem
2893 3851 2961 3912 in
2976 3847 3348 3934 Aegyptum

766 3961 1025 4016 secutus
1056 3962 1154 4016 est
1185 3951 1521 4016 Plutarch.
1554 3952 1792 4020 Anton.
1823 3957 1930 4017 28.
1963 3956 2065 4016 57.
2146 3952 2228 4016 A.
2263 3951 2385 4016 718
2431 3982 2511 4004 z
2558 3953 2641 4016 36
2687 3950 2760 4019 O.
2808 3950 3051 4016 Caesar.
3080 3951 3348 4015 Tarenti

765 4052 998 4118 Iuliam
1058 4053 1258 4119 filiam
1317 4075 1519 4140 puero
1579 4053 1924 4139 despondit
1970 4054 2227 4119 Sueten.
2273 4054 2439 4137 Aug).
2488 4059 2585 4138 63,
2634 4053 2765 4118 Dio
2807 4058 2908 4131 48,
2943 4058 3060 4131 54;
3103 4058 3202 4127 51,
3250 4055 3346 4116 15.

765 4156 845 4222 Α.
881 4156 1007 4223 724
1037 4188 1120 4211 =
1151 4158 1235 4223 30
1278 4155 1601 4221 Antonius
1645 4166 1792 4242 post
1834 4178 2122 4242 pugnam
2156 4157 2491 4222 Actiacam
2536 4155 3004 4222 Alexandriam
3049 4177 3350 4220 reversus

761 4259 983 4324 Marco
1047 4258 1180 4323 filio
1243 4269 1458 4343 togam
1524 4257 1778 4323 virilem
1846 4258 2027 4325 dedit
2085 4258 2422 4324 Plutarch.
2481 4259 2719 4327 Anton.
2770 4262 2878 4336 71,
2939 4258 3073 4324 Dio
3114 4261 3229 4334 51,
3275 4262 3351 4334 6;

764 4360 1007 4427 Caesar
1049 4384 1268 4427 rerum
1312 4363 1556 4447 potitus
1602 4385 1749 4427 eum
1795 4361 2142 4427 simulacro
2189 4362 2324 4427 divi
2368 4361 2539 4446 Iulii,
2596 4362 2677 4427 ad
2724 4362 2898 4448 quod
2945 4361 3344 4445 confugerat,

764 4463 1103 4551 abreptum
1132 4467 1460 4530 interemit
1485 4465 1741 4531 Sueten.
1765 4466 1934 4548 Auy.
1959 4470 2058 4543 17,
2094 4465 2427 4531 Plutarch.
2446 4465 2682 4531 Anton.
2708 4470 2810 4530 81.
2832 4469 2937 4543 87,
2969 4464 3101 4529 Dio
3123 4470 3221 4539 51,
3248 4468 3346 4529 15.

631 4567 761 4632 639
803 4576 870 4631 L.
916 4577 1330 4652 ANTONIVS,
1389 4567 1539 4633 Iulli
1586 4568 1854 4633 Antonii
1916 4578 1983 4632 et
2034 4568 2381 4634 Marcellae
2438 4568 2643 4642 filius,
2709 4567 3023 4634 Octaviae
3065 4565 3347 4650 Augusti

761 4673 997 4735 sororis
1040 4693 1259 4756 nepos,
1307 4680 1454 4756 post
1499 4682 1771 4736 mortem
1814 4674 2020 4757 patris
2064 4668 2152 4751 (a.
2187 4677 2313 4737 752
2340 4701 2425 4726 =
2468 4678 2517 4738 2
2561 4694 2621 4736 a.
2662 4670 2757 4754 0.)
2802 4670 3149 4736 admodum
3194 4669 3348 4733 adu-

764 4771 1153 4838 lescentulus
1198 4775 1517 4859 sepositus
1547 4773 1629 4838 ab
1661 4775 1966 4859 Augusto
2000 4776 2062 4838 in
2096 4776 2425 4839 civitatem
2453 4774 2940 4855 Massiliensem,
2989 4774 3100 4839 ubi
3131 4775 3346 4859 specie

766 4875 1126 4941 studiorum
1171 4899 1404 4942 nomen
1451 4876 1632 4941 exilii
1677 4888 2042 4960 tegeretur3
2089 4877 2176 4942 ibi
2209 4876 2371 4943 obiit
2405 4901 2462 4943 a.
2495 4880 2576 4942 25
2606 4901 2670 4963 p.
2701 4876 2794 4960 C.,
2845 4875 3102 4942 habitus
3133 4886 3345 4940 tamen

762 4981 1078 5064 supremis
1142 4979 1350 5045 honor
1416 5002 1690 5066 ossaque
1757 4979 2008 5046 tumulo
2075 4980 2499 5046 Octaviorum
2565 4979 2765 5045 inlata
2829 5001 2949 5064 per
3013 4979 3348 5043 decretum

762 5091 1019 5147 senatus
1072 5082 1222 5148 Tac.
1255 5105 1315 5148 a.
1346 5088 1405 5161 4,
1436 5088 1536 5148 44.

656 5219 743 5228 -
806 5183 1106 5251 Valerius
1149 5186 1494 5255 Antonius.
