3859 5992
681 546 1194 602 COSCONIANVS
1973 538 2102 602 474
3033 547 3389 603 COSSINVS

683 745 847 810 1245
893 753 1443 826 COSCONIANVS,
1505 754 1764 809 curator
1827 767 2097 831 operum
2158 743 2568 830 publicorum
2627 766 2775 810 cum
2834 744 3040 828 Nigro
3089 744 3193 809 VI
3221 749 3392 811 1472

807 853 849 912 t.
890 847 1151 911 mutilus
1192 848 1434 912 saeculi
1473 849 1702 913 incerti
1739 851 1971 913 aetatis
2012 848 2485 932 imperatoriae.

683 968 848 1032 1246
893 966 1280 1050 Cosconius,
1339 977 1560 1052 poeta,
1607 989 1803 1053 quem
1861 967 2178 1033 Martialis
2238 966 2620 1053 perstringit
2663 969 2860 1051 epiyr.
2906 973 2972 1047 2,
3024 974 3109 1033 77
3119 989 3140 1047 ;
3183 973 3246 1045 3,
3291 970 3389 1034 69.

812 1069 1060 1134 Nomen
1101 1091 1230 1135 non
1273 1071 1575 1153 ficticium
1612 1070 1878 1138 videtur.

684 1191 845 1255 1247
894 1201 953 1255 C.
990 1199 1397 1255 COSCONIVS
1432 1199 2000 1275 COMMODIANVS,
2034 1190 2428 1257 clarissimus
2459 1215 2624 1280 puer
2654 1192 2758 1258 VI
2773 1197 2937 1258 1393
2955 1222 3040 1246 =
3073 1191 3176 1257 VI
3193 1195 3391 1257 4229.

686 1312 847 1376 1248
893 1311 982 1375 Μ.
1029 1310 1383 1376 Cosconius
1428 1312 1692 1378 Fronto.
1791 1311 2025 1376 Tituli:
2071 1313 2132 1377 ei
2158 1314 2364 1396 positi
2406 1318 2553 1378 sunt
2597 1311 2966 1378 Caralitani
3000 1311 3075 1377 X
3108 1316 3269 1378 7584
3298 1309 3390 1395 (1)

807 1433 970 1478 corr.
1002 1413 1333 1479 Additam.
1367 1437 1439 1497 p.
1471 1417 1595 1480 995
1624 1420 1684 1480 et
1713 1419 1874 1480 7583
1902 1414 1998 1499 (2)
2030 1415 2310 1494 mutilae,
2356 1416 2469 1481 sed
2495 1416 2698 1499 plane
2732 1419 2803 1481 in
2837 1416 3097 1481 eundem
3139 1414 3389 1479 modum

808 1521 1138 1599 conceptus
1181 1522 1367 1599 atque
1412 1523 1456 1582 t.
1502 1524 1540 1583 1
1556 1538 1576 1595 ,·
1620 1519 1752 1600 ipse
1784 1519 2007 1601 pos-uit
2050 1520 2120 1583 in
2158 1519 2335 1584 Foro
2387 1520 2666 1585 Traiani
2704 1519 2779 1585 X
2820 1524 2981 1584 7860
3024 1517 3134 1603 (3).

935 1619 1025 1683 Μ.
1060 1618 1415 1684 Cosconius
1445 1620 1691 1684 Fronto
1726 1623 1767 1684 t.
1801 1625 1854 1687 1.
1885 1626 1962 1699 3;
2007 1669 2023 1685 .
2051 1670 2066 1686 .
2094 1669 2110 1685 .
2136 1670 2153 1685 .
2179 1670 2195 1685 .
2228 1622 2473 1686 Fronto
2505 1627 2549 1686 t.
2579 1627 2645 1688 2.
2672 1659 2759 1668 —-
2787 1623 2878 1687 M.
2909 1621 2974 1704 f.,
3016 1620 3194 1685 tribu
3227 1618 3392 1685 Poll.

808 1726 851 1787 t.
891 1727 947 1786 1.
995 1720 1123 1805 [2].
2744 1746 2751 1753 ·

936 1824 1317 1889 Praefectus
1348 1824 1607 1889 fabrum
1636 1847 1676 1888 a
1707 1824 1972 1889 consule
2013 1823 2324 1908 adlectus,
2372 1826 2741 1912 praefectus
2782 1827 3065 1892 cohortis
3091 1828 3125 1891 Ι
3144 1875 3299 1891 .....
3329 1843 3391 1889 ΙῈ

808 1928 925 2009 (sie
971 1927 1120 2011 leyit
1151 1927 1508 1992 Mommsen
1535 1929 1603 1991 in
1639 1928 1889 2010 ectypis,
1939 1928 2245 1992 incertum
2274 1928 2430 2010 quid
2468 1928 2715 2012 subsit),
2764 1930 3062 1995 tribunus
3110 1928 3390 1993 militum

811 2029 1082 2112 legionis
1122 2030 1156 2095 1
1200 2029 1499 2114 Italicae,
1563 2040 1945 2117 procurator
1990 2029 2436 2114 Augustorum
2495 2031 2579 2096 ad
2630 2032 2910 2117 vectigal
2954 2032 3091 2097 XX
3142 2030 3393 2097 heredi-

811 2133 1039 2196 tatium
1080 2137 1197 2217 per
1226 2133 1506 2198 Pontum
1537 2144 1601 2198 et
1629 2133 2010 2218 Bithyniam
2041 2144 2106 2198 et
2135 2133 2415 2199 Pontum
2446 2134 2992 2200 mediterraneum
3023 2145 3088 2200 et
3116 2133 3391 2220 Paphla·

808 2237 1102 2317 goniam,
1157 2246 1542 2320 procurator
1583 2236 2031 2319 Augustorum
2083 2237 2236 2301 item
2281 2236 2365 2302 ad
2409 2236 2690 2321 vectigal
2744 2238 2881 2303 XX
2936 2237 3392 2302 hereditatium

811 2359 928 2423 per
984 2337 1208 2402 Asiam
1256 2338 1541 2423 'Lyciam
1594 2338 1950 2425 Phrygiam
1995 2338 2327 2404 Galatiam
2388 2340 2632 2405 insulas
2675 2339 3031 2427 Cyclades,
3090 2339 3391 2427 subprae-

810 2441 1020 2505 fectus
1060 2463 1356 2506 annonae
1401 2442 1599 2526 urbis,
1646 2452 2029 2528 procurator
2059 2441 2509 2526 Augustorum
2543 2444 2627 2508 ad
2656 2443 2936 2527 vectigal
2974 2444 3389 2508 ferrariarum

812 2544 1211 2610 Gallicarum
1257 2550 1299 2609 t.
1346 2550 1405 2609 1.
1450 2551 1516 2622 2,
1565 2555 1947 2631 procurator
1988 2545 2440 2630 Augustorum
2485 2557 2549 2610 et
2602 2547 2969 2633 praefectus
3014 2547 3392 2632 provinciae

813 2647 1157 2713 Sardiniae
1202 2653 1245 2713 t.
1291 2654 1350 2714 1.
1395 2654 1461 2716 2.
1508 2655 1570 2714 3.

682 2769 847 2833 1249
893 2778 1298 2833 COSCONIVS
1339 2777 1789 2833 GENTIANVS.
1868 2767 2136 2834 Nummi
2180 2768 2470 2835 Moesiae
2515 2768 2580 2852 a)
2629 2768 2962 2853 Nicopolis
3001 2769 3091 2834 ad
3130 2770 3387 2846 Istrum,

811 2871 871 2953 b)
905 2873 1419 2956 Marcianopolis
1463 2874 1532 2937 in
1576 2872 1844 2937 adversa
1887 2878 2078 2955 eaput
2110 2872 2409 2956 Septimii
2435 2872 2653 2940 Severi
2680 2872 3039 2938 laureatum
3069 2872 3392 2937 exhibent:

809 2980 874 3059 α)
921 2975 982 3059 1)
1027 2976 1170 3041 Αὐτ.
1219 2974 1355 3040 Koa.
1403 2977 1472 3040 Λ.
1521 2976 1665 3041 Σεπ.
1713 2977 2013 3062 Σεουῆρος
2062 2976 2124 3059 l}
2154 2975 2530 3061 Ὑπ(ατικοῦ)
2562 2974 2749 3042 Κοσκ.
2798 2978 2909 3042 Γεν
2934 3026 2951 3041 .
2978 3026 2995 3042 .
3023 3026 3038 3040 .
3065 3002 3175 3041 .ου
3224 2974 3390 3040 Νικο-

807 3083 1060 3143 πολιτῶν
1119 3081 1264 3165 πρὸς
1303 3077 1526 3165 Ἴστρον
1579 3079 1907 3161 cataloyus
1950 3080 2149 3143 musei
2189 3077 2628 3145 Berolinensis
2662 3079 2715 3144 I
2734 3100 2806 3161 p.
2841 3085 2923 3144 73
2966 3101 3029 3147 n.
3059 3083 3119 3155 5,
3163 3082 3233 3164 2)
3280 3078 3389 3142 Αὐ.

809 3178 947 3245 Και.
979 3183 1049 3246 Λ.
1084 3182 1257 3247 Σεπτ.
1293 3183 1558 3268 Σευῆρος
1591 3181 1735 3268 Περ.
1787 3183 1845 3247 R·
1883 3189 1986 3244 ΥΠ.
2014 3188 2216 3245 ΚΟΣΕΙ
2255 3232 2271 3247 .
2297 3231 2313 3247 .
2341 3231 2356 3247 .
2384 3231 2400 3247 .
2449 3181 2899 3267 [Νι]κοπολιτῶν
2942 3185 3088 3268 πρὸς
3110 3179 3389 3267 Ἴσ(τρον)

807 3285 1135 3368 cataloyus
1191 3287 1391 3349 musei
1432 3285 1839 3350 Atheniensis
1870 3307 1944 3368 p.
1976 3290 2097 3351 114
2138 3306 2201 3350 n.
2232 3290 2372 3362 837,
2417 3285 2533 3350 ubi
2572 3291 2762 3369 patet
2802 3285 3250 3350 Postalaecam
3292 3287 3388 3349 in—

807 3390 1210 3471 scriptionem
1256 3409 1512 3454 aversae
1556 3410 1682 3453 non
1725 3394 1888 3455 reete
1931 3388 2169 3473 leyisse.
2261 3388 2323 3469 b)
2372 3390 2436 3472 1)
2482 3388 2731 3454 Eadem
2777 3388 3048 3453 adversa
3091 3393 3275 3470 atque
3321 3390 3390 3453 in

807 3498 928 3568 α2,
964 3493 1031 3556 in
1062 3513 1286 3557 aversa
1318 3493 1387 3557 Υ.
1421 3490 1494 3558 K.
1529 3494 1575 3558 Γ
1579 3500 1841 3559 εντιανοῢ
1870 3491 2437 3578 Μαρκιανοπολιτῶν
2480 3491 2740 3568 Eckhel,
2782 3491 3111 3575 cataloyus
3158 3491 3386 3556 Vindo-

810 3596 1098 3660 bonensis
1127 3596 1179 3661 Ι
1185 3618 1258 3678 p.
1279 3602 1361 3661 54
1387 3617 1449 3660 n.
1473 3600 1513 3662 5
1545 3597 1697 3679 (non
1742 3600 2037 3660 accurate
2080 3595 2225 3659 inde
2258 3596 2553 3661 Miomiet
2574 3594 2799 3678 Suppl.
2823 3596 2916 3660 II
2920 3617 2992 3678 p.
3022 3601 3108 3661 72
3134 3617 3196 3662 n.
3222 3595 3388 3677 104),

806 3696 877 3779 2)
924 3719 1063 3761 eum
1107 3698 1237 3762 alio
1283 3703 1429 3781 typo
1473 3700 1541 3762 in
1591 3717 1835 3774 aversa,
1883 3702 2154 3761 ceterum
2213 3697 2377 3762 idem
2423 3702 2609 3780 atque
2661 3719 2725 3761 n.
2762 3698 2853 3761 ὃ]
2896 3696 3113 3762 Revue
3154 3700 3388 3763 numis-

807 3801 1082 3882 matique
1124 3820 1247 3865 ser.
1279 3801 1414 3865 III
1429 3800 1546 3864 vol.
1579 3801 1629 3865 I
1649 3799 1862 3885 (1883)
1905 3822 1970 3882 p.
2000 3805 2140 3867 375.
2190 3837 2267 3846 —
2314 3799 2461 3866 Alii
2484 3799 2860 3883 plerumque
2895 3799 3062 3865 male
3091 3800 3389 3885 descripti

809 3903 1100 3968 Mionnet
1146 3903 1185 3968 l.
1234 3904 1274 3968 l.
1309 3926 1381 3986 p.
1418 3909 1503 3969 72
1542 3925 1604 3968 n.
1639 3908 1773 3969 103.
1818 3908 2132 3981 105-107,
2170 3925 2241 3986 p.
2277 3909 2357 3969 74
2395 3926 2457 3969 n.
2488 3909 2623 3988 115,
2653 3926 2729 3987 p.
2765 3908 2851 3968 77
2888 3925 2952 3968 n.
2984 3908 3121 3971 136.

935 4007 1220 4090 Legatus
1260 4006 1571 4090 (Augusti
1616 4028 1733 4091 pro
1779 4010 2104 4092 praetore)
2148 4007 2525 4093 provinciae
2566 4007 2855 4072 Moesiae
2898 4005 3223 4071 inferioris
3268 4007 3389 4072 sub

809 4109 1120 4194 Septimio
1169 4110 1412 4175 Severo
1457 4110 1716 4175 nummi.

685 4222 846 4284 1250
892 4221 1229 4305 Cosconia,
1277 4244 1444 4287 uxor
1483 4222 1712 4287 Vrbici
1760 4221 2061 4289 Martial.
2110 4226 2209 4299 11,
2246 4225 2349 4299 55,
2387 4224 2446 4287 5.

683 4336 836 4398 1251
889 4344 951 4400 Ρ.
1001 4344 1341 4399 COSINrVS
1387 4344 1643 4417 FELIX,
1692 4335 1799 4399 vir
1852 4334 2279 4417 clarissimuS‚
2334 4333 2586 4418 legatus
2631 4334 3081 4419 Augustorum
3124 4356 3242 4420 pro
3290 4357 3384 4420 pr.

806 4437 1211 4517 (Pannoniae
1254 4438 1605 4522 inferioris)
1649 4437 1782 4502 III
1811 4442 1981 4503 3421
2027 4441 2068 4504 t.
2105 4436 2545 4519 Aquincensis.

718 4576 804 4583 —-
847 4538 1104 4621 Agilius
1151 4539 1558 4606 Cosmianus.

685 4653 844 4716 1252
892 4651 1182 4736 CosmuS,
1228 4652 1509 4735 Augusti
1557 4674 1783 4716 servus
1829 4652 2088 4719 Sueton.
2129 4652 2399 4736 Anqust.
2436 4656 2539 4719 67.

685 4766 845 4827 1253
893 4763 1202 4847 Cosmus⁷
1267 4764 1606 4851 myropola
1646 4765 1948 4830 Martial.
1993 4770 2052 4843 1,
2098 4768 2201 4841 87,
2246 4769 2331 4843 2,·
2370 4770 2429 4843 3,
2474 4768 2574 4842 55,
2618 4770 2694 4843 1,·
2739 4770 2797 4842 9,
2829 4769 2936 4841 26,
2968 4771 3046 4843 2,·
3088 4769 3187 4842 11,
3217 4770 3280 4843 8,
3313 4769 3386 4844 9;

804 4874 902 4943 11,
937 4874 1039 4945 18,
1073 4874 1148 4947 9;
1177 4876 1279 4945 11,
1311 4875 1411 4947 50,
1446 4875 1486 4935 6
1500 4891 1520 4947 ;
1548 4876 1654 4947 12,
1689 4873 1786 4945 65,
1818 4876 1892 4947 4,·
1921 4875 2020 4947 14,
2050 4874 2150 4947 59,
2181 4875 2230 4936 2
2244 4891 2264 4949 ,·
2293 4874 2391 4947 14,
2423 4875 2564 4947 110,
2596 4875 2669 4948 1;
2703 4874 2802 4947 14,
2832 4874 2970 4946 146,
3003 4875 3061 4947 1,
3099 4868 3382 4935 Juvenal.

805 4976 864 5048 8,
895 4976 995 5048 86,
1046 4974 1128 5054 ef.
1177 4972 1432 5040 Petron.
1480 4976 1709 5056 fraym.
1756 4972 2031 5038 XVIII
2063 4973 2156 5041 ed.
2200 4972 2514 5038 Racheler
2543 4995 2616 5057 p.
2649 4973 2833 5040 111⁸.

686 5077 846 5139 1254
891 5074 1203 5140 Cossinus
1236 5077 1536 5157 (fortasse
1566 5075 1916 5158 Cosinius),
1954 5098 2151 5161 eques
2183 5076 2529 5153 Romanus,
2577 5076 2862 5140 amicitia
2885 5076 3164 5140 Neronis
3196 5086 3384 5140 notus

803 5203 842 5247 a
885 5179 1135 5246 medico
1181 5179 1510 5268 Aegyptio
1556 5181 1982 5268 interemptus
2028 5179 2205 5246 Plin.
2235 5201 2299 5244 n.
2332 5178 2391 5243 h.
2424 5183 2528 5263 29,
2562 5183 2663 5244 93.
