<?xml version="1.0" encoding="UTF-8"?>
<!DOCTYPE html PUBLIC "-//W3C//DTD XHTML 1.0 Transitional//EN"
    "http://www.w3.org/TR/xhtml1/DTD/xhtml1-transitional.dtd">
<html xmlns="http://www.w3.org/1999/xhtml" xml:lang="en" lang="en">
 <head>
  <title>
</title>
<meta http-equiv="Content-Type" content="text/html;charset=utf-8" />
  <meta name='ocr-system' content='tesseract 3.04.00' />
  <meta name='ocr-capabilities' content='ocr_page ocr_carea ocr_par ocr_line ocrx_word'/>
</head>
<body>
  <div class='ocr_page' id='page_1' title='image "./prosopographiai01dessgoog_0470.png"; bbox 0 0 3859 5992; ppageno 0'>
   <div class='ocr_carea' id='block_1_1' title="bbox 671 553 3368 649">
    <p class='ocr_par' dir='ltr' id='par_1_1' title="bbox 671 553 3368 649">
     <span class='ocr_line' id='line_1_1' title="bbox 671 553 3368 649; baseline -0 -32"><span class='ocrx_word' id='word_1_1' title='bbox 671 562 1093 617; x_wconf 74' lang='lat' dir='ltr'><em>coRNEmvs</em></span> <span class='ocrx_word' id='word_1_2' title='bbox 1964 553 2089 616; x_wconf 80' lang='lat'><em>452</em></span> <span class='ocrx_word' id='word_1_3' title='bbox 2950 560 3368 649; x_wconf 55' lang='lat' dir='ltr'><em>Qnscivs</em></span> 
     </span>
    </p>
   </div>
   <div class='ocr_carea' id='block_1_2' title="bbox 2538 641 2947 648">
    <p class='ocr_par' dir='ltr' id='par_1_2' title="bbox 2538 641 2947 648">
     <span class='ocr_line' id='line_1_2' title="bbox 2538 641 2947 648; baseline 0 5344"><span class='ocrx_word' id='word_1_4' title='bbox 2538 641 2947 648; x_wconf 95' lang='lat' dir='ltr'><em> </em></span> 
     </span>
    </p>
   </div>
   <div class='ocr_carea' id='block_1_3' title="bbox 783 756 3373 4126">
    <p class='ocr_par' dir='ltr' id='par_1_3' title="bbox 793 756 3373 1148">
     <span class='ocr_line' id='line_1_3' title="bbox 793 756 3373 840; baseline 0 -16"><span class='ocrx_word' id='word_1_5' title='bbox 793 763 952 824; x_wconf 82' lang='lat' dir='ltr'><em>natu</em></span> <span class='ocrx_word' id='word_1_6' title='bbox 1010 758 1228 823; x_wconf 84' lang='lat' dir='ltr'><em>consul</em></span> <span class='ocrx_word' id='word_1_7' title='bbox 1277 779 1336 823; x_wconf 87' lang='lat' dir='ltr'><em>a.</em></span> <span class='ocrx_word' id='word_1_8' title='bbox 1382 762 1468 822; x_wconf 80' lang='lat'><em>25</em></span> <span class='ocrx_word' id='word_1_9' title='bbox 1520 777 1761 840; x_wconf 85' lang='lat' dir='ltr'><em>semper</em></span> <span class='ocrx_word' id='word_1_10' title='bbox 1819 757 2055 821; x_wconf 79' lang='lat' dir='ltr'><em>dicitur</em></span> <span class='ocrx_word' id='word_1_11' title='bbox 2099 758 2339 823; x_wconf 79' lang='lat' dir='ltr'><em>Cossus</em></span> <span class='ocrx_word' id='word_1_12' title='bbox 2386 756 2727 822; x_wconf 81' lang='lat' dir='ltr'><em>Cornelius</em></span> <span class='ocrx_word' id='word_1_13' title='bbox 2772 757 3118 839; x_wconf 75' lang='lat' dir='ltr'><em>Lentulu8‚</em></span> <span class='ocrx_word' id='word_1_14' title='bbox 3175 761 3373 824; x_wconf 73' lang='lat' dir='ltr'><em>rninor</em></span> 
     </span>
     <span class='ocr_line' id='line_1_4' title="bbox 800 858 3368 943; baseline 0 -17"><span class='ocrx_word' id='word_1_15' title='bbox 800 861 1014 926; x_wconf 86' lang='lat' dir='ltr'><em>consul</em></span> <span class='ocrx_word' id='word_1_16' title='bbox 1044 883 1104 928; x_wconf 86' lang='lat' dir='ltr'><em>a.</em></span> <span class='ocrx_word' id='word_1_17' title='bbox 1136 865 1223 927; x_wconf 80' lang='lat'><em>26</em></span> <span class='ocrx_word' id='word_1_18' title='bbox 1253 860 1373 926; x_wconf 90' lang='lat' dir='ltr'><em>Cn.</em></span> <span class='ocrx_word' id='word_1_19' title='bbox 1418 858 1760 925; x_wconf 87' lang='lat' dir='ltr'><em>Cornelius</em></span> <span class='ocrx_word' id='word_1_20' title='bbox 1794 859 2107 924; x_wconf 80' lang='lat' dir='ltr'><strong>Lentulus</strong></span> <span class='ocrx_word' id='word_1_21' title='bbox 2148 859 2544 941; x_wconf 76' lang='lat' dir='ltr'><em>GaetulicuS‚</em></span> <span class='ocrx_word' id='word_1_22' title='bbox 2598 861 2689 924; x_wconf 86' lang='lat' dir='ltr'><em>ita</em></span> <span class='ocrx_word' id='word_1_23' title='bbox 2723 865 2795 923; x_wconf 87' lang='lat' dir='ltr'><em>ut</em></span> <span class='ocrx_word' id='word_1_24' title='bbox 2825 865 3023 942; x_wconf 85' lang='lat' dir='ltr'><em>pater</em></span> <span class='ocrx_word' id='word_1_25' title='bbox 3050 861 3152 925; x_wconf 75' lang='lat' dir='ltr'><em>illi</em></span> <span class='ocrx_word' id='word_1_26' title='bbox 3180 884 3368 943; x_wconf 87' lang='lat' dir='ltr'><em>prae·</em></span> 
     </span>
     <span class='ocr_line' id='line_1_5' title="bbox 793 962 3367 1046; baseline 0 -16"><span class='ocrx_word' id='word_1_27' title='bbox 793 963 1034 1041; x_wconf 85' lang='lat' dir='ltr'><em>nomen,</em></span> <span class='ocrx_word' id='word_1_28' title='bbox 1085 963 1232 1028; x_wconf 81' lang='lat' dir='ltr'><em>huic</em></span> <span class='ocrx_word' id='word_1_29' title='bbox 1276 983 1612 1046; x_wconf 69' lang='lat' dir='ltr'><em>coynomen</em></span> <span class='ocrx_word' id='word_1_30' title='bbox 1659 964 1931 1027; x_wconf 85' lang='lat' dir='ltr'><em>victoria</em></span> <span class='ocrx_word' id='word_1_31' title='bbox 1976 968 2257 1045; x_wconf 84' lang='lat' dir='ltr'><em>paterna</em></span> <span class='ocrx_word' id='word_1_32' title='bbox 2284 967 2553 1045; x_wconf 83' lang='lat' dir='ltr'><em>partum</em></span> <span class='ocrx_word' id='word_1_33' title='bbox 2594 962 2897 1026; x_wconf 79' lang='lat' dir='ltr'><em>indidisse</em></span> <span class='ocrx_word' id='word_1_34' title='bbox 2940 963 3242 1031; x_wconf 73' lang='lat' dir='ltr'><em>rideatur.</em></span> <span class='ocrx_word' id='word_1_35' title='bbox 3294 1002 3367 1011; x_wconf 95' lang='lat'><em>—-</em></span> 
     </span>
     <span class='ocr_line' id='line_1_6' title="bbox 794 1066 1715 1148; baseline -0.005 -14"><span class='ocrx_word' id='word_1_36' title='bbox 794 1068 1035 1134; x_wconf 83' lang='lat' dir='ltr'>Cossus</span> <span class='ocrx_word' id='word_1_37' title='bbox 1083 1068 1153 1130; x_wconf 89' lang='lat' dir='ltr'><em>in</em></span> <span class='ocrx_word' id='word_1_38' title='bbox 1197 1066 1291 1129; x_wconf 88' lang='lat' dir='ltr'><em>tit.</em></span> <span class='ocrx_word' id='word_1_39' title='bbox 1323 1066 1715 1148; x_wconf 70' lang='lat' dir='ltr'><em>pronepotis,</em></span> 
     </span>
    </p>

    <p class='ocr_par' dir='ltr' id='par_1_4' title="bbox 788 1167 3369 1971">
     <span class='ocr_line' id='line_1_7' title="bbox 919 1167 3368 1252; baseline 0.001 -18"><span class='ocrx_word' id='word_1_40' title='bbox 919 1168 1269 1252; x_wconf 63' lang='lat' dir='ltr'><em>Perper-am</em></span> <span class='ocrx_word' id='word_1_41' title='bbox 1299 1173 1359 1232; x_wconf 90' lang='lat' dir='ltr'><em>et</em></span> <span class='ocrx_word' id='word_1_42' title='bbox 1387 1167 1534 1232; x_wconf 80' lang='lat' dir='ltr'><em>kuic</em></span> <span class='ocrx_word' id='word_1_43' title='bbox 1565 1173 1624 1232; x_wconf 82' lang='lat' dir='ltr'><em>et</em></span> <span class='ocrx_word' id='word_1_44' title='bbox 1660 1168 1797 1251; x_wconf 78' lang='lat' dir='ltr'><em>filio</em></span> <span class='ocrx_word' id='word_1_45' title='bbox 1827 1169 2064 1232; x_wconf 85' lang='lat' dir='ltr'><em>maiori</em></span> <span class='ocrx_word' id='word_1_46' title='bbox 2089 1168 2272 1252; x_wconf 71' lang='lat' dir='ltr'><em>vulyo</em></span> <span class='ocrx_word' id='word_1_47' title='bbox 2304 1189 2695 1250; x_wconf 76' lang='lat' dir='ltr'><em>praenomen</em></span> <span class='ocrx_word' id='word_1_48' title='bbox 2733 1167 2946 1233; x_wconf 79' lang='lat' dir='ltr'><em>Gnaei</em></span> <span class='ocrx_word' id='word_1_49' title='bbox 2975 1170 3173 1232; x_wconf 82' lang='lat' dir='ltr'><em>tribui</em></span> <span class='ocrx_word' id='word_1_50' title='bbox 3201 1171 3368 1236; x_wconf 80' lang='lat' dir='ltr'><em>solet.</em></span> 
     </span>
     <span class='ocr_line' id='line_1_8' title="bbox 796 1269 3368 1353; baseline -0.002 -14"><span class='ocrx_word' id='word_1_51' title='bbox 796 1273 927 1339; x_wconf 75' lang='lat' dir='ltr'><em>Sed</em></span> <span class='ocrx_word' id='word_1_52' title='bbox 968 1277 1028 1337; x_wconf 88' lang='lat' dir='ltr'><em>et</em></span> <span class='ocrx_word' id='word_1_53' title='bbox 1070 1272 1139 1335; x_wconf 90' lang='lat' dir='ltr'><em>in</em></span> <span class='ocrx_word' id='word_1_54' title='bbox 1183 1270 1283 1335; x_wconf 75' lang='lat' dir='ltr'><em>his</em></span> <span class='ocrx_word' id='word_1_55' title='bbox 1326 1275 1385 1333; x_wconf 90' lang='lat' dir='ltr'><em>et</em></span> <span class='ocrx_word' id='word_1_56' title='bbox 1428 1271 1497 1333; x_wconf 86' lang='lat' dir='ltr'><em>in</em></span> <span class='ocrx_word' id='word_1_57' title='bbox 1532 1270 1682 1334; x_wconf 89' lang='lat' dir='ltr'><em>aliis</em></span> <span class='ocrx_word' id='word_1_58' title='bbox 1714 1269 1927 1336; x_wconf 83' lang='lat' dir='ltr'><em>Cossis</em></span> <span class='ocrx_word' id='word_1_59' title='bbox 1962 1272 2264 1347; x_wconf 80' lang='lat' dir='ltr'><em>Lentulis,</em></span> <span class='ocrx_word' id='word_1_60' title='bbox 2313 1271 2387 1335; x_wconf 80' lang='lat' dir='ltr'><em>de</em></span> <span class='ocrx_word' id='word_1_61' title='bbox 2416 1272 2642 1352; x_wconf 79' lang='lat' dir='ltr'><em>quibus</em></span> <span class='ocrx_word' id='word_1_62' title='bbox 2670 1273 2853 1352; x_wconf 79' lang='lat' dir='ltr'><em>infra</em></span> <span class='ocrx_word' id='word_1_63' title='bbox 2884 1292 3156 1353; x_wconf 72' lang='lat' dir='ltr'><em>ayemus,</em></span> <span class='ocrx_word' id='word_1_64' title='bbox 3206 1276 3368 1337; x_wconf 81' lang='lat' dir='ltr'><em>testi-</em></span> 
     </span>
     <span class='ocr_line' id='line_1_9' title="bbox 792 1374 3364 1457; baseline -0 -19"><span class='ocrx_word' id='word_1_65' title='bbox 792 1375 1008 1440; x_wconf 84' lang='lat' dir='ltr'><em>monia</em></span> <span class='ocrx_word' id='word_1_66' title='bbox 1037 1379 1576 1438; x_wconf 75' lang='lat' dir='ltr'><em>monumentorum</em></span> <span class='ocrx_word' id='word_1_67' title='bbox 1597 1375 2095 1457; x_wconf 79' lang='lat' dir='ltr'><em>scriptorumque</em></span> <span class='ocrx_word' id='word_1_68' title='bbox 2120 1374 2207 1438; x_wconf 83' lang='lat' dir='ltr'><em>ad</em></span> <span class='ocrx_word' id='word_1_69' title='bbox 2233 1396 2426 1437; x_wconf 84' lang='lat' dir='ltr'><em>unum</em></span> <span class='ocrx_word' id='word_1_70' title='bbox 2457 1375 2668 1437; x_wconf 83' lang='lat' dir='ltr'><em>omnia</em></span> <span class='ocrx_word' id='word_1_71' title='bbox 2702 1374 3093 1437; x_wconf 85' lang='lat' dir='ltr'><em>consentiunt</em></span> <span class='ocrx_word' id='word_1_72' title='bbox 3119 1374 3364 1439; x_wconf 84' lang='lat' dir='ltr'><em>Cossum</em></span> 
     </span>
     <span class='ocr_line' id='line_1_10' title="bbox 792 1475 3366 1559; baseline -0.001 -17"><span class='ocrx_word' id='word_1_73' title='bbox 792 1479 991 1559; x_wconf 80' lang='lat' dir='ltr'><em>fuisse</em></span> <span class='ocrx_word' id='word_1_74' title='bbox 1025 1482 1171 1541; x_wconf 89' lang='lat' dir='ltr'><em>tunc</em></span> <span class='ocrx_word' id='word_1_75' title='bbox 1201 1478 1498 1558; x_wconf 77' lang='lat' dir='ltr'><em>temporis</em></span> <span class='ocrx_word' id='word_1_76' title='bbox 1531 1498 1939 1558; x_wconf 78' lang='lat' dir='ltr'><em>praenomen.</em></span> <span class='ocrx_word' id='word_1_77' title='bbox 2014 1476 2089 1540; x_wconf 75' lang='lat' dir='ltr'><em>Vt</em></span> <span class='ocrx_word' id='word_1_78' title='bbox 2121 1478 2285 1540; x_wconf 83' lang='lat' dir='ltr'><em>enim</em></span> <span class='ocrx_word' id='word_1_79' title='bbox 2316 1481 2522 1540; x_wconf 82' lang='lat' dir='ltr'><em>aetate</em></span> <span class='ocrx_word' id='word_1_80' title='bbox 2552 1477 2830 1558; x_wconf 72' lang='lat' dir='ltr'><em>Auyusti</em></span> <span class='ocrx_word' id='word_1_81' title='bbox 2855 1475 3126 1540; x_wconf 76' lang='lat' dir='ltr'><em>Aemilii</em></span> <span class='ocrx_word' id='word_1_82' title='bbox 3150 1476 3366 1542; x_wconf 83' lang='lat' dir='ltr'><em>Fabii-</em></span> 
     </span>
     <span class='ocr_line' id='line_1_11' title="bbox 789 1577 3363 1662; baseline 0 -18"><span class='ocrx_word' id='word_1_83' title='bbox 789 1601 907 1662; x_wconf 78' lang='lat' dir='ltr'><em>que</em></span> <span class='ocrx_word' id='word_1_84' title='bbox 937 1580 1355 1662; x_wconf 81' lang='lat' dir='ltr'><em>praenomine</em></span> <span class='ocrx_word' id='word_1_85' title='bbox 1391 1578 1635 1655; x_wconf 87' lang='lat' dir='ltr'><em>Paulli,</em></span> <span class='ocrx_word' id='word_1_86' title='bbox 1683 1578 1923 1644; x_wconf 77' lang='lat' dir='ltr'><em>Scauri</em></span> <span class='ocrx_word' id='word_1_87' title='bbox 1970 1579 2305 1654; x_wconf 76' lang='lat' dir='ltr'><em>Mamerci,</em></span> <span class='ocrx_word' id='word_1_88' title='bbox 2352 1579 2630 1642; x_wconf 78' lang='lat' dir='ltr'><em>Antonii</em></span> <span class='ocrx_word' id='word_1_89' title='bbox 2670 1577 2830 1643; x_wconf 82' lang='lat' dir='ltr'><em>Iulli</em></span> <span class='ocrx_word' id='word_1_90' title='bbox 2869 1579 3227 1656; x_wconf 86' lang='lat' dir='ltr'><em>utebantur,</em></span> <span class='ocrx_word' id='word_1_91' title='bbox 3272 1582 3363 1645; x_wconf 79' lang='lat' dir='ltr'><em>ita</em></span> 
     </span>
     <span class='ocr_line' id='line_1_12' title="bbox 793 1681 3369 1765; baseline 0 -18"><span class='ocrx_word' id='word_1_92' title='bbox 793 1681 1208 1747; x_wconf 84' lang='lat' dir='ltr'><em>Lentulorum·</em></span> <span class='ocrx_word' id='word_1_93' title='bbox 1264 1683 1461 1765; x_wconf 82' lang='lat' dir='ltr'><em>stirps</em></span> <span class='ocrx_word' id='word_1_94' title='bbox 1510 1681 1709 1748; x_wconf 83' lang='lat' dir='ltr'><em>Cossi.</em></span> <span class='ocrx_word' id='word_1_95' title='bbox 1806 1682 1891 1747; x_wconf 85' lang='lat' dir='ltr'><em>Id</em></span> <span class='ocrx_word' id='word_1_96' title='bbox 1931 1682 2098 1764; x_wconf 80' lang='lat' dir='ltr'><em>quod</em></span> <span class='ocrx_word' id='word_1_97' title='bbox 2149 1702 2288 1745; x_wconf 82' lang='lat' dir='ltr'><em>cum</em></span> <span class='ocrx_word' id='word_1_98' title='bbox 2330 1683 2609 1745; x_wconf 80' lang='lat' dir='ltr'><em>virorum</em></span> <span class='ocrx_word' id='word_1_99' title='bbox 2656 1681 2975 1745; x_wconf 83' lang='lat' dir='ltr'><em>doctorum</em></span> <span class='ocrx_word' id='word_1_100' title='bbox 3020 1702 3145 1746; x_wconf 86' lang='lat' dir='ltr'><em>non</em></span> <span class='ocrx_word' id='word_1_101' title='bbox 3174 1687 3369 1764; x_wconf 87' lang='lat' dir='ltr'><em>pauci</em></span> 
     </span>
     <span class='ocr_line' id='line_1_13' title="bbox 790 1784 3367 1869; baseline -0 -18"><span class='ocrx_word' id='word_1_102' title='bbox 790 1807 919 1851; x_wconf 85' lang='lat' dir='ltr'><em>non</em></span> <span class='ocrx_word' id='word_1_103' title='bbox 963 1786 1421 1868; x_wconf 74' lang='lat' dir='ltr'><em>coynovissent,</em></span> <span class='ocrx_word' id='word_1_104' title='bbox 1476 1786 1800 1869; x_wconf 80' lang='lat' dir='ltr'><em>permulta</em></span> <span class='ocrx_word' id='word_1_105' title='bbox 1841 1785 2020 1867; x_wconf 82' lang='lat' dir='ltr'><em>falsa</em></span> <span class='ocrx_word' id='word_1_106' title='bbox 2080 1785 2153 1848; x_wconf 80' lang='lat' dir='ltr'><em>de</em></span> <span class='ocrx_word' id='word_1_107' title='bbox 2199 1784 2484 1848; x_wconf 87' lang='lat' dir='ltr'><em>Lentulis</em></span> <span class='ocrx_word' id='word_1_108' title='bbox 2530 1785 2759 1848; x_wconf 80' lang='lat' dir='ltr'><em>aetatis</em></span> <span class='ocrx_word' id='word_1_109' title='bbox 2812 1785 3260 1865; x_wconf 80' lang='lat' dir='ltr'><em>imperatoriae</em></span> <span class='ocrx_word' id='word_1_110' title='bbox 3304 1788 3367 1850; x_wconf 86' lang='lat' dir='ltr'><em>in</em></span> 
     </span>
     <span class='ocr_line' id='line_1_14' title="bbox 788 1886 3129 1971; baseline 0 -21"><span class='ocrx_word' id='word_1_111' title='bbox 788 1886 1060 1951; x_wconf 80' lang='lat' dir='ltr'><em>medium</em></span> <span class='ocrx_word' id='word_1_112' title='bbox 1102 1887 1368 1969; x_wconf 87' lang='lat' dir='ltr'><em>prolata</em></span> <span class='ocrx_word' id='word_1_113' title='bbox 1408 1893 1572 1954; x_wconf 86' lang='lat' dir='ltr'><em>sunt.</em></span> <span class='ocrx_word' id='word_1_114' title='bbox 1665 1888 1796 1953; x_wconf 83' lang='lat' dir='ltr'><em>Sed</em></span> <span class='ocrx_word' id='word_1_115' title='bbox 1836 1909 1911 1952; x_wconf 87' lang='lat' dir='ltr'><em>ea</em></span> <span class='ocrx_word' id='word_1_116' title='bbox 1951 1887 2322 1971; x_wconf 82' lang='lat' dir='ltr'><em>plerumque</em></span> <span class='ocrx_word' id='word_1_117' title='bbox 2363 1886 2613 1952; x_wconf 78' lang='lat' dir='ltr'><em>silentio</em></span> <span class='ocrx_word' id='word_1_118' title='bbox 2657 1886 2760 1950; x_wconf 82' lang='lat' dir='ltr'><em>hic</em></span> <span class='ocrx_word' id='word_1_119' title='bbox 2792 1888 3129 1967; x_wconf 83' lang='lat' dir='ltr'><em>praeterii.</em></span> 
     </span>
    </p>

    <p class='ocr_par' dir='ltr' id='par_1_5' title="bbox 783 1988 3368 3903">
     <span class='ocr_line' id='line_1_15' title="bbox 919 1988 3367 2067; baseline -0 -12"><span class='ocrx_word' id='word_1_120' title='bbox 919 1988 1040 2055; x_wconf 88' lang='lat' dir='ltr'><em>Cn.</em></span> <span class='ocrx_word' id='word_1_121' title='bbox 1071 1988 1113 2054; x_wconf 86' lang='lat' dir='ltr'><em>f.</em></span> <span class='ocrx_word' id='word_1_122' title='bbox 1144 2011 1378 2058; x_wconf 84' lang='lat' dir='ltr'><em>numm.</em></span> <span class='ocrx_word' id='word_1_123' title='bbox 1412 2012 1472 2067; x_wconf 88' lang='lat' dir='ltr'><em>a,</em></span> <span class='ocrx_word' id='word_1_124' title='bbox 1518 1990 1651 2055; x_wconf 84' lang='lat' dir='ltr'><em>Dio</em></span> <span class='ocrx_word' id='word_1_125' title='bbox 1689 1990 1820 2055; x_wconf 79' lang='lat' dir='ltr'><em>incl.</em></span> <span class='ocrx_word' id='word_1_126' title='bbox 1855 1990 1894 2054; x_wconf 83' lang='lat' dir='ltr'><em>l.</em></span> <span class='ocrx_word' id='word_1_127' title='bbox 1923 1996 2023 2056; x_wconf 87' lang='grc'><em>55.</em></span> <span class='ocrx_word' id='word_1_128' title='bbox 2100 1989 2316 2053; x_wconf 76' lang='lat' dir='ltr'><em>Filius</em></span> <span class='ocrx_word' id='word_1_129' title='bbox 2357 1989 2603 2053; x_wconf 78' lang='lat' dir='ltr'><em>videtur</em></span> <span class='ocrx_word' id='word_1_130' title='bbox 2642 1988 2757 2053; x_wconf 84' lang='lat' dir='ltr'><em>Cn.</em></span> <span class='ocrx_word' id='word_1_131' title='bbox 2801 1988 3082 2053; x_wconf 82' lang='lat' dir='ltr'><em>Cornelii</em></span> <span class='ocrx_word' id='word_1_132' title='bbox 3118 1989 3367 2054; x_wconf 79' lang='lat' dir='ltr'><em>Lentuli</em></span> 
     </span>
     <span class='ocr_line' id='line_1_16' title="bbox 791 2091 3365 2175; baseline 0.001 -20"><span class='ocrx_word' id='word_1_133' title='bbox 791 2091 1066 2156; x_wconf 87' lang='lat' dir='ltr'><em>consulis</em></span> <span class='ocrx_word' id='word_1_134' title='bbox 1096 2113 1155 2159; x_wconf 88' lang='lat' dir='ltr'><em>a.</em></span> <span class='ocrx_word' id='word_1_135' title='bbox 1191 2096 1311 2157; x_wconf 82' lang='lat'><em>736</em></span> <span class='ocrx_word' id='word_1_136' title='bbox 1337 2121 1423 2146; x_wconf 92' lang='lat'>=</span> <span class='ocrx_word' id='word_1_137' title='bbox 1452 2097 1535 2157; x_wconf 82' lang='lat'><em>18</em></span> <span class='ocrx_word' id='word_1_138' title='bbox 1566 2116 1626 2157; x_wconf 86' lang='lat' dir='ltr'><em>a.</em></span> <span class='ocrx_word' id='word_1_139' title='bbox 1663 2092 1756 2169; x_wconf 69' lang='lat' dir='ltr'><em>G„</em></span> <span class='ocrx_word' id='word_1_140' title='bbox 1788 2114 2169 2174; x_wconf 80' lang='lat' dir='ltr'><em>quamquam</em></span> <span class='ocrx_word' id='word_1_141' title='bbox 2199 2094 2258 2155; x_wconf 87' lang='lat' dir='ltr'><em>si</em></span> <span class='ocrx_word' id='word_1_142' title='bbox 2285 2092 2400 2156; x_wconf 82' lang='lat' dir='ltr'><em>hoc</em></span> <span class='ocrx_word' id='word_1_143' title='bbox 2426 2093 2737 2174; x_wconf 87' lang='lat' dir='ltr'><em>ponimus,</em></span> <span class='ocrx_word' id='word_1_144' title='bbox 2769 2093 3048 2173; x_wconf 82' lang='lat' dir='ltr'><em>spatium</em></span> <span class='ocrx_word' id='word_1_145' title='bbox 3080 2096 3365 2175; x_wconf 63' lang='lat' dir='ltr'><em>tenmom‘s</em></span> 
     </span>
     <span class='ocr_line' id='line_1_17' title="bbox 789 2193 3367 2279; baseline 0.001 -21"><span class='ocrx_word' id='word_1_146' title='bbox 789 2196 956 2259; x_wconf 85' lang='lat' dir='ltr'><em>inter</em></span> <span class='ocrx_word' id='word_1_147' title='bbox 1000 2214 1202 2262; x_wconf 78' lang='lat' dir='ltr'><em>annos</em></span> <span class='ocrx_word' id='word_1_148' title='bbox 1245 2195 1682 2261; x_wconf 79' lang='lat' dir='ltr'><em>consulatuum</em></span> <span class='ocrx_word' id='word_1_149' title='bbox 1726 2198 1949 2279; x_wconf 86' lang='lat' dir='ltr'><em>patris</em></span> <span class='ocrx_word' id='word_1_150' title='bbox 1991 2196 2232 2279; x_wconf 79' lang='lat' dir='ltr'><em>filiique</em></span> <span class='ocrx_word' id='word_1_151' title='bbox 2278 2195 2481 2277; x_wconf 86' lang='lat' dir='ltr'><em>paulo</em></span> <span class='ocrx_word' id='word_1_152' title='bbox 2542 2216 2599 2257; x_wconf 87' lang='lat' dir='ltr'><em>m</em></span> <span class='ocrx_word' id='word_1_153' title='bbox 2608 2196 2748 2257; x_wconf 83' lang='lat' dir='ltr'><em>inus</em></span> <span class='ocrx_word' id='word_1_154' title='bbox 2792 2214 2982 2275; x_wconf 81' lang='lat' dir='ltr'><em>quam</em></span> <span class='ocrx_word' id='word_1_155' title='bbox 3035 2193 3191 2259; x_wconf 89' lang='lat' dir='ltr'><em>solet</em></span> <span class='ocrx_word' id='word_1_156' title='bbox 3244 2216 3367 2260; x_wconf 86' lang='lat' dir='ltr'><em>esse</em></span> 
     </span>
     <span class='ocr_line' id='line_1_18' title="bbox 792 2296 3363 2381; baseline 0.001 -20"><span class='ocrx_word' id='word_1_157' title='bbox 792 2297 1090 2380; x_wconf 73' lang='lat' dir='ltr'><em>efficitur.</em></span> <span class='ocrx_word' id='word_1_158' title='bbox 1123 2335 1205 2344; x_wconf 93' lang='lat'><em>—-</em></span> <span class='ocrx_word' id='word_1_159' title='bbox 1251 2299 1461 2364; x_wconf 84' lang='lat' dir='ltr'><strong>IIIvir</strong></span> <span class='ocrx_word' id='word_1_160' title='bbox 1505 2297 1845 2363; x_wconf 86' lang='lat' dir='ltr'><em>monetalis</em></span> <span class='ocrx_word' id='word_1_161' title='bbox 1892 2297 2013 2363; x_wconf 88' lang='lat' dir='ltr'><em>sub</em></span> <span class='ocrx_word' id='word_1_162' title='bbox 2049 2299 2346 2380; x_wconf 84' lang='lat' dir='ltr'><em>Augusto</em></span> <span class='ocrx_word' id='word_1_163' title='bbox 2379 2300 2577 2381; x_wconf 80' lang='lat' dir='ltr'><em>(circa</em></span> <span class='ocrx_word' id='word_1_164' title='bbox 2617 2320 2674 2360; x_wconf 90' lang='lat' dir='ltr'><em>a.</em></span> <span class='ocrx_word' id='word_1_165' title='bbox 2707 2301 2826 2361; x_wconf 87' lang='lat'><em>736</em></span> <span class='ocrx_word' id='word_1_166' title='bbox 2858 2326 2937 2348; x_wconf 90' lang='lat'><em>·=</em></span> <span class='ocrx_word' id='word_1_167' title='bbox 2970 2296 3072 2377; x_wconf 93' lang='grc'><em>18)</em></span> <span class='ocrx_word' id='word_1_168' title='bbox 3114 2300 3363 2365; x_wconf 84' lang='lat' dir='ltr'><em>nummi.</em></span> 
     </span>
     <span class='ocr_line' id='line_1_19' title="bbox 791 2397 3368 2485; baseline 0 -20"><span class='ocrx_word' id='word_1_169' title='bbox 791 2398 1035 2465; x_wconf 89' lang='lat' dir='ltr'><em>Consul</em></span> <span class='ocrx_word' id='word_1_170' title='bbox 1080 2423 1138 2465; x_wconf 89' lang='lat' dir='ltr'><em>a.</em></span> <span class='ocrx_word' id='word_1_171' title='bbox 1173 2402 1297 2467; x_wconf 78' lang='lat'><em>753</em></span> <span class='ocrx_word' id='word_1_172' title='bbox 1344 2432 1426 2454; x_wconf 84' lang='lat'>=</span> <span class='ocrx_word' id='word_1_173' title='bbox 1476 2407 1500 2466; x_wconf 88' lang='lat'>1</span> <span class='ocrx_word' id='word_1_174' title='bbox 1543 2424 1601 2465; x_wconf 88' lang='lat' dir='ltr'><em>a.</em></span> <span class='ocrx_word' id='word_1_175' title='bbox 1634 2399 1708 2468; x_wconf 92' lang='lat' dir='ltr'><em>C.</em></span> <span class='ocrx_word' id='word_1_176' title='bbox 1754 2402 1935 2483; x_wconf 82' lang='lat' dir='ltr'><em>fasti.</em></span> <span class='ocrx_word' id='word_1_177' title='bbox 2017 2401 2209 2465; x_wconf 84' lang='lat' dir='ltr'><em>Anno</em></span> <span class='ocrx_word' id='word_1_178' title='bbox 2258 2402 2381 2465; x_wconf 82' lang='lat'><em>759</em></span> <span class='ocrx_word' id='word_1_179' title='bbox 2415 2431 2496 2454; x_wconf 87' lang='lat'><strong><em>=</em></strong></span> <span class='ocrx_word' id='word_1_180' title='bbox 2529 2404 2568 2465; x_wconf 74' lang='lat'>6</span> <span class='ocrx_word' id='word_1_181' title='bbox 2614 2423 2672 2485; x_wconf 89' lang='lat' dir='ltr'><em>p.</em></span> <span class='ocrx_word' id='word_1_182' title='bbox 2722 2399 2797 2465; x_wconf 90' lang='lat' dir='ltr'><em>C.</em></span> <span class='ocrx_word' id='word_1_183' title='bbox 2843 2397 3263 2464; x_wconf 85' lang='lat' dir='ltr'><em>Musulamios</em></span> <span class='ocrx_word' id='word_1_184' title='bbox 3307 2414 3368 2465; x_wconf 88' lang='lat' dir='ltr'><em>et</em></span> 
     </span>
     <span class='ocr_line' id='line_1_20' title="bbox 793 2501 3366 2590; baseline -0 -21"><span class='ocrx_word' id='word_1_185' title='bbox 793 2501 1104 2569; x_wconf 86' lang='lat' dir='ltr'><em>Gaetulos</em></span> <span class='ocrx_word' id='word_1_186' title='bbox 1133 2504 1290 2568; x_wconf 86' lang='lat' dir='ltr'><em>vicit</em></span> <span class='ocrx_word' id='word_1_187' title='bbox 1324 2505 1687 2589; x_wconf 87' lang='lat' dir='ltr'><em>meruitque</em></span> <span class='ocrx_word' id='word_1_188' title='bbox 1719 2516 2099 2569; x_wconf 80' lang='lat' dir='ltr'><em>ornamenta</em></span> <span class='ocrx_word' id='word_1_189' title='bbox 2130 2503 2547 2590; x_wconf 76' lang='lat' dir='ltr'><em>triumphalia</em></span> <span class='ocrx_word' id='word_1_190' title='bbox 2578 2502 2842 2568; x_wconf 76' lang='lat' dir='ltr'><em>Velleius</em></span> <span class='ocrx_word' id='word_1_191' title='bbox 2870 2507 2934 2579; x_wconf 79' lang='lat'><em>2,</em></span> <span class='ocrx_word' id='word_1_192' title='bbox 2960 2507 3096 2578; x_wconf 88' lang='grc'><em>116,</em></span> <span class='ocrx_word' id='word_1_193' title='bbox 3128 2503 3366 2568; x_wconf 80' lang='lat' dir='ltr'><em>Florus</em></span> 
     </span>
     <span class='ocr_line' id='line_1_21' title="bbox 789 2604 3364 2691; baseline 0 -21"><span class='ocrx_word' id='word_1_194' title='bbox 789 2610 856 2681; x_wconf 79' lang='lat'><em>2,</em></span> <span class='ocrx_word' id='word_1_195' title='bbox 895 2610 996 2682; x_wconf 84' lang='lat'><em>31,</em></span> <span class='ocrx_word' id='word_1_196' title='bbox 1046 2604 1308 2672; x_wconf 81' lang='lat' dir='ltr'><em>Orosius</em></span> <span class='ocrx_word' id='word_1_197' title='bbox 1352 2614 1410 2683; x_wconf 87' lang='lat'><em>6,</em></span> <span class='ocrx_word' id='word_1_198' title='bbox 1459 2613 1565 2684; x_wconf 76' lang='lat'><em>21,</em></span> <span class='ocrx_word' id='word_1_199' title='bbox 1614 2606 1747 2672; x_wconf 77' lang='lat' dir='ltr'><em>Dio</em></span> <span class='ocrx_word' id='word_1_200' title='bbox 1788 2613 1887 2683; x_wconf 86' lang='lat'><em>55,</em></span> <span class='ocrx_word' id='word_1_201' title='bbox 1932 2612 2042 2673; x_wconf 78' lang='grc'><em>28.</em></span> <span class='ocrx_word' id='word_1_202' title='bbox 2106 2607 2409 2672; x_wconf 87' lang='lat' dir='ltr'><em>Tiberius</em></span> <span class='ocrx_word' id='word_1_203' title='bbox 2451 2607 2724 2672; x_wconf 87' lang='lat' dir='ltr'><em>Cossum</em></span> <span class='ocrx_word' id='word_1_204' title='bbox 2771 2606 2927 2671; x_wconf 85' lang='lat' dir='ltr'><em>fecit</em></span> <span class='ocrx_word' id='word_1_205' title='bbox 2970 2605 3150 2671; x_wconf 88' lang='lat' dir='ltr'><em>urbis</em></span> <span class='ocrx_word' id='word_1_206' title='bbox 3193 2629 3364 2691; x_wconf 87' lang='lat' dir='ltr'><em>prae·</em></span> 
     </span>
     <span class='ocr_line' id='line_1_22' title="bbox 793 2708 3367 2793; baseline -0.001 -21"><span class='ocrx_word' id='word_1_207' title='bbox 793 2708 1036 2773; x_wconf 85' lang='lat' dir='ltr'><em>fectum</em></span> <span class='ocrx_word' id='word_1_208' title='bbox 1085 2708 1348 2791; x_wconf 84' lang='lat' dir='ltr'><em>(scilicet</em></span> <span class='ocrx_word' id='word_1_209' title='bbox 1393 2715 1547 2793; x_wconf 90' lang='lat' dir='ltr'><em>post</em></span> <span class='ocrx_word' id='word_1_210' title='bbox 1590 2712 1669 2774; x_wconf 92' lang='lat' dir='ltr'><em>L.</em></span> <span class='ocrx_word' id='word_1_211' title='bbox 1720 2709 1981 2774; x_wconf 84' lang='lat' dir='ltr'><em>Aelium</em></span> <span class='ocrx_word' id='word_1_212' title='bbox 2033 2711 2330 2773; x_wconf 84' lang='lat' dir='ltr'><em>Lamiam</em></span> <span class='ocrx_word' id='word_1_213' title='bbox 2388 2714 2701 2774; x_wconf 85' lang='lat' dir='ltr'><em>mortuum</em></span> <span class='ocrx_word' id='word_1_214' title='bbox 2763 2730 2931 2774; x_wconf 86' lang='lat' dir='ltr'><em>anno</em></span> <span class='ocrx_word' id='word_1_215' title='bbox 2985 2713 3068 2773; x_wconf 84' lang='lat'><em>33</em></span> <span class='ocrx_word' id='word_1_216' title='bbox 3120 2715 3367 2773; x_wconf 72' lang='lat' dir='ltr'><em>exeunte</em></span> 
     </span>
     <span class='ocr_line' id='line_1_23' title="bbox 790 2809 3365 2896; baseline 0.001 -22"><span class='ocrx_word' id='word_1_217' title='bbox 790 2809 930 2876; x_wconf 81' lang='lat' dir='ltr'><em>vide</em></span> <span class='ocrx_word' id='word_1_218' title='bbox 973 2831 1173 2894; x_wconf 82' lang='lat' dir='ltr'><em>supra</em></span> <span class='ocrx_word' id='word_1_219' title='bbox 1215 2812 1280 2875; x_wconf 79' lang='lat' dir='ltr'><strong><em>A</em></strong></span> <span class='ocrx_word' id='word_1_220' title='bbox 1324 2813 1490 2894; x_wconf 80' lang='grc'><em>149),</em></span> <span class='ocrx_word' id='word_1_221' title='bbox 1539 2815 1755 2878; x_wconf 84' lang='lat' dir='ltr'><em>virum</em></span> <span class='ocrx_word' id='word_1_222' title='bbox 1815 2836 2086 2896; x_wconf 82' lang='lat' dir='ltr'><em>gravem</em></span> <span class='ocrx_word' id='word_1_223' title='bbox 2137 2812 2557 2893; x_wconf 79' lang='lat' dir='ltr'><em>moderatum,</em></span> <span class='ocrx_word' id='word_1_224' title='bbox 2606 2811 2719 2876; x_wconf 89' lang='lat' dir='ltr'><em>sed</em></span> <span class='ocrx_word' id='word_1_225' title='bbox 2772 2833 3054 2876; x_wconf 88' lang='lat' dir='ltr'><em>mersum</em></span> <span class='ocrx_word' id='word_1_226' title='bbox 3108 2822 3173 2876; x_wconf 89' lang='lat' dir='ltr'><em>et</em></span> <span class='ocrx_word' id='word_1_227' title='bbox 3221 2814 3365 2876; x_wconf 88' lang='lat' dir='ltr'><em>vino</em></span> 
     </span>
     <span class='ocr_line' id='line_1_24' title="bbox 789 2912 3362 3002; baseline 0.001 -26"><span class='ocrx_word' id='word_1_228' title='bbox 789 2912 1177 2997; x_wconf 80' lang='lat' dir='ltr'><em>madentem,</em></span> <span class='ocrx_word' id='word_1_229' title='bbox 1226 2914 1390 2979; x_wconf 88' lang='lat' dir='ltr'><em>adeo</em></span> <span class='ocrx_word' id='word_1_230' title='bbox 1424 2926 1496 2979; x_wconf 90' lang='lat' dir='ltr'><em>ut</em></span> <span class='ocrx_word' id='word_1_231' title='bbox 1528 2938 1608 2980; x_wconf 82' lang='lat' dir='ltr'><em>ex</em></span> <span class='ocrx_word' id='word_1_232' title='bbox 1654 2928 1881 2981; x_wconf 88' lang='lat' dir='ltr'><em>senatu</em></span> <span class='ocrx_word' id='word_1_233' title='bbox 1926 2915 2295 3002; x_wconf 81' lang='lat' dir='ltr'><em>aliquande,</em></span> <span class='ocrx_word' id='word_1_234' title='bbox 2344 2917 2411 2979; x_wconf 91' lang='lat' dir='ltr'><em>in</em></span> <span class='ocrx_word' id='word_1_235' title='bbox 2443 2936 2637 3001; x_wconf 91' lang='lat' dir='ltr'><em>quem</em></span> <span class='ocrx_word' id='word_1_236' title='bbox 2684 2938 2718 2979; x_wconf 89' lang='lat' dir='ltr'><em>e</em></span> <span class='ocrx_word' id='word_1_237' title='bbox 2757 2916 3058 2979; x_wconf 85' lang='lat' dir='ltr'><em>convivio</em></span> <span class='ocrx_word' id='word_1_238' title='bbox 3083 2926 3362 2993; x_wconf 84' lang='lat' dir='ltr'><em>venerat,</em></span> 
     </span>
     <span class='ocr_line' id='line_1_25' title="bbox 790 3016 3365 3101; baseline -0 -20"><span class='ocrx_word' id='word_1_239' title='bbox 790 3038 1139 3101; x_wconf 89' lang='lat' dir='ltr'><em>oppressus</em></span> <span class='ocrx_word' id='word_1_240' title='bbox 1193 3018 1597 3084; x_wconf 81' lang='lat' dir='ltr'><em>inexcitabili</em></span> <span class='ocrx_word' id='word_1_241' title='bbox 1646 3041 1868 3084; x_wconf 84' lang='lat' dir='ltr'><em>somno</em></span> <span class='ocrx_word' id='word_1_242' title='bbox 1923 3018 2292 3099; x_wconf 62' lang='lat' dir='ltr'><em>tollet-etum</em></span> <span class='ocrx_word' id='word_1_243' title='bbox 2347 3018 2496 3083; x_wconf 89' lang='lat' dir='ltr'><em>huic</em></span> <span class='ocrx_word' id='word_1_244' title='bbox 2552 3028 2761 3082; x_wconf 87' lang='lat' dir='ltr'><em>tamen</em></span> <span class='ocrx_word' id='word_1_245' title='bbox 2823 3018 3027 3082; x_wconf 87' lang='lat' dir='ltr'><em>multa</em></span> <span class='ocrx_word' id='word_1_246' title='bbox 3070 3016 3365 3082; x_wconf 83' lang='lat' dir='ltr'><em>Tiberius</em></span> 
     </span>
     <span class='ocr_line' id='line_1_26' title="bbox 783 3120 3364 3208; baseline 0 -26"><span class='ocrx_word' id='word_1_247' title='bbox 783 3140 980 3183; x_wconf 86' lang='lat' dir='ltr'><em>manu</em></span> <span class='ocrx_word' id='word_1_248' title='bbox 1027 3142 1147 3184; x_wconf 82' lang='lat' dir='ltr'><em>sua</em></span> <span class='ocrx_word' id='word_1_249' title='bbox 1188 3122 1448 3206; x_wconf 84' lang='lat' dir='ltr'><em>scripsit</em></span> <span class='ocrx_word' id='word_1_250' title='bbox 1492 3144 1702 3208; x_wconf 82' lang='lat' dir='ltr'><em>neque</em></span> <span class='ocrx_word' id='word_1_251' title='bbox 1744 3122 1944 3188; x_wconf 84' lang='lat' dir='ltr'><em>Cosso</em></span> <span class='ocrx_word' id='word_1_252' title='bbox 1988 3134 2104 3187; x_wconf 85' lang='lat' dir='ltr'><em>aut</em></span> <span class='ocrx_word' id='word_1_253' title='bbox 2149 3124 2475 3208; x_wconf 85' lang='lat' dir='ltr'><em>privatum</em></span> <span class='ocrx_word' id='word_1_254' title='bbox 2519 3132 2837 3186; x_wconf 88' lang='lat' dir='ltr'><em>secretum</em></span> <span class='ocrx_word' id='word_1_255' title='bbox 2884 3130 2998 3186; x_wconf 85' lang='lat' dir='ltr'><em>aut</em></span> <span class='ocrx_word' id='word_1_256' title='bbox 3042 3120 3364 3207; x_wconf 88' lang='lat' dir='ltr'><em>publicum</em></span> 
     </span>
     <span class='ocr_line' id='line_1_27' title="bbox 788 3220 3363 3307; baseline 0.001 -23"><span class='ocrx_word' id='word_1_257' title='bbox 788 3220 1080 3306; x_wconf 90' lang='lat' dir='ltr'><em>elapsum</em></span> <span class='ocrx_word' id='word_1_258' title='bbox 1112 3232 1210 3288; x_wconf 89' lang='lat' dir='ltr'><em>est</em></span> <span class='ocrx_word' id='word_1_259' title='bbox 1240 3223 1482 3288; x_wconf 79' lang='lat' dir='ltr'><em>Seneca</em></span> <span class='ocrx_word' id='word_1_260' title='bbox 1511 3225 1684 3307; x_wconf 88' lang='lat' dir='ltr'><em>epist.</em></span> <span class='ocrx_word' id='word_1_261' title='bbox 1712 3229 1813 3301; x_wconf 86' lang='grc'><em>83,</em></span> <span class='ocrx_word' id='word_1_262' title='bbox 1839 3230 1937 3290; x_wconf 89' lang='grc'><em>15.</em></span> <span class='ocrx_word' id='word_1_263' title='bbox 1992 3225 2173 3290; x_wconf 87' lang='lat' dir='ltr'><em>Haec</em></span> <span class='ocrx_word' id='word_1_264' title='bbox 2206 3224 2293 3289; x_wconf 81' lang='lat' dir='ltr'><em>ad</em></span> <span class='ocrx_word' id='word_1_265' title='bbox 2314 3230 2573 3307; x_wconf 76' lang='lat' dir='ltr'><em>patrem</em></span> <span class='ocrx_word' id='word_1_266' title='bbox 2602 3225 2805 3306; x_wconf 74' lang='lat' dir='ltr'><em>mayis</em></span> <span class='ocrx_word' id='word_1_267' title='bbox 2836 3245 3024 3306; x_wconf 78' lang='lat' dir='ltr'><em>quam</em></span> <span class='ocrx_word' id='word_1_268' title='bbox 3056 3223 3144 3288; x_wconf 81' lang='lat' dir='ltr'><em>ad</em></span> <span class='ocrx_word' id='word_1_269' title='bbox 3168 3223 3363 3306; x_wconf 75' lang='lat' dir='ltr'><em>filium</em></span> 
     </span>
     <span class='ocr_line' id='line_1_28' title="bbox 791 3324 3363 3410; baseline 0.001 -22"><span class='ocrx_word' id='word_1_270' title='bbox 791 3324 1101 3390; x_wconf 85' lang='lat' dir='ltr'><em>consulem</em></span> <span class='ocrx_word' id='word_1_271' title='bbox 1145 3347 1207 3391; x_wconf 89' lang='lat' dir='ltr'><em>a.</em></span> <span class='ocrx_word' id='word_1_272' title='bbox 1252 3331 1341 3392; x_wconf 83' lang='lat'><em>25</em></span> <span class='ocrx_word' id='word_1_273' title='bbox 1385 3326 1525 3391; x_wconf 83' lang='lat' dir='ltr'><em>ideo</em></span> <span class='ocrx_word' id='word_1_274' title='bbox 1570 3328 1941 3404; x_wconf 78' lang='lat' dir='ltr'><em>rettulerim,</em></span> <span class='ocrx_word' id='word_1_275' title='bbox 1986 3327 2155 3410; x_wconf 79' lang='lat' dir='ltr'><em>quod</em></span> <span class='ocrx_word' id='word_1_276' title='bbox 2196 3332 2255 3392; x_wconf 90' lang='lat' dir='ltr'><em>et</em></span> <span class='ocrx_word' id='word_1_277' title='bbox 2292 3327 2447 3391; x_wconf 86' lang='lat' dir='ltr'><em>Piso</em></span> <span class='ocrx_word' id='word_1_278' title='bbox 2492 3325 2638 3405; x_wconf 81' lang='lat' dir='ltr'><em>(cos,</em></span> <span class='ocrx_word' id='word_1_279' title='bbox 2685 3349 2745 3391; x_wconf 88' lang='lat' dir='ltr'><em>a.</em></span> <span class='ocrx_word' id='word_1_280' title='bbox 2794 3331 2913 3392; x_wconf 85' lang='lat'><em>739</em></span> <span class='ocrx_word' id='word_1_281' title='bbox 2943 3358 3025 3380; x_wconf 84' lang='lat'>=</span> <span class='ocrx_word' id='word_1_282' title='bbox 3056 3330 3134 3392; x_wconf 86' lang='lat'><em>15</em></span> <span class='ocrx_word' id='word_1_283' title='bbox 3170 3348 3230 3390; x_wconf 87' lang='lat' dir='ltr'><em>a.</em></span> <span class='ocrx_word' id='word_1_284' title='bbox 3272 3325 3363 3407; x_wconf 79' lang='lat' dir='ltr'><em>C.)</em></span> 
     </span>
     <span class='ocr_line' id='line_1_29' title="bbox 790 3428 3362 3512; baseline 0 -22"><span class='ocrx_word' id='word_1_285' title='bbox 790 3431 850 3490; x_wconf 88' lang='lat' dir='ltr'><em>et</em></span> <span class='ocrx_word' id='word_1_286' title='bbox 892 3428 1130 3491; x_wconf 87' lang='lat' dir='ltr'><em>Lamia</em></span> <span class='ocrx_word' id='word_1_287' title='bbox 1175 3434 1322 3512; x_wconf 90' lang='lat' dir='ltr'><em>(cos.</em></span> <span class='ocrx_word' id='word_1_288' title='bbox 1369 3450 1429 3493; x_wconf 88' lang='lat' dir='ltr'><em>a.</em></span> <span class='ocrx_word' id='word_1_289' title='bbox 1481 3432 1599 3495; x_wconf 82' lang='lat'><em>756</em></span> <span class='ocrx_word' id='word_1_290' title='bbox 1629 3459 1711 3481; x_wconf 90' lang='lat'><strong><em>=</em></strong></span> <span class='ocrx_word' id='word_1_291' title='bbox 1746 3435 1788 3493; x_wconf 85' lang='lat'><em>3</em></span> <span class='ocrx_word' id='word_1_292' title='bbox 1819 3452 1892 3512; x_wconf 91' lang='lat' dir='ltr'><em>p.</em></span> <span class='ocrx_word' id='word_1_293' title='bbox 1937 3429 2053 3512; x_wconf 82' lang='grc'><em>0.),</em></span> <span class='ocrx_word' id='word_1_294' title='bbox 2101 3430 2211 3511; x_wconf 79' lang='lat' dir='ltr'><em>qui</em></span> <span class='ocrx_word' id='word_1_295' title='bbox 2253 3434 2398 3494; x_wconf 88' lang='lat' dir='ltr'><em>ante</em></span> <span class='ocrx_word' id='word_1_296' title='bbox 2440 3429 2696 3494; x_wconf 78' lang='lat' dir='ltr'><em>Cossum</em></span> <span class='ocrx_word' id='word_1_297' title='bbox 2742 3430 2923 3494; x_wconf 83' lang='lat' dir='ltr'><em>urbis</em></span> <span class='ocrx_word' id='word_1_298' title='bbox 2953 3430 3362 3512; x_wconf 80' lang='lat' dir='ltr'><em>praefectura</em></span> 
     </span>
     <span class='ocr_line' id='line_1_30' title="bbox 788 3530 3365 3614; baseline 0 -21"><span class='ocrx_word' id='word_1_299' title='bbox 788 3530 998 3610; x_wconf 82' lang='lat' dir='ltr'><em>functi</em></span> <span class='ocrx_word' id='word_1_300' title='bbox 1022 3535 1188 3607; x_wconf 87' lang='lat' dir='ltr'><em>sunt,</em></span> <span class='ocrx_word' id='word_1_301' title='bbox 1238 3531 1505 3613; x_wconf 74' lang='lat' dir='ltr'><em>triqinta</em></span> <span class='ocrx_word' id='word_1_302' title='bbox 1532 3532 1669 3613; x_wconf 81' lang='lat' dir='ltr'><em>fere</em></span> <span class='ocrx_word' id='word_1_303' title='bbox 1700 3534 1888 3596; x_wconf 85' lang='lat' dir='ltr'><em>annis</em></span> <span class='ocrx_word' id='word_1_304' title='bbox 1919 3537 2069 3614; x_wconf 83' lang='lat' dir='ltr'><em>post</em></span> <span class='ocrx_word' id='word_1_305' title='bbox 2109 3532 2501 3596; x_wconf 77' lang='lat' dir='ltr'><em>consulatum</em></span> <span class='ocrx_word' id='word_1_306' title='bbox 2548 3533 2637 3597; x_wconf 79' lang='lat' dir='ltr'><em>ad</em></span> <span class='ocrx_word' id='word_1_307' title='bbox 2679 3532 2746 3596; x_wconf 86' lang='lat' dir='ltr'><em>icl</em></span> <span class='ocrx_word' id='word_1_308' title='bbox 2788 3532 3029 3596; x_wconf 87' lang='lat' dir='ltr'><em>culmen</em></span> <span class='ocrx_word' id='word_1_309' title='bbox 3069 3531 3365 3595; x_wconf 77' lang='lat' dir='ltr'><em>honorum</em></span> 
     </span>
     <span class='ocr_line' id='line_1_31' title="bbox 792 3631 3362 3717; baseline 0.002 -22"><span class='ocrx_word' id='word_1_310' title='bbox 792 3631 1035 3696; x_wconf 82' lang='lat' dir='ltr'><em>ordinis</em></span> <span class='ocrx_word' id='word_1_311' title='bbox 1062 3634 1374 3698; x_wconf 86' lang='lat' dir='ltr'><em>senatorii</em></span> <span class='ocrx_word' id='word_1_312' title='bbox 1390 3639 1826 3716; x_wconf 63' lang='lat' dir='ltr'><em>pervenerunt.</em></span> <span class='ocrx_word' id='word_1_313' title='bbox 1874 3634 2223 3716; x_wconf 88' lang='lat' dir='ltr'><em>Perperam</em></span> <span class='ocrx_word' id='word_1_314' title='bbox 2257 3639 2465 3697; x_wconf 83' lang='lat' dir='ltr'><em>autem</em></span> <span class='ocrx_word' id='word_1_315' title='bbox 2494 3634 2811 3717; x_wconf 72' lang='lat' dir='ltr'><em>Borqhesi</em></span> <span class='ocrx_word' id='word_1_316' title='bbox 2832 3657 2970 3717; x_wconf 87' lang='lat' dir='ltr'><em>opp.</em></span> <span class='ocrx_word' id='word_1_317' title='bbox 2996 3635 3128 3699; x_wconf 95' lang='lat' dir='ltr'><em>III</em></span> <span class='ocrx_word' id='word_1_318' title='bbox 3136 3638 3362 3717; x_wconf 76' lang='lat' dir='ltr'><em>p.324,</em></span> 
     </span>
     <span class='ocr_line' id='line_1_32' title="bbox 792 3733 3367 3820; baseline 0.001 -22"><span class='ocrx_word' id='word_1_319' title='bbox 792 3735 841 3798; x_wconf 95' lang='lat' dir='ltr'><em>I</em></span> <span class='ocrx_word' id='word_1_320' title='bbox 839 3733 912 3799; x_wconf 92' lang='lat' dir='ltr'><strong>X</strong></span> <span class='ocrx_word' id='word_1_321' title='bbox 921 3756 994 3817; x_wconf 89' lang='lat' dir='ltr'><em>p.</em></span> <span class='ocrx_word' id='word_1_322' title='bbox 1019 3741 1147 3801; x_wconf 75' lang='lat'><em>260</em></span> <span class='ocrx_word' id='word_1_323' title='bbox 1172 3734 1248 3800; x_wconf 82' lang='lat' dir='ltr'><em>de</em></span> <span class='ocrx_word' id='word_1_324' title='bbox 1263 3741 1459 3818; x_wconf 90' lang='lat' dir='ltr'><em>patre</em></span> <span class='ocrx_word' id='word_1_325' title='bbox 1490 3737 1763 3819; x_wconf 73' lang='lat' dir='ltr'><em>coyitari</em></span> <span class='ocrx_word' id='word_1_326' title='bbox 1778 3756 1967 3819; x_wconf 89' lang='lat' dir='ltr'><em>posse</em></span> <span class='ocrx_word' id='word_1_327' title='bbox 1997 3738 2267 3819; x_wconf 73' lang='lat' dir='ltr'><em>neqavit‚</em></span> <span class='ocrx_word' id='word_1_328' title='bbox 2303 3759 2439 3801; x_wconf 79' lang='lat' dir='ltr'><em>cum</em></span> <span class='ocrx_word' id='word_1_329' title='bbox 2456 3737 2658 3820; x_wconf 83' lang='lat' dir='ltr'><em>plane</em></span> <span class='ocrx_word' id='word_1_330' title='bbox 2689 3737 3095 3819; x_wconf 81' lang='lat' dir='ltr'><em>confunderet</em></span> <span class='ocrx_word' id='word_1_331' title='bbox 3120 3736 3367 3802; x_wconf 81' lang='lat' dir='ltr'><em>Gnaeos</em></span> 
     </span>
     <span class='ocr_line' id='line_1_33' title="bbox 789 3836 1490 3903; baseline 0.003 -2"><span class='ocrx_word' id='word_1_332' title='bbox 789 3842 848 3902; x_wconf 85' lang='lat' dir='ltr'><em>et</em></span> <span class='ocrx_word' id='word_1_333' title='bbox 902 3836 1127 3902; x_wconf 85' lang='lat' dir='ltr'><em>Gossos</em></span> <span class='ocrx_word' id='word_1_334' title='bbox 1170 3838 1490 3903; x_wconf 77' lang='lat' dir='ltr'><em>Lentulos,</em></span> 
     </span>
    </p>

    <p class='ocr_par' dir='ltr' id='par_1_6' title="bbox 791 3925 3365 4126">
     <span class='ocr_line' id='line_1_34' title="bbox 919 3925 3365 4023; baseline 0 -20"><span class='ocrx_word' id='word_1_335' title='bbox 919 3938 1106 4004; x_wconf 88' lang='lat' dir='ltr'><em>Filii:</em></span> <span class='ocrx_word' id='word_1_336' title='bbox 1139 3940 1378 4005; x_wconf 83' lang='lat' dir='ltr'><em>Cossus</em></span> <span class='ocrx_word' id='word_1_337' title='bbox 1412 3925 1753 4007; x_wconf 66' lang='lat' dir='ltr'><em>Cornelius</em></span> <span class='ocrx_word' id='word_1_338' title='bbox 1787 3942 2103 4007; x_wconf 82' lang='lat' dir='ltr'><em>Lentulus</em></span> <span class='ocrx_word' id='word_1_339' title='bbox 2135 3964 2263 4006; x_wconf 77' lang='lat' dir='ltr'><em>cos‚</em></span> <span class='ocrx_word' id='word_1_340' title='bbox 2296 3966 2352 4007; x_wconf 82' lang='lat' dir='ltr'><em>a.</em></span> <span class='ocrx_word' id='word_1_341' title='bbox 2386 3944 2486 4023; x_wconf 83' lang='lat'><em>25,</em></span> <span class='ocrx_word' id='word_1_342' title='bbox 2536 3942 2653 4008; x_wconf 89' lang='lat' dir='ltr'><em>Cn.</em></span> <span class='ocrx_word' id='word_1_343' title='bbox 2689 3940 3027 4007; x_wconf 87' lang='lat' dir='ltr'><em>Cornelius</em></span> <span class='ocrx_word' id='word_1_344' title='bbox 3055 3941 3365 4007; x_wconf 79' lang='lat' dir='ltr'><em>Lentulus</em></span> 
     </span>
     <span class='ocr_line' id='line_1_35' title="bbox 791 4042 3077 4126; baseline -0 -17"><span class='ocrx_word' id='word_1_345' title='bbox 791 4042 1170 4109; x_wconf 84' lang='lat' dir='ltr'><em>Gaetulicus</em></span> <span class='ocrx_word' id='word_1_346' title='bbox 1215 4065 1342 4111; x_wconf 91' lang='lat' dir='ltr'><em>cos.</em></span> <span class='ocrx_word' id='word_1_347' title='bbox 1386 4066 1446 4109; x_wconf 90' lang='lat' dir='ltr'><em>a.</em></span> <span class='ocrx_word' id='word_1_348' title='bbox 1488 4047 1591 4109; x_wconf 84' lang='lat'><em>26.</em></span> <span class='ocrx_word' id='word_1_349' title='bbox 1637 4082 1720 4090; x_wconf 90' lang='lat'>—</span> <span class='ocrx_word' id='word_1_350' title='bbox 1766 4045 2027 4110; x_wconf 82' lang='lat' dir='ltr'><em>Subieci</em></span> <span class='ocrx_word' id='word_1_351' title='bbox 2069 4050 2331 4109; x_wconf 81' lang='lat' dir='ltr'><em>stemma</em></span> <span class='ocrx_word' id='word_1_352' title='bbox 2374 4044 2669 4126; x_wconf 83' lang='lat' dir='ltr'><em>familiae</em></span> <span class='ocrx_word' id='word_1_353' title='bbox 2710 4044 3077 4109; x_wconf 84' lang='lat' dir='ltr'><em>Cossorum:</em></span> 
     </span>
    </p>
   </div>
   <div class='ocr_carea' id='block_1_4' title="bbox 1538 4177 2476 4303">
    <p class='ocr_par' dir='ltr' id='par_1_7' title="bbox 1538 4177 2476 4303">
     <span class='ocr_line' id='line_1_36' title="bbox 1538 4177 2476 4234; baseline -0.002 -1"><span class='ocrx_word' id='word_1_354' title='bbox 1538 4178 1638 4233; x_wconf 90' lang='lat' dir='ltr'><em>Cn.</em></span> <span class='ocrx_word' id='word_1_355' title='bbox 1675 4178 1976 4233; x_wconf 81' lang='lat' dir='ltr'><em>Cornelius</em></span> <span class='ocrx_word' id='word_1_356' title='bbox 2012 4179 2079 4234; x_wconf 91' lang='lat' dir='ltr'><em>L.</em></span> <span class='ocrx_word' id='word_1_357' title='bbox 2117 4178 2154 4233; x_wconf 90' lang='lat' dir='ltr'><em>f.</em></span> <span class='ocrx_word' id='word_1_358' title='bbox 2194 4177 2476 4232; x_wconf 87' lang='lat' dir='ltr'><em>Lentulus</em></span> 
     </span>
     <span class='ocr_line' id='line_1_37' title="bbox 1765 4250 2265 4303; baseline -0.002 -2"><span class='ocrx_word' id='word_1_359' title='bbox 1765 4265 1872 4301; x_wconf 84' lang='lat' dir='ltr'><em>cos.</em></span> <span class='ocrx_word' id='word_1_360' title='bbox 1908 4267 1962 4302; x_wconf 88' lang='lat' dir='ltr'><em>a.</em></span> <span class='ocrx_word' id='word_1_361' title='bbox 2006 4255 2077 4303; x_wconf 86' lang='grc'><em>18</em></span> <span class='ocrx_word' id='word_1_362' title='bbox 2113 4267 2163 4301; x_wconf 90' lang='lat' dir='ltr'><em>a.</em></span> <span class='ocrx_word' id='word_1_363' title='bbox 2209 4250 2265 4301; x_wconf 83' lang='lat'><em>(&#39;.</em></span> 
     </span>
    </p>
   </div>
   <div class='ocr_carea' id='block_1_5' title="bbox 1376 4366 2669 4434">
    <p class='ocr_par' dir='ltr' id='par_1_8' title="bbox 1376 4366 2669 4434">
     <span class='ocr_line' id='line_1_38' title="bbox 1376 4366 2669 4434; baseline 0.001 -14"><span class='ocrx_word' id='word_1_364' title='bbox 1376 4366 1585 4421; x_wconf 86' lang='lat' dir='ltr'><em>Cossus</em></span> <span class='ocrx_word' id='word_1_365' title='bbox 1622 4366 1922 4421; x_wconf 85' lang='lat' dir='ltr'><em>Cornelius</em></span> <span class='ocrx_word' id='word_1_366' title='bbox 1962 4367 2246 4421; x_wconf 87' lang='lat' dir='ltr'><em>Lentulus</em></span> <span class='ocrx_word' id='word_1_367' title='bbox 2285 4367 2669 4434; x_wconf 85' lang='lat' dir='ltr'><em>(Gaetulicus)</em></span> 
     </span>
    </p>
   </div>
   <div class='ocr_carea' id='block_1_6' title="bbox 1793 4438 2245 4492">
    <p class='ocr_par' dir='ltr' id='par_1_9' title="bbox 1793 4438 2245 4492">
     <span class='ocr_line' id='line_1_39' title="bbox 1793 4438 2245 4492; baseline -0.002 0"><span class='ocrx_word' id='word_1_368' title='bbox 1793 4454 1896 4492; x_wconf 78' lang='lat' dir='ltr'><em>eos.</em></span> <span class='ocrx_word' id='word_1_369' title='bbox 1936 4455 1984 4491; x_wconf 86' lang='lat' dir='ltr'><em>a.</em></span> <span class='ocrx_word' id='word_1_370' title='bbox 2026 4443 2052 4490; x_wconf 93' lang='lat'><em>1</em></span> <span class='ocrx_word' id='word_1_371' title='bbox 2095 4456 2146 4491; x_wconf 88' lang='grc' dir='ltr'><em>α.</em></span> <span class='ocrx_word' id='word_1_372' title='bbox 2186 4438 2245 4491; x_wconf 78' lang='lat' dir='ltr'><em>C.</em></span> 
     </span>
    </p>
   </div>
   <div class='ocr_carea' id='block_1_7' title="bbox 806 4558 3213 4590">
    <p class='ocr_par' dir='ltr' id='par_1_10' title="bbox 806 4558 3213 4590">
     <span class='ocr_line' id='line_1_40' title="bbox 806 4558 3213 4590; baseline 0 -1"><span class='ocrx_word' id='word_1_373' title='bbox 806 4558 3213 4590; x_wconf 45' lang='lat' dir='ltr'><strong>e-——ffl———ss———q</strong></span> 
     </span>
    </p>
   </div>
   <div class='ocr_carea' id='block_1_8' title="bbox 655 4605 3347 5264">
    <p class='ocr_par' dir='ltr' id='par_1_11' title="bbox 655 4605 3347 5264">
     <span class='ocr_line' id='line_1_41' title="bbox 791 4605 3234 4663; baseline -0 0"><span class='ocrx_word' id='word_1_374' title='bbox 791 4606 1000 4663; x_wconf 84' lang='lat' dir='ltr'><em>Cossus</em></span> <span class='ocrx_word' id='word_1_375' title='bbox 1040 4605 1340 4662; x_wconf 86' lang='lat' dir='ltr'><em>Cornelius</em></span> <span class='ocrx_word' id='word_1_376' title='bbox 1375 4605 1659 4661; x_wconf 85' lang='lat' dir='ltr'><em>Lentulus</em></span> <span class='ocrx_word' id='word_1_377' title='bbox 2091 4606 2192 4661; x_wconf 86' lang='lat' dir='ltr'><em>Cn.</em></span> <span class='ocrx_word' id='word_1_378' title='bbox 2234 4607 2535 4662; x_wconf 86' lang='lat' dir='ltr'><em>Cornelius</em></span> <span class='ocrx_word' id='word_1_379' title='bbox 2572 4607 2855 4660; x_wconf 83' lang='lat' dir='ltr'><em>Lentulus</em></span> <span class='ocrx_word' id='word_1_380' title='bbox 2894 4606 3234 4662; x_wconf 85' lang='lat' dir='ltr'><em>Gaetulicus</em></span> 
     </span>
     <span class='ocr_line' id='line_1_42' title="bbox 989 4676 2896 4744; baseline 0 -13"><span class='ocrx_word' id='word_1_381' title='bbox 989 4693 1097 4731; x_wconf 87' lang='lat' dir='ltr'><em>cos.</em></span> <span class='ocrx_word' id='word_1_382' title='bbox 1133 4693 1186 4729; x_wconf 91' lang='lat' dir='ltr'><em>a.</em></span> <span class='ocrx_word' id='word_1_383' title='bbox 1220 4680 1291 4731; x_wconf 84' lang='lat'><em>25</em></span> <span class='ocrx_word' id='word_1_384' title='bbox 1321 4692 1380 4743; x_wconf 82' lang='lat' dir='ltr'><em>p.</em></span> <span class='ocrx_word' id='word_1_385' title='bbox 1417 4676 1473 4729; x_wconf 88' lang='lat' dir='ltr'><em>C.</em></span> <span class='ocrx_word' id='word_1_386' title='bbox 2409 4693 2513 4731; x_wconf 79' lang='lat' dir='ltr'><em>cos.</em></span> <span class='ocrx_word' id='word_1_387' title='bbox 2552 4695 2603 4733; x_wconf 86' lang='lat' dir='ltr'><em>a.</em></span> <span class='ocrx_word' id='word_1_388' title='bbox 2637 4680 2710 4732; x_wconf 83' lang='lat'><em>26</em></span> <span class='ocrx_word' id='word_1_389' title='bbox 2740 4694 2799 4744; x_wconf 86' lang='lat' dir='ltr'><em>p.</em></span> <span class='ocrx_word' id='word_1_390' title='bbox 2842 4676 2896 4731; x_wconf 83' lang='lat' dir='ltr'><em>C.</em></span> 
     </span>
     <span class='ocr_line' id='line_1_43' title="bbox 798 4744 1665 4834; baseline -0.003 0"><span class='ocrx_word' id='word_1_391' title='bbox 798 4777 1010 4834; x_wconf 85' lang='lat' dir='ltr'><em>Cossus</em></span> <span class='ocrx_word' id='word_1_392' title='bbox 1045 4744 1344 4833; x_wconf 66' lang='lat' dir='ltr'><em>Cornelius</em></span> <span class='ocrx_word' id='word_1_393' title='bbox 1380 4776 1665 4833; x_wconf 85' lang='lat' dir='ltr'><em>Lentulus</em></span> 
     </span>
     <span class='ocr_line' id='line_1_44' title="bbox 995 4847 1494 4917; baseline -0.006 -13"><span class='ocrx_word' id='word_1_394' title='bbox 995 4864 1102 4904; x_wconf 83' lang='lat' dir='ltr'><em>cos.</em></span> <span class='ocrx_word' id='word_1_395' title='bbox 1139 4865 1190 4902; x_wconf 74' lang='lat' dir='ltr'><em>a.</em></span> <span class='ocrx_word' id='word_1_396' title='bbox 1226 4852 1298 4903; x_wconf 90' lang='grc'><em>60</em></span> <span class='ocrx_word' id='word_1_397' title='bbox 1332 4865 1390 4917; x_wconf 84' lang='lat' dir='ltr'><em>p.</em></span> <span class='ocrx_word' id='word_1_398' title='bbox 1438 4847 1494 4902; x_wconf 82' lang='lat'><em>0.</em></span> 
     </span>
     <span class='ocr_line' id='line_1_45' title="bbox 655 4999 3329 5057; baseline -0 0"><span class='ocrx_word' id='word_1_399' title='bbox 655 5000 756 5057; x_wconf 91' lang='lat' dir='ltr'><em>Cn.</em></span> <span class='ocrx_word' id='word_1_400' title='bbox 793 5000 1093 5057; x_wconf 89' lang='lat' dir='ltr'><em>Cornelius</em></span> <span class='ocrx_word' id='word_1_401' title='bbox 1129 5000 1276 5057; x_wconf 89' lang='lat' dir='ltr'><em>Len·</em></span> <span class='ocrx_word' id='word_1_402' title='bbox 1505 4999 1716 5056; x_wconf 90' lang='lat' dir='ltr'><em>Cossus</em></span> <span class='ocrx_word' id='word_1_403' title='bbox 1751 4999 2053 5055; x_wconf 87' lang='lat' dir='ltr'><em>Cornelius</em></span> <span class='ocrx_word' id='word_1_404' title='bbox 2279 5000 2349 5055; x_wconf 92' lang='lat' dir='ltr'><em>D.</em></span> <span class='ocrx_word' id='word_1_405' title='bbox 2388 5001 2584 5055; x_wconf 90' lang='lat' dir='ltr'><em>Iunius</em></span> <span class='ocrx_word' id='word_1_406' title='bbox 2622 5000 2852 5056; x_wconf 87' lang='lat' dir='ltr'><em>Silanus</em></span> <span class='ocrx_word' id='word_1_407' title='bbox 3064 5001 3329 5056; x_wconf 84' lang='lat' dir='ltr'><em>Cornelia</em></span> 
     </span>
     <span class='ocr_line' id='line_1_46' title="bbox 700 5068 3347 5127; baseline 0.001 -4"><span class='ocrx_word' id='word_1_408' title='bbox 700 5070 855 5125; x_wconf 90' lang='lat' dir='ltr'><em>tulus</em></span> <span class='ocrx_word' id='word_1_409' title='bbox 891 5070 1232 5127; x_wconf 78' lang='lat' dir='ltr'><em>Gaetulicus</em></span> <span class='ocrx_word' id='word_1_410' title='bbox 1447 5069 1729 5124; x_wconf 88' lang='lat' dir='ltr'><em>Lentulus</em></span> <span class='ocrx_word' id='word_1_411' title='bbox 1765 5068 2104 5124; x_wconf 86' lang='lat' dir='ltr'><em>Gaetulicus</em></span> <span class='ocrx_word' id='word_1_412' title='bbox 2397 5069 2733 5125; x_wconf 83' lang='lat' dir='ltr'><em>Gaetulicus</em></span> <span class='ocrx_word' id='word_1_413' title='bbox 3046 5068 3347 5126; x_wconf 73' lang='lat' dir='ltr'><em>Gaetulice</em></span> 
     </span>
     <span class='ocr_line' id='line_1_47' title="bbox 738 5140 2851 5264; baseline -0.001 -1"><span class='ocrx_word' id='word_1_414' title='bbox 738 5156 843 5196; x_wconf 69' lang='lat'>‘³⁰⁸&#39;</span> <span class='ocrx_word' id='word_1_415' title='bbox 881 5158 932 5196; x_wconf 64' lang='grc' dir='ltr'><em>α’</em></span> <span class='ocrx_word' id='word_1_416' title='bbox 958 5144 1025 5196; x_wconf 80' lang='lat'><em>⁵⁵</em></span> <span class='ocrx_word' id='word_1_417' title='bbox 1056 5158 1114 5208; x_wconf 57' lang='grc' dir='ltr'>μ</span> <span class='ocrx_word' id='word_1_418' title='bbox 1140 5140 1196 5194; x_wconf 70' lang='lat' dir='ltr'><em>C‘</em></span> <span class='ocrx_word' id='word_1_419' title='bbox 1631 5142 1898 5263; x_wconf 70' lang='lat' dir='ltr'><em>conlena</em></span> <span class='ocrx_word' id='word_1_420' title='bbox 2275 5207 2349 5264; x_wconf 85' lang='lat' dir='ltr'><em>M.</em></span> <span class='ocrx_word' id='word_1_421' title='bbox 2387 5142 2582 5262; x_wconf 65' lang='lat' dir='ltr'><em>Iuniuls</em></span> <span class='ocrx_word' id='word_1_422' title='bbox 2619 5207 2851 5264; x_wconf 77' lang='lat' dir='ltr'><em>Silanus</em></span> 
     </span>
    </p>
   </div>
   <div class='ocr_carea' id='block_1_9' title="bbox 1548 5277 1964 5346">
    <p class='ocr_par' dir='ltr' id='par_1_12' title="bbox 1548 5277 1964 5346">
     <span class='ocr_line' id='line_1_48' title="bbox 1548 5277 1964 5346; baseline -0.007 -11"><span class='ocrx_word' id='word_1_423' title='bbox 1548 5279 1696 5346; x_wconf 72' lang='lat' dir='ltr'><em>virqo</em></span> <span class='ocrx_word' id='word_1_424' title='bbox 1732 5277 1964 5333; x_wconf 75' lang='lat' dir='ltr'><em>Vestalis</em></span> 
     </span>
    </p>
   </div>
   <div class='ocr_carea' id='block_1_10' title="bbox 3718 4701 3723 5638">
    <p class='ocr_par' dir='ltr' id='par_1_13' title="bbox 3718 4701 3723 5638">
     <span class='ocr_line' id='line_1_49' title="bbox 3718 4701 3723 5638; baseline 0 0"><span class='ocrx_word' id='word_1_425' title='bbox 3718 4701 3723 5638; x_wconf 95' lang='lat' dir='ltr'><em> </em></span> 
     </span>
    </p>
   </div>
  </div>
 </body>
</html>
