3859 5992
602 492 900 563 Asimv's
1928 482 2052 562 162
3010 490 3315 561 Astmvs'

857 701 1197 786 Augustus
1243 724 1391 767 eum
1435 701 1694 767 dixerat
1738 701 1993 789 imperii
2040 700 2307 766 avidum
2351 711 2415 766 et
2457 703 2774 767 minorem
2826 700 2976 766 Tae.
3022 723 3082 769 a.
3113 706 3173 780 1,
3204 705 3320 781 13,-

729 829 785 875 a.
837 807 919 870 14
962 804 1302 870 Tiberium
1347 805 1416 870 in
1455 813 1685 870 senatu
1729 803 2001 870 offendit
2040 803 2192 868 olim
2238 805 2488 869 invisus
2530 813 2797 890 propter
2839 806 3323 870 matrimonium

724 907 1130 995 Agrippinae
1158 908 1286 975 ibd.
1320 912 1377 985 1,
1410 912 1515 985 12,
1562 906 1696 972 Dio
1723 911 1827 985 57,
1858 912 1941 986 2,·
1984 908 2347 972 sententiae
2376 908 2516 972 eius
2550 908 2619 972 in
2650 916 2877 972 senatu
2907 906 3120 972 dictae
3151 930 3209 972 a.
3240 908 3322 972 14

736 1011 884 1076 Tac.
919 1034 978 1076 a.
1010 1015 1069 1088 1,
1098 1014 1159 1076 8.
1192 1014 1296 1087 12,
1344 1033 1402 1075 a.
1438 1011 1517 1076 15
1559 1009 1690 1077 ibd.
1723 1016 1781 1088 1,
1818 1014 1914 1075 76.
1952 1014 2049 1088 77,
2086 1033 2142 1074 a.
2180 1011 2259 1075 16
2301 1009 2429 1078 ibd.
2471 1016 2539 1087 2,
2568 1014 2678 1075 32.
2708 1014 2808 1077 33.
2838 1014 2939 1076 35.
2968 1014 3087 1090 36;
3128 1033 3184 1076 a.
3234 1012 3321 1076 24

722 1114 853 1182 ibd.
882 1119 943 1192 4,
971 1119 1079 1181 20.
1108 1118 1210 1192 30,
1257 1135 1314 1178 a.
1346 1115 1429 1179 28
1461 1112 1590 1178 ibd.
1619 1118 1679 1190 4,
1716 1118 1796 1179 71
1808 1133 1831 1192 ,·
1874 1137 1932 1178 a.
1974 1113 2049 1178 19
2081 1113 2304 1178 Pisoni
2338 1133 2446 1177 reo
2477 1122 2790 1199 patronus
2836 1112 3063 1178 adesse
3105 1112 3317 1179 noluit

722 1216 853 1282 ibd.
896 1221 956 1294 3,
1002 1221 1100 1281 11.
1188 1215 1271 1281 A.
1316 1217 1400 1281 30
1456 1215 1684 1280 eodem
1736 1215 1874 1299 die,
1940 1237 2088 1280 cum
2150 1217 2217 1279 in
2262 1214 2532 1301 Capreis
2578 1238 2727 1281 cum
2769 1215 3040 1282 Tiberio
3088 1217 3306 1281 convi-

724 1329 1024 1402 varetur,
1087 1318 1332 1383 Romae
1392 1342 1432 1384 a
1491 1329 1720 1384 senatu
1777 1318 2120 1384 damnatus
2177 1328 2307 1401 est3
2375 1318 2491 1383 sed
2546 1318 2882 1402 Tiberine,
2941 1320 3127 1405 quasi
3176 1320 3315 1405 ipse

724 1443 944 1486 coram
986 1430 1218 1487 senatu
1253 1421 1601 1486 decernere
1636 1420 1849 1506 vellet,
1896 1421 2149 1487 distulit
2193 1443 2455 1487 causam
2494 1431 2560 1486 et
2597 1420 2862 1490 Gallum
2900 1423 2972 1486 in
3015 1421 3310 1487 custodia

729 1524 953 1590 haberi
1013 1525 1200 1589 iussit
1240 1523 1374 1590 Dio
1415 1528 1516 1602 58,
1562 1530 1606 1589 3
1664 1525 1882 1590 amicis
1944 1526 2081 1589 eius
2141 1546 2398 1610 pessum
2471 1523 2639 1589 datis
2682 1523 2816 1589 Dio
2860 1524 2901 1593 l.
2951 1523 3015 1603 l„
3077 1526 3319 1592 Seneca

730 1629 909 1709 epist.
939 1630 1038 1704 55,
1068 1632 1130 1691 3.
1202 1626 1285 1695 A.
1316 1627 1400 1692 33
1432 1625 1610 1709 obiit,
1644 1649 1834 1713 quem
1870 1636 2156 1711 egestate
2191 1627 2323 1692 cibi
2352 1637 2763 1713 peremptum
2806 1626 2981 1692 haud
3027 1627 3316 1712 dubium,

730 1740 960 1817 sponte
1003 1752 1086 1795 an
1130 1731 1514 1795 necessitate
1556 1731 1876 1796 incertum
1920 1730 2283 1796 habebatur
2334 1730 2482 1798 Tac.
2533 1751 2594 1795 a.
2641 1735 2699 1807 6,
2743 1734 2849 1807 23,
2896 1728 3033 1796 Dio
3072 1735 3174 1809 58,
3210 1737 3319 1798 23.

730 1832 1135 1918 Agrippinae
1164 1831 1360 1919 paulo
1389 1842 1538 1919 post
1566 1843 1857 1899 mortuae
1886 1833 2188 1900 Tiberius
2219 1832 2691 1919 impudicitiam
2734 1842 2801 1897 et
2830 1831 3096 1900 Gallum
3137 1832 3318 1899 adul-

731 1946 940 2002 terum
972 1935 1209 2001 obiecit
1239 1938 1506 2021 eiusque
1534 1946 1742 2000 morte
1769 1935 1852 2001 ad
1884 1935 2170 2001 taedium
2206 1937 2380 2001 vitae
2410 1934 2811 2022 compulsam
2849 1937 2998 2002 Tac.
3033 1956 3094 1999 a.
3129 1941 3184 2012 6,
3209 1941 3316 2005 25.

859 2039 1137 2122 Magnus
1170 2048 1403 2121 orator,
1437 2039 1560 2104 nisi
1593 2038 1774 2103 illum
1803 2038 2184 2122 magnitudo
2218 2040 2421 2125 patris
2451 2037 2756 2104 obrueret
2769 2039 3014 2105 Seneca
3043 2045 3316 2106 conbrov.

732 2145 774 2206 4
806 2142 1023 2225 praef.
1056 2146 1134 2220 4‚·
1177 2142 1438 2227 scripsit
1474 2140 1675 2206 libros
1720 2140 1803 2207 de
1847 2142 2328 2227 comparatione
2362 2143 2565 2228 patris
2598 2151 2662 2207 et
2694 2140 3027 2207 Ciceronis
3060 2142 3316 2209 Sueton.

735 2244 973 2310 Claud.
1004 2249 1104 2322 41,
1152 2240 1330 2309 Ptin.
1364 2244 1540 2327 emt.
1573 2249 1632 2322 7,
1661 2249 1721 2321 4,
1753 2248 1816 2309 3.
1847 2249 1906 2324 6,
1948 2238 2326 2325 Quintilian.
2370 2245 2641 2310 institut.
2671 2248 2776 2322 12,
2811 2249 2872 2322 1,
2903 2250 3015 2322 22,
3075 2244 3325 2325 Gellius

731 2352 833 2425 17,
864 2351 923 2425 1,
956 2352 1030 2425 1;
1074 2348 1471 2433 epigramma
1513 2348 1582 2411 in
1625 2347 2059 2433 Pomponium
2093 2345 2476 2435 Marcellum
2508 2347 2768 2414 Sueton.
2794 2365 3064 2432 yramm.
3094 2352 3205 2414 22.
3241 2386 3321 2395 -—

736 2448 1097 2533 Vergilium
1143 2447 1435 2533 eclogam
1482 2458 1780 2535 quartam
1824 2451 1893 2514 in
1939 2471 2009 2514 se
2061 2451 2397 2535 scripsisse
2440 2448 2611 2515 dixit
2653 2449 2830 2517 Serv.
2878 2445 2987 2515 ecl.
3031 2454 3091 2527 4,
3137 2455 3194 2514 1.
3240 2487 3319 2496 —

733 2550 963 2617 Mensa
1004 2553 1205 2617 citrea
1250 2553 1387 2617 eius
1436 2551 1709 2636 insignis
1755 2550 1932 2617 Ptin.
1971 2573 2036 2617 n.
2081 2551 2142 2616 h.
2189 2557 2291 2630 13,
2323 2556 2431 2631 92,
2486 2552 2857 2619 Tertullian.
2904 2552 2980 2617 de
3008 2552 3220 2635 pallio
3260 2556 3321 2618 5.

863 2655 1301 2742 (Vipsaniam)
1346 2654 1780 2740 Agrippinam
1822 2664 1971 2741 post
2012 2654 2368 2719 divortium
2398 2654 2651 2722 Tiberii
2697 2655 2784 2738 (a.
2817 2660 2941 2720 743
2978 2686 3062 2709 =
3104 2654 3210 2740 11)
3255 2655 3323 2720 in

735 2758 1219 2823 matrimonium
1268 2757 1460 2822 duxit
1511 2758 1658 2824 Tac,
1707 2778 1768 2821 a.
1816 2762 1872 2834 1,
1921 2762 2028 2834 12,
2074 2756 2209 2822 Dio
2249 2762 2352 2836 57,
2394 2761 2477 2837 2,-
2519 2766 2615 2823 tot
2658 2757 3097 2823 consularium
3141 2768 3327 2844 pater

745 2861 892 2927 Tac,
928 2883 988 2930 a.
1023 2866 1079 2938 6,
1112 2864 1218 2927 23.
1291 2858 1477 2926 Filii:
1509 2859 1583 2928 C.
1614 2859 1885 2925 Asinius
1916 2858 2124 2925 Pollio
2171 2881 2299 2926 cos.
2344 2882 2404 2925 a.
2436 2861 2538 2943 23,
2583 2858 2673 2924 Μ.
2720 2860 2986 2926 Asinius
3029 2858 3327 2947 Agrippa

740 2985 868 3029 cos.
916 2987 974 3031 a.
1020 2965 1121 3047 25,
1171 2963 1327 3030 Sex.
1375 2962 1643 3028 Asinius
1690 2962 1881 3028 Celer
1923 2984 2053 3027 cos.
2102 2985 2157 3030 a.
2202 2963 2306 3047 38,
2371 2962 2636 3027 Asinius
2682 2961 2911 3029 Gallus
2971 2964 3058 3047 (n.
3104 2966 3326 3048 1014),-

737 3065 1007 3131 Asinius
1040 3065 1418 3149 Saloninus;
1466 3065 1586 3132 Cn.
1617 3064 1885 3131 Asinius
1920 3065 2007 3149 (n.
2037 3065 2237 3147 1008)
2275 3070 2491 3130 utrum
2531 3070 2745 3131 sextus
2786 3065 2961 3149 filius
3001 3064 3327 3131 habende&

734 3169 837 3246 sit,
901 3188 988 3233 an
1043 3168 1209 3234 idem
1259 3169 1458 3251 fuerit
1514 3172 1701 3251 atque
1750 3166 1987 3234 Gallus
2030 3172 2145 3233 aut
2188 3166 2557 3246 Salonina-3,
2603 3169 2674 3233 in
2714 3168 2919 3234 medio
2968 3166 3324 3251 relinquen-

740 3268 889 3333 dum
933 3275 1042 3338 est.

616 3373 778 3437 1018
825 3381 889 3437 C.
935 3372 1283 3456 AS1N[1VS]
1343 3380 1700 3439 IVLIANVS
1752 3371 2006 3455 publice
2059 3371 2410 3437 honoratus
2467 3376 2510 3439 t.
2554 3368 2883 3437 Blaundis
2923 3370 2994 3437 in
3040 3370 3327 3458 Phryyia

737 3481 984 3558 reperto
1025 3475 1193 3542 GIG
1234 3479 1400 3541 3866
1413 3496 1433 3539 .·
1473 3477 1574 3541 τὸν
1622 3478 1923 3561 κράτιστον
1969 3477 2069 3541 ὑὸν
2120 3476 2184 3540 Γ.
2220 3472 2519 3557 Ἀσιν(ίου)
2561 3473 2891 3561 Προτείμου
2936 3473 3324 3562 Κουαδρᾶτου

741 3580 1024 3645 ὑπατικοῦ
1054 3578 1294 3643 saeculi
1321 3579 1455 3643 III
1476 3579 1754 3644 ineuntis
1787 3579 1869 3660 cf.
1900 3600 1964 3643 n.
1997 3582 2183 3645 1029.
2251 3578 2469 3644 Potest
2496 3577 2662 3644 idem
2691 3598 2821 3643 esse
2861 3584 3047 3662 atque
3078 3579 3142 3646 C.
3174 3580 3326 3645 Asi·

737 3682 885 3747 nius
928 3680 1355 3747 Nicomachus
1398 3680 1700 3746 Iulianus
1741 3702 1806 3749 n.
1842 3686 2034 3749 1023.

615 3785 780 3851 1019
825 3795 904 3850 Μ.
952 3792 1251 3851 ASINIVS
1297 3794 1771 3867 MARCELLVS,
1820 3783 2051 3849 consul
2094 3807 2152 3849 a.
2200 3786 2282 3850 54
2326 3806 2475 3849 cum
2524 3784 2643 3849 M.'
2690 3783 2902 3849 Acilio
2947 3782 3201 3850 Aviola.
3238 3818 3326 3831 -—

739 3889 825 3954 In
882 3887 1246 3955 consulatu:
1303 3887 1394 3955 M.
1441 3887 1709 3953 Asinius
1757 3886 2106 3953 Marcellus
2167 3884 2392 3953 tabula
2450 3892 2668 3953 cerata
2718 3884 2941 3971 Pomp.
2985 3892 3046 3952 3.
3097 3887 3187 3972 [4.
3232 3887 3323 3971 6],

738 3991 829 4055 Μ.
862 3990 1131 4056 Asinius
1171 3991 1318 4058 Tac.
1345 4010 1405 4055 a.
1431 3995 1538 4069 12,
1570 3995 1665 4068 64,
1699 3990 1967 4056 Asinius
1997 3989 2345 4055 Marcellus
2378 3990 2633 4058 Sueten.
2663 3989 2896 4055 Claud.
2926 3994 3027 4068 45,
3058 3995 3327 4056 ceterum

741 4092 1090 4158 Marcellus
1133 4094 1311 4175 fasti.
1372 4130 1449 4140 —
1510 4092 1723 4157 Asinii
1785 4092 2097 4158 Pollionis
2157 4115 2477 4180 pronepos
2531 4094 2677 4159 Tac.
2725 4113 2785 4158 a.
2830 4097 2929 4170 14,
2975 4098 3074 4170 40,
3134 4113 3326 4177 nepos

737 4194 988 4261 videtur
1031 4194 1097 4262 0.
1131 4196 1353 4261 Asinii
1392 4194 1609 4275 Gallzy
1650 4219 1708 4260 a.
1740 4197 1820 4262 61
1868 4194 2017 4260 falsi
2061 4205 2424 4279 accusatus,
2463 4195 2579 4260 sed
2606 4196 2925 4261 maiorum
2955 4205 3019 4261 et
3044 4195 3325 4261 Neronis

741 4300 952 4382 gratia
995 4298 1331 4364 absolutus
1386 4299 1533 4367 Tac.
1569 4321 1627 4367 a.
1659 4303 1760 4376 14,
1794 4303 1898 4364 40.

617 4402 781 4468 1020
825 4412 905 4467 M.
948 4411 1245 4467 ASINIVS
1292 4411 1765 4485 MARCELLVS,
1813 4400 2038 4466 consul
2084 4424 2140 4466 a.
2178 4402 2300 4467 104
2343 4424 2491 4466 cum
2536 4401 2690 4468 Sex.
2734 4400 2915 4466 Attio
2963 4401 3323 4467 SaburanO.

736 4506 823 4571 In
852 4504 1213 4570 consulam.-
1255 4505 1345 4570 M.
1379 4505 1644 4571 Asinius
1686 4504 2036 4570 Marcellus
2081 4504 2299 4582 Wood,
2347 4503 2715 4569 discover-ies
2760 4508 2829 4568 at
2871 4503 3180 4587 Ιῇνῖιαςιιε,
3227 4505 3324 4569 in-

740 4608 1079 4692 sermione
1120 4609 1291 4691 from
1336 4608 1435 4674 the
1473 4613 1658 4692 yreat
1703 4608 1943 4675 theatre
1979 4630 2042 4674 n.
2076 4614 2114 4673 1
2155 4607 2270 4673 col.
2318 4607 2421 4673 VI
2446 4628 2501 4676 v.
2536 4612 2632 4685 74,
2676 4611 2947 4672 ceterum
2976 4599 3354 4673 Marcellus*

741 4711 920 4793 fasti.
970 4748 1047 4756 —
1093 4711 1312 4777 Filvus
1353 4711 1450 4776 vel
1479 4713 1699 4795 potius
1742 4731 1936 4795 nepos
1980 4709 2256 4777 consulis
2299 4732 2360 4775 a.
2389 4712 2470 4776 54
2510 4707 2774 4775 videtur.

621 4815 780 4880 1021
836 4824 906 4892 Q.
951 4822 1250 4879 ASINIVS
1296 4823 1771 4897 MARCELLVS,
1821 4812 2045 4879 consul
2094 4813 2297 4897 (suff.)
2343 4835 2492 4878 cum
2534 4812 2616 4878 A.
2654 4811 2981 4898 Caepione
3025 4811 3326 4899 Crispino

738 4917 810 4982 in
863 4921 906 4982 t.
959 4916 1183 4983 mutilo
1241 4917 1312 4982 in
1370 4938 1526 5000 ayro
1580 4917 1875 4983 Romano
1925 4921 2176 5000 reperto
2231 4914 2567 4980 Ro‘mische
2613 4911 3105 4998 Mittheilunyen
3161 4919 3327 4979 1886

720 5042 791 5103 p.
840 5024 988 5098 128,
1031 5021 1148 5084 ubi
1189 5020 1588 5103 praecedunt
1645 5018 1927 5086 emmeles
1990 5019 2310 5085 ordinarii
2366 5040 2427 5082 a.
2472 5023 2571 5084 96.
2663 5016 2834 5082 Vnde
2877 5017 3137 5083 Hermen
3181 5037 3324 5081 con-

741 5122 907 5189 sules
964 5129 1025 5189 et
1081 5123 1447 5189 ordinarios
1505 5129 1564 5189 et
1618 5123 1916 5204 suffectos
1969 5123 2244 5188 eiusdem
2289 5120 2450 5187 anm·
2487 5119 2673 5185 iuxta
2717 5119 2966 5202 positos
3008 5138 3138 5184 esse
3180 5138 3324 5185 con·

3813 0 3859 1055 ...ι-’Ῥίῳ-
