3859 5992
591 568 967 632 AVREles
1892 566 2022 635 207
2925 579 3302 637 AVRELIVS

724 776 764 839 έ.
810 778 881 849 1,
939 774 1011 838 in
1067 774 1292 857 teyulis
1348 775 1585 840 Arrius
1645 774 2017 841 Antoninus
2077 780 2119 841 t.
2163 775 2297 861 [2.]
2339 782 2398 841 3.
2443 782 2520 855 4,
2581 776 2883 861 Ful(vus)
2932 776 3305 844 Antoninus

722 878 764 938 t.
808 879 869 953 5,
913 875 1283 943 Antoninus
1323 883 1366 943 t.
1406 882 1464 943 6.

848 978 1182 1046 Educatus
1225 981 1409 1046 Lorii
1456 982 1522 1046 in
1562 980 1834 1047 Aurelia
1876 983 2225 1067 pueritiam
2272 985 2406 1066 egit
2451 1006 2598 1049 cum
2645 1005 2769 1049 avo
2816 988 3104 1070 patei-n0,
3151 1007 3306 1050 mox

722 1093 1014 1148 materno
1058 1085 1193 1149 vita
1220 1090 1280 1163 1,
1309 1088 1372 1149 8.
1404 1088 1461 1152 9.
1530 1084 1852 1165 Quaestor
1890 1083 2199 1169 liberaliS,
2250 1097 2511 1171 praetor
2554 1086 2928 1173 splendidus
2971 1088 3106 1151 vita
3142 1093 3205 1170 2,
3239 1093 3299 1163 9,

721 1187 947 1252 consul
968 1188 1004 1251 I
1032 1210 1090 1257 a.
1116 1188 1239 1254 120
1270 1210 1417 1252 cum
1442 1188 1519 1253 L.
1549 1186 1785 1253 Catilio
1812 1187 2056 1253 Severo
2080 1189 2259 1270 fasti.
2303 1188 2409 1253 Ab
2435 1189 2772 1255 Hadriano
2797 1191 2967 1254 inter
2997 1200 3303 1276 quattuor

720 1288 1125 1373 consulares,
1188 1288 1422 1377 quibus
1463 1288 1654 1354 Italia
1697 1288 2249 1374 committebatur,
2314 1290 2554 1356 electus
2599 1302 2697 1356 est
2738 1291 2826 1358 ad
2870 1313 3013 1356 eam
3056 1303 3305 1379 partem

721 1390 947 1457 Italiae
996 1393 1378 1477 regendam,
1440 1394 1508 1457 in
1565 1415 1697 1480 qua
1753 1391 2103 1479 plurimum
2167 1393 2540 1480 possidebat
2595 1396 2731 1460 υἱέα
2771 1399 2838 1472 2,
2884 1400 2962 1459 11
3008 1395 3090 1477 cf.
3135 1399 3194 1473 3,
3239 1401 3299 1461 1.

720 1494 1146 1561 Proficiscens
1178 1496 1263 1561 ad
1293 1494 1814 1583 proconsulatum
1852 1495 2053 1560 filiam
2083 1498 2394 1561 maiorem
2436 1498 2545 1581 (=
2578 1496 2913 1562 Aureliam
2954 1495 3302 1581 Fadillam)

720 1598 936 1664 amisit
975 1600 1111 1664 vita
1149 1604 1211 1677 3,
1259 1604 1318 1664 6.
1408 1597 1763 1664 Proconsul
1807 1598 2006 1663 Asiae
2046 1600 2182 1663 vita
2208 1603 2268 1677 3,
2319 1599 2709 1666 Marcianus
2735 1600 2979 1683 Diyest.
3009 1604 3111 1678 48,
3150 1605 3212 1678 3,
3244 1605 3300 1678 6,

723 1705 766 1766 έ.
804 1706 845 1765 1
889 1703 1065 1768 circa
1108 1724 1169 1770 a.
1211 1706 1368 1780 135,-
1425 1724 1529 1766 res
1590 1702 1729 1766 eius
1788 1723 1938 1765 cum
1983 1700 2330 1767 Polemone
2389 1703 2677 1789 sophista
2722 1703 3154 1768 Phalostratus
3194 1704 3303 1767 υἱέ.

716 1803 892 1888 soph.
935 1810 993 1883 1,
1040 1809 1147 1883 25,
1192 1809 1236 1870 3
1278 1814 1343 1870 et
1374 1803 1640 1869 Herode
1684 1804 1904 1869 Attico
1953 1804 2080 1872 ibd.
2122 1808 2188 1883 2,
2229 1811 2285 1882 1,
2315 1809 2378 1870 8.
2469 1807 2627 1870 Post
2667 1804 3188 1892 proconsulatum
3237 1807 3302 1868 in

721 1906 1002 1973 consiliis
1047 1907 1364 1972 Hadriani
1410 1907 1657 1972 Romae
1700 1906 2010 1992 frequens
2055 1908 2226 1972 vixit
2265 1909 2401 1972 υἱέα
2442 1912 2502 1985 3,
2547 1912 2606 1973 8.

847 2011 1006 2076 Post
1049 2020 1320 2076 mortem
1367 2010 1443 2076 L.
1473 2008 1644 2075 Aelii
1691 2009 1994 2076 Caesaris
2040 2008 2201 2093 (kal.
2247 2011 2569 2076 Ianuariis
2615 2033 2672 2078 a.
2725 2010 2876 2091 138)
2923 2009 3300 2074 Hadrianus

717 2112 1122 2179 Antoninum
1167 2135 1244 2177 ea
1286 2111 1430 2195 lege
1474 2114 1544 2176 in
1586 2112 2001 2197 adoptionem
2046 2111 2258 2197 elegit,
2317 2123 2389 2178 ut
2432 2112 2541 2177 ille
2584 2113 2674 2177 M.
2724 2112 3010 2177 Annium
3056 2113 3302 2179 Verum

720 2226 785 2281 et
811 2217 889 2282 L.
916 2215 1341 2282 Commodum
1373 2214 1578 2279 filium
1614 2214 1691 2280 L.
1716 2214 1888 2279 Aelii
1912 2214 2212 2280 Caesaris
2243 2214 2365 2280 sibi
2397 2215 2736 2302 adoptaret
2761 2213 2895 2279 Dio
2926 2219 3023 2291 69,
3048 2220 3159 2280 20.
3193 2221 3298 2292 21,

714 2321 849 2385 υἱέα
876 2325 934 2397 4,
979 2321 1090 2384 υἱέ.
1125 2319 1351 2384 Marci
1373 2321 1435 2395 5,
1467 2324 1524 2395 1,
1573 2316 1721 2382 Veri
1747 2322 1811 2394 2,
1844 2322 1910 2395 2,
1953 2317 2175 2384 Severi
2199 2323 2306 2394 20,
2341 2324 2379 2382 1
2409 2318 2793 2401 (viminibus
2820 2316 2917 2381 vel
2947 2316 3302 2400 adoptioni-

719 2424 835 2488 bus
876 2423 1157 2506 confusis
1189 2423 1299 2486 υἱέ.
1328 2420 1665 2486 Hadriani
1690 2426 1796 2498 24,
1832 2427 1890 2497 1,
1924 2419 2104 2485 Aelii
2127 2426 2188 2497 5,
2220 2426 2342 2499 12;
2382 2426 2439 2499 6,
2468 2425 2547 2501 9,·
2592 2427 2648 2499 7,
2678 2420 2769 2503 2),
2817 2420 2923 2484 die
2952 2422 3034 2485 25
3066 2424 3304 2485 mensis
3361 2504 3368 2510 .

717 2526 1060 2592 Februarii
1109 2549 1166 2592 a.
1211 2524 1330 2589 138
1370 2526 1507 2588 υἱέα
1539 2528 1599 2601 4,
1631 2528 1672 2588 6
1708 2521 1817 2605 (cf.
1860 2522 2015 2590 CIL
2055 2523 2140 2589 12
2173 2546 2248 2607 12·
2277 2528 2402 2590 310
2445 2523 2653 2589 Vkal.
2689 2523 2924 2609 Mart.)
2961 2522 3299 2607 factusque

720 2638 818 2694 est
859 2631 1026 2716 patri
1074 2630 1239 2693 etin
1275 2628 1546 2713 imperio
1590 2626 2039 2712 proconsulari
2086 2637 2150 2691 et
2193 2628 2258 2690 in
2303 2626 2655 2692 tribunicia
2697 2636 3014 2714 potestate
3058 2628 3307 2713 collega

715 2734 850 2796 υἱέα
890 2738 951 2810 4,
1002 2738 1056 2800 7.
1146 2730 1305 2796 Post
1356 2730 1755 2813 adoptionem
1813 2730 1980 2816 Imp.
2033 2730 2110 2795 T.
2157 2729 2382 2794 Aelius
2426 2729 2666 2795 Caesar
2722 2730 3093 2797 Antoninus
3152 2732 3300 2800 trib.

716 2845 944 2923 potest.
992 2840 1035 2903 t.
1079 2839 1123 2899 8
1164 2834 1332 2900 idem
1377 2833 1596 2899 addito
1641 2855 1770 2898 cos.
1825 2837 1864 2897 έ.
1914 2838 1971 2910 7,
2031 2832 2102 2897 in
2143 2834 2417 2898 nummis
2456 2833 2621 2919 Imp.
2667 2833 2741 2902 T.
2786 2835 3013 2900 Aelius
3062 2835 3304 2901 Caesar

716 2939 1085 3004 Antoninus
1106 2936 1348 3003 Eckhel
1379 2936 1522 3002 VII
1526 2959 1601 3021 p.
1624 2942 1691 3014 2,
1726 2935 1939 3001 Cohen
1958 2936 2081 3001 112
2107 2935 2269 3000 Pius
2289 2958 2352 3001 n.
2370 2941 2687 3002 128-133.
2712 2943 2851 3002 144.
2875 2944 3173 3004 597-606
3187 2944 3300 3006 ete.

717 3040 875 3107 Post
909 3050 1180 3105 mortem
1212 3038 1532 3104 Hadriani
1563 3038 1699 3121 (die
1731 3041 1811 3103 10
1848 3061 1931 3106 m.
1966 3037 2115 3102 Iulii
2152 3062 2208 3102 a.
2246 3039 2396 3119 138)
2442 3038 2618 3103 solus
2663 3042 3004 3126 imperium
3050 3042 3195 3106 iniit
3240 3052 3305 3107 et

718 3144 819 3208 Pii
864 3142 1360 3231 appellationem
1405 3142 1651 3228 recepit
1691 3143 1826 3206 υἱέα
1868 3145 1909 3206 5
1938 3141 2142 3224 paulo
2175 3145 2326 3224 post
2367 3143 2622 3206 initium
2651 3143 2922 3226 imperii,
2968 3150 3040 3209 ut
3084 3145 3300 3210 docent

712 3248 972 3314 nummi.
1036 3246 1331 3312 Primum
1359 3245 1721 3331 Imperator
1750 3244 1827 3310 Τ.
1872 3244 2099 3309 Aelius
2145 3243 2385 3310 Caesar
2427 3245 2797 3311 Antoninus
2838 3246 3012 3329 Aug.
3060 3247 3304 3312 Ecldzel

712 3372 787 3433 p.
807 3355 869 3428 3,
911 3349 1124 3415 Cohen
1165 3369 1227 3414 n.
1249 3353 1386 3415 663.
1425 3353 1566 3427 664,·
1610 3347 1831 3412 deinde
1871 3348 2235 3433 Imperator
2279 3348 2356 3413 T.
2388 3347 2615 3412 Aelius
2655 3348 2894 3414 Cacsar
2923 3349 3300 3414 Hadrianus

713 3453 1085 3518 Antoninus
1142 3452 1317 3535 Aug.
1363 3451 1518 3515 Pius
1580 3451 1648 3515 in
1710 3451 1984 3515 nummis
2038 3451 2164 3514 sive
2223 3451 2584 3536 Imperator
2642 3449 2884 3516 Caesar
2943 3451 3020 3517 T.
3075 3452 3302 3517 Aelius

714 3555 1092 3621 Hadrianus
1154 3554 1523 3619 Antoninus
1566 3553 1737 3636 Aug.
1793 3553 1950 3618 Pius
2008 3554 2137 3617 sive
2195 3553 2565 3618 Antoninus
2623 3553 2795 3637 Aug.
2844 3553 2999 3618 Pius
3047 3556 3300 3638 passim

714 3661 785 3724 in
828 3658 1032 3724 titulis
1071 3658 1478 3739 numisque.
1557 3655 1799 3722 Consul
1844 3656 1913 3721 II
1956 3679 2013 3723 a.
2050 3656 2191 3738 139,
2238 3656 2339 3721 111
2384 3679 2443 3720 a.
2485 3658 2617 3734 140,
2680 3656 2814 3720 ΙΠΙ
2859 3679 2916 3722 a.
2960 3658 3079 3721 145
3116 3657 3292 3738 fasti.

713 3760 1012 3828 Mortuus
1076 3770 1174 3825 est
1230 3759 1335 3824 die
1389 3761 1425 3825 7
1486 3760 1726 3825 mensis
1782 3759 2004 3824 Martii
2068 3756 2204 3840 (qui
2261 3759 2394 3823 dies
2450 3759 2704 3841 imperii
2750 3759 2845 3824 M.
2909 3757 3169 3823 Aurelii
3224 3782 3301 3824 ex

714 3863 926 3930 Dione
958 3869 1057 3941 71,
1089 3867 1172 3928 33
1215 3861 1444 3929 collato
1487 3862 1617 3928 ibd.
1652 3883 1702 3930 c.
1733 3867 1814 3928 34
1858 3861 2201 3949 colliyitur)
2247 3885 2303 3928 a.
2341 3862 2455 3926 161
2508 3860 2685 3947 apud
2716 3860 2985 3924 Lorium
3028 3862 3162 3925 υἱέα
3194 3867 3298 3937 12,

711 3967 986 4050 Ειιὶνορ.
1028 3971 1090 4044 e,
1131 3969 1192 4044 8,
1233 3966 1531 4050 Epitome
1572 3969 1672 4042 15,
1722 3970 1779 4030 7.

841 4070 1029 4135 onr
1069 4068 1292 4135 Annia
1336 4066 1604 4136 Galeria
1648 4069 1963 4133 Faustina
2004 4088 2060 4131 v.
2102 4067 2170 4132 A
2212 4070 2359 4133 552.
2446 4064 2597 4132 Filii
2651 4088 2863 4131 mares
2908 4066 3070 4148 du0,
3132 4067 3300 4132 duae

714 4174 992 4238 feminae
1035 4173 1169 4236 υἱέα
1199 4178 1256 4248 1,
1292 4178 1351 4249 7,
1398 4171 1635 4236 scilicet
1678 4172 1768 4236 M.
1798 4169 2108 4236 Aurelius
2153 4169 2408 4234 Fulvus
2438 4168 2830 4251 Antoninus,
2874 4169 2964 4234 M.
2999 4169 3300 4237 Galerius

716 4275 1022 4341 Aurelius
1066 4274 1455 4347 Antoninus,
1501 4273 1769 4339 Aurelia
1813 4273 2085 4357 Fadilla,
2133 4273 2352 4338 Annia
2396 4270 2665 4338 Galeria
2708 4273 3039 4340 Faustina.
3101 4269 3300 4346 Ἄπαις

713 4378 977 4466 ἀρρένων
1020 4379 1250 4443 παίδων
1302 4386 1587 4462 tempore
1626 4374 1992 4461 adoptionis
2036 4375 2169 4441 Dio
2198 4380 2298 4453 69,
2330 4380 2453 4455 21;
2498 4373 2670 4439 tituli
2712 4374 3091 4458 sepulcrales
3135 4375 3299 4458 filio-

710 4503 855 4547 rum
901 4479 1004 4545 VI
1036 4483 1178 4545 989.
1218 4483 1340 4545 990
1385 4483 1547 4543 certe
1590 4479 1797 4562 positi
1853 4483 2001 4544 suut
2048 4500 2176 4544 non
2236 4483 2383 4543 ante
2442 4499 2502 4543 a.
2548 4483 2689 4556 139,
2750 4499 2870 4561 quo
2914 4477 3300 4543 mausoleum

713 4583 1049 4650 Hadriani
1075 4582 1434 4666 perfectum
1462 4587 1521 4646 et
1550 4580 1714 4645 Pius
1743 4587 1941 4665 pater
1971 4582 2240 4665 patriae
2276 4585 2676 4664 nuncupatus
2720 4585 2827 4646 est.
2895 4579 2989 4644 At
3030 4581 3103 4645 in
3143 4581 3300 4665 filiis

711 4686 877 4752 idem
920 4685 1067 4769 fieri
1095 4686 1345 4770 potuit,
1388 4683 1558 4767 quod
1597 4684 1842 4766 factum
1886 4689 1978 4749 est
2021 4685 2090 4749 in
2133 4684 2279 4768 filia
2318 4685 2596 4760 maiore,
2640 4687 2712 4748 ut
2757 4702 2900 4747 ossa
2945 4687 3092 4747 ante
3135 4706 3300 4748 mor-

714 4794 965 4855 tuorum
994 4794 1221 4871 postea
1268 4786 1586 4852 mausoleo
1629 4787 2038 4868 inferrentur.
2103 4787 2207 4853 De
2241 4807 2495 4853 nummo
2541 4790 2751 4851 autem
2791 4785 2973 4850 urbis
3012 4784 3302 4851 Graecae

709 4892 918 4957 nescio
963 4891 1159 4968 cuius,
1223 4890 1333 4973 qui
1375 4889 1456 4953 ab
1505 4888 1712 4953 altera
1758 4894 1953 4972 parte
2007 4888 2255 4953 eoehibet
2299 4892 2490 4972 eaput
2535 4887 2634 4952 M.
2686 4885 2945 4952 Galerii
2983 4887 3302 4954 Antonini

715 5016 853 5060 cum
908 4995 1319 5078 inscriptione
1363 4992 1448 5057 M.
1492 4993 1538 5057 Γ
1541 4991 1775 5078 αλέριος
1820 4988 2195 5063 Ἀντωνεῖνος
2249 4992 2680 5077 αὐτοκράτορος
2727 4988 3097 5057 Ἀντωνείνου
3157 4991 3295 5069 υἱός,

711 5098 794 5163 ab
855 5098 1064 5163 altera
1119 5102 1307 5181 caput
1365 5095 1637 5159 velatum
1695 5093 2056 5160 Faustinae
2114 5115 2252 5160 cum
2311 5095 2718 5178 inscriptione
2776 5095 2890 5160 θεὰ
2942 5094 3297 5174 Φαυστεῖνα,

708 5205 874 5268 recte
931 5202 1066 5265 iam
1108 5198 1349 5267 Eclchel
1405 5200 1550 5267 VII
1571 5223 1642 5285 p.
1680 5203 1770 5268 42
1813 5199 2165 5266 observavit
2195 5203 2466 5281 propter
2509 5196 2879 5262 velationem
2923 5199 3156 5281 capitis
3199 5200 3296 5264 in-
