3859 5992
541 575 974 632 CORNIFICIA
1830 571 1958 636 473
2859 581 3246 637 CORYLLVS

579 811 668 822 —-
709 784 1040 840 VOLTEIA
1087 785 1540 845 CORNIFICIA.

580 916 666 925 -
706 888 953 943 ΑΝΝῙΑ
1001 887 1439 945 CORNIFICIA
1483 890 1879 949 FAVSTINA.

541 984 706 1048 1232
751 982 1159 1067 (Cornificia)
1204 983 1526 1050 Faustilla
1580 990 1970 1051 memoratur
2012 987 2083 1050 in
2126 990 2169 1052 t.
2218 986 2484 1052 libertae
2528 986 2632 1052 VI
2661 991 2881 1052 16481.
2969 986 3248 1051 Femina

666 1086 902 1151 nobilis
942 1087 1207 1153 videtwr.

578 1224 664 1232 ——-
708 1196 1094 1252 SERVENIA
1156 1198 1506 1254 CORNVTA
1567 1198 1952 1255 CORNELIA
2014 1200 2442 1257 CALPVRNIA
2498 1201 2835 1257 VALERIA
2899 1201 3247 1256 SECVNDA

666 1299 888 1355 COTIA
906 1291 994 1375 (P)
1041 1301 1414 1357 PROCILLA
1463 1344 1477 1359 .
1505 1344 1520 1359 .
1545 1344 1560 1358 .
1603 1302 1974 1361 LVCVLLA.

543 1393 706 1458 1233
751 1392 1101 1479 Cornutus,
1148 1398 1393 1461 amicus
1425 1395 1691 1478 Tibulli,
1737 1397 1851 1482 qui
1881 1400 1950 1460 in
1978 1395 2150 1461 diem
2182 1395 2461 1461 natalem
2492 1398 2630 1461 eius
2669 1397 2931 1483 scripsit
2974 1396 3248 1480 elegiam

662 1502 728 1574 2,
775 1502 840 1575 2,
890 1520 1039 1563 eum
1081 1498 1458 1586 adloquitur
1504 1503 1569 1583 2,
1615 1503 1675 1576 3,
1718 1505 1776 1564 1.
1867 1499 2087 1564 Potest
2128 1499 2293 1565 idem
2335 1519 2465 1565 esse
2510 1498 2890 1583 Cerinthus,
2940 1498 3029 1564 ad
3069 1500 3249 1565 ouius

664 1621 909 1665 amores
950 1606 1238 1684 spectant
1279 1603 1571 1668 earmina
1621 1601 1865 1667 Tibulli
1903 1608 1964 1679 4,
2008 1607 2148 1668 2-6
2190 1608 2250 1667 et
2293 1602 2622 1686 Suhpioiae
2662 1608 2722 1679 4,
2771 1608 2967 1668 7-12.

541 1720 706 1784 1234
751 1729 1141 1786 CORNVTVS
1186 1732 1502 1802 AQVILA,
1560 1722 1814 1806 legatus
1857 1721 2140 1806 Augusti
2197 1744 2313 1808 pro
2359 1745 2457 1809 pr.
2505 1721 2857 1804 (Galatiae)
2904 1743 3074 1793 anno
3121 1722 3245 1787 748

661 1853 746 1877 =
788 1826 828 1889 6
872 1847 930 1890 a.
971 1824 1047 1893 C.
1091 1825 1229 1891 III
1262 1825 1333 1892 S.
1378 1830 1574 1902 6974,
1629 1826 1746 1890 abi
1799 1824 2037 1890 editum
2094 1830 2187 1890 est
2242 1823 2638 1907 Corn(elio)3
2698 1826 2770 1890 in
2828 1825 3040 1908 lapide
3099 1823 3249 1908 leyit

662 1925 950 1992 Cornuto
1010 1926 1272 1993 Berard
1324 1927 1613 1993 Bulletin
1670 1928 1745 1993 de
1803 1928 2339 2011 correspondanee
2383 1927 2757 2011 Hellenique
2798 1926 2988 1993 XVI
3019 1927 3243 2012 (1892)

658 2050 730 2112 p.
761 2033 891 2096 420
936 2031 1019 2113 cf.
1064 2031 1199 2096 III
1232 2031 1304 2098 S.
1349 2035 1584 2098 12217.

576 2168 662 2176 -
705 2133 782 2198 L.
828 2132 1139 2198 Annaeus
1184 2133 1535 2200 Cornutus.

575 2271 661 2279 —
703 2245 782 2300 M.
831 2245 1229 2301 CAECILIVS
1278 2246 1694 2303 CORNVTVS.

571 2373 661 2382 —
703 2347 1045 2404 FVFICIVS
1094 2349 1505 2406 CORNVTVS.

573 2477 659 2485 —
703 2449 767 2505 C.
812 2453 1060 2508 IVLIVS
1104 2453 1470 2508 PLANCIVS
1514 2453 1758 2508 VARVS
1806 2452 2218 2509 CORNVTVS.

574 2580 660 2589 -
706 2553 768 2609 C.
811 2553 1060 2610 IVLIVS
1110 2556 1498 2611 GORNVTVS
1544 2555 2012 2612 TERTVLLVS.

573 2684 660 2694 —
704 2647 778 2714 O.
824 2648 1116 2714 Licinius
1163 2649 1491 2715 Cornutus
1537 2648 1971 2717 Gabinianus.

571 2787 659 2796 —
700 2761 1065 2817 MANILIVS
1114 2762 1523 2819 CORNVTVS.

571 2890 657 2898 —
701 2864 766 2921 L.
816 2864 1238 2920 SERVENIVS
1285 2864 1694 2921 CORNVTVS.

537 2966 811 3030 1235s36
866 2965 1229 3050 Corocotta„
1277 2967 1442 3032 latro
1487 2969 1556 3031 in
1600 2968 1917 3053 Hispania
1959 2965 2194 3031 nobilis
2238 2977 2450 3031 aetate
2493 2966 2776 3051 Augusti
2818 2965 2952 3031 Dio
2995 2970 3093 3041 56,
3139 2971 3241 3031 43.

536 3078 698 3143 1237
746 3077 1145 3162 (Corvinius)
1213 3078 1648 3160 Aemilianus,
1719 3089 2103 3165 procurator
2164 3078 2613 3162 Augustorum
2680 3079 3083 3161 (Pannoniae
3152 3079 3238 3140 in·

659 3180 962 3265 ferioris),
1009 3193 1192 3267 pater
1235 3182 1313 3263 Q.
1363 3181 1635 3249 Corvini
1683 3182 2022 3247 Severiani
2065 3182 2197 3247 ΙΙΙ
2225 3186 2399 3248 3281
2446 3187 2488 3246 t.
2539 3182 2919 3246 Marseusis,

535 3293 700 3356 1238
742 3292 824 3374 Q.
869 3291 1219 3359 Oorvinius
1279 3294 1706 3375 Severianus,
1771 3292 2119 3376 (Corvinii)
2171 3292 2523 3358 Aemiliani
2580 3292 2755 3357 filius
2800 3292 2932 3358 III
2964 3297 3139 3358 3281
3200 3296 3241 3354 t.

661 3394 1041 3460 Mursensis’.

533 3497 698 3562 1239
744 3496 1088 3579 Corvinus,
1137 3500 1382 3563 amicus
1419 3498 1768 3583 Iuvenalis,
1802 3499 1887 3564 ad
1917 3521 2113 3585 quem
2144 3500 2405 3585 scripsit
2440 3503 2562 3564 sat.
2593 3503 2683 3565 12
2711 3502 2959 3583 (nomen
2974 3499 3244 3580 ponitur

534 3620 700 3767 1243
746 3599 1069 3768 {ofilius
1140 3715 1531 3769 memoratur
1603 3714 1678 3769 ut
1748 3704 1939 3769 homo
2009 3704 2247 3771 nobilis
2311 3706 2654 3791 prosapiae
2720 3726 2969 3790 pauper
3032 3702 3243 3766 factus

657 3805 940 3873 Juvenal.
988 3812 1044 3883 1,
1093 3812 1248 3885 108,-
1289 3807 1538 3871 videtur
1580 3809 1779 3888 fuisse
1823 3830 1855 3871 e
1893 3812 2076 3890 yente
2121 3807 2384 3873 Valeria
2427 3809 2511 3890 ef.
2566 3808 2712 3873 Tae.
2761 3830 2821 3872 a.
2867 3811 2965 3883 13,
3010 3811 3110 3869 34.

570 3953 656 3961 —
699 3927 994 3981 TAVRVS
1035 3927 1423 3983 STATILIVS
1457 3927 1854 3983 GORVINIVS
1884 3950 1970 3972 =
1998 3929 2064 3984 T.
2097 3930 2486 3985 STATILIVS
2520 3929 2887 3985 CORVINVS
2925 3927 3239 3982 TAVRVS·

569 4058 658 4065 —
699 4031 777 4084 M.
823 4030 1203 4085 VALERIVS
1244 4031 1640 4085 MESSALLA
1687 4030 2078 4087 CORVINVS.

534 4124 690 4187 1241
744 4121 1064 4188 Corvinus
1112 4123 1319 4205 Celer,
1366 4136 1671 4210 quaestor
1702 4125 1976 4189 Oeensis
2003 4125 2318 4208 Apuleius
2363 4126 2529 4208 apol.
2569 4131 2693 4192 101
2719 4148 2794 4209 p.
2828 4131 2962 4202 111,
3010 4129 3104 4191 27
3144 4124 3238 4188 ed.

657 4224 955 4308 Kriiyem·
1002 4225 1327 4292 Corvinus
1375 4226 1672 4292 Clemens
1718 4227 1850 4292 loeo
1893 4228 2279 4310 interpolato
2311 4249 2382 4310 12·
2415 4233 2562 4306 112,
2605 4232 2665 4295 5.

533 4346 696 4411 1242
744 4344 861 4409 *P.
905 4354 1220 4412 convlvs
1265 4356 1639 4429 RVSTlcVS,
1688 4347 1912 4412 consul
1959 4347 2305 4432 (suffectus)
2350 4349 2520 4414 XVI
2564 4349 2631 4412 k.
2679 4349 2855 4435 Sept.
2903 4348 3096 4431 (anno
3142 4350 3240 4414 in-

656 4453 824 4513 certo
853 4452 999 4514 ante
1029 4471 1265 4515 annam
1293 4450 1419 4534 79).
1469 4451 1581 4516 Sic
1607 4453 1870 4516 nomina
1890 4450 2208 4534 Borybesi
2234 4453 2304 4516 in
2335 4452 2518 4517 titulo
2546 4451 2937 4535 Pompeiano
2962 4451 3240 4533 qraphio

654 4556 922 4616 exarato
951 4551 1069 4617 IV
1088 4556 1247 4620 1554
1278 4555 1606 4636 aynovisse
1641 4555 1770 4619 sibi
1809 4555 1981 4619 visus
2025 4560 2150 4635 est‚·
2192 4556 2305 4620 sed
2331 4555 2581 4620 litterae
2611 4557 2932 4639 pessimae
2961 4555 3069 4637 (ef.
3106 4554 3234 4619 tab.

654 4654 803 4719 XV
827 4654 889 4738 1)
932 4658 1196 4720 nomina
1241 4656 1562 4721 consulum
1606 4678 1685 4721 ne
1715 4658 2146 4740 probabiliter
2188 4659 2437 4740 quidem
2479 4664 2755 4724 statuere
2793 4660 3028 4725 sinunt.

531 4775 697 4840 1243
745 4774 1015 4860 Corvus,
1065 4775 1284 4841 rhetor
1325 4787 1537 4842 aetate
1583 4776 1867 4861 Augusti
1913 4780 2156 4844 Seneca
2199 4799 2444 4847 suasor.
2487 4785 2552 4857 2,
2597 4784 2707 4845 21.

532 4896 697 4959 1244
744 4895 1066 4981 CorylluS,
1115 4921 1234 4962 rex
1265 4897 1632 4966 Gothorum
1676 4909 1822 4985 post
1857 4898 2267 4965 Comosicum
2310 4903 2378 4964 in
2409 4900 2619 4964 Dacia
2657 4921 2775 4986 per
2805 4899 3239 4985 quadraginta

654 5021 859 5062 annos
906 5000 1042 5063 suis
1084 5000 1388 5083 gentibus
1433 5003 1780 5087 imperavit
1821 5002 2088 5070 Jordan.
2133 5002 2273 5068 Get.
2301 5005 2406 5080 12,
2440 5008 2556 5081 73;
2615 5001 2946 5088 Scoryllus
2991 5002 3236 5085 proba-

653 5102 864 5167 biliter
894 5104 1155 5167 coniecit
1175 5104 1260 5169 A.
1292 5125 1412 5171 von
1438 5104 1816 5171 Gutschmid
1841 5105 2071 5171 collato
2099 5104 2419 5171 Frontino
2454 5111 2642 5173 strat.
2665 5112 2724 5183 1,
2749 5112 2850 5183 10,
2873 5111 2915 5171 4
2941 5105 3235 5192 ‘Scorylo

656 5205 795 5270 dux
839 5206 1219 5274 Dacorum'.
