3859 5992
609 526 849 582 ANNIA
1929 516 2011 583 78
3086 527 3324 583 ANNIA

734 721 975 789 Eclchel
1007 746 1081 806 p.
1128 729 1228 801 79,
1286 723 1500 790 Oohen
1531 746 1603 808 p.
1645 729 1766 790 149
1823 745 1886 789 n.
1926 729 2054 791 139
2096 744 2226 807 sqq.
2313 722 2476 788 Cum
2539 723 2621 789 de
2680 723 3056 791 valetudine
3112 725 3325 790 mariti

735 825 1129 913 desperaret,
1176 849 1325 893 cum
1352 826 1593 893 Avidio
1633 827 1858 893 Cassio
1904 836 2155 893 secreta
2196 825 2467 892 consilia
2509 825 2592 892 de
2634 827 2906 913 imperio
2951 827 3324 914 usurpando

736 930 955 994 iniisse
998 952 1039 995 a
1085 929 1478 1018 quibusdam
1517 930 1888 996 insimulata
1930 941 2031 996 est
2072 931 2180 998 vit.
2230 929 2455 995 Marci
2494 935 2601 1008 24,
2647 935 2782 996 6-7
2823 959 2907 985 =
2948 930 3058 998 vit.
3103 930 3329 996 Avidii

741 1031 958 1098 Cassii
1002 1037 1056 1110 7,
1103 1037 1162 1109 1,
1223 1032 1356 1098 Dio
1401 1038 1500 1111 71,
1545 1037 1657 1100 22.
1756 1033 2121 1118 (Epistulas
2177 1031 2539 1097 Faustinae
2596 1036 2657 1097 et
2717 1032 2971 1110 Marci,
3030 1052 3193 1115 quae
3251 1032 3326 1097 de

736 1133 1072 1200 rebellione
1100 1134 1328 1199 Avidii
1368 1136 1439 1200 in
1479 1136 1614 1200 vita
1651 1135 1786 1200 eius
1827 1156 1879 1201 e.
1912 1140 1953 1201 9
1982 1155 2111 1217 sqq.
2157 1133 2540 1214 afferuntur,
2584 1156 2764 1200 mera
2806 1136 3156 1200 commenta
3197 1155 3325 1200 esse

737 1235 1201 1321 mythhistorioi
1243 1238 1574 1303 cuiusdam
1617 1242 1864 1303 constat
1906 1239 2075 1303 ‘enter
2120 1237 2373 1319 omnes.)
2459 1235 2701 1302 Avidio
2746 1258 3052 1324 oppresso
3096 1260 3155 1302 a.
3206 1237 3324 1303 175

739 1342 1043 1404 maritum
1104 1341 1170 1404 in
1226 1341 1535 1405 orientem
1596 1343 1902 1406 comitata
1959 1362 2018 1405 a.
2070 1340 2194 1405 176
2246 1341 2313 1404 in
2359 1339 2690 1406 radicibus
2733 1340 2972 1405 montis
3013 1340 3213 1405 Tauri
3258 1340 3322 1405 in

740 1443 885 1507 vico
932 1440 1206 1507 Halalae
1264 1444 1479 1509 subito
1537 1452 1795 1509 mortua
1855 1453 1955 1508 est
2008 1444 2117 1507 vit.
2168 1442 2394 1508 Marci
2433 1446 2539 1520 26,
2584 1448 2643 1521 4,
2690 1441 2826 1508 Dio
2870 1447 2967 1520 71,
3010 1445 3115 1509 30.
3197 1441 3324 1506 De-

739 1544 998 1610 functae
1040 1544 1266 1610 Marco
1325 1556 1586 1632 petente
1638 1547 1872 1611 summi
1931 1544 2212 1611 honores
2269 1544 2505 1628 habiti,
2568 1555 2948 1610 consecrata
3002 1554 3100 1609 est
3144 1543 3327 1627 (diva

741 1648 910 1730 Aug.
956 1648 1271 1712 Faustina
1326 1649 1455 1714 sive
1511 1648 1668 1714 diva
1711 1649 2027 1714 Faustina
2083 1649 2193 1734 pia
2233 1648 2486 1732 passim
2529 1649 2599 1713 in
2642 1647 2848 1712 titulis
2888 1646 3323 1729 nummi-sque),

740 1772 949 1815 novae
1005 1749 1257 1835 puellae
1299 1751 1761 1817 Faustinianas
1819 1752 2151 1816 institutae
2208 1749 2466 1837 aliaque
2524 1750 2591 1815 id
2649 1771 2856 1834 genus
2914 1748 3179 1814 decreta
3215 1750 3323 1816 vit.

742 1853 970 1918 Marci
1005 1857 1111 1931 26,
1157 1857 1310 1932 5-8,
1356 1853 1489 1919 Dio
1535 1859 1631 1932 71,
1674 1858 1776 1919 31.
1879 1854 2142 1918 Marcus
2201 1852 2357 1943 fecit
2414 1853 2735 1918 coloniam
2792 1854 3014 1917 vicum
3073 1852 3139 1917 in
3196 1873 3323 1938 quo

743 1954 906 2021 obiit
933 1956 1250 2021 Faustina
1286 1966 1353 2020 et
1395 1955 1623 2021 aedem
1668 1955 1759 2021 illi
1807 1957 2103 2021 extruxit
2145 1956 2254 2021 vit.
2288 1954 2514 2021 Marci
2539 1961 2646 2034 26,
2676 1960 2736 2033 9,
2777 1954 3103 2021 Caracall.
3134 1959 3231 2031 11,
3267 1958 3323 2022 7.

737 2057 985 2123 Multae
1043 2058 1317 2124 fabellae
1376 2058 1576 2142 vulgo
1635 2058 2015 2124 ferebantur
2059 2058 2143 2124 de
2185 2058 2538 2124 Faustinae
2581 2057 2986 2143 impudicitia
3029 2066 3100 2123 et
3146 2055 3324 2121 adul-

739 2161 939 2243 teriis,
985 2183 1154 2247 quae
1199 2164 1415 2226 omnia
1457 2163 1718 2227 Marcus
1763 2171 1878 2227 aut
1921 2162 2255 2227 nesciebat
2297 2171 2412 2226 aut
2453 2160 2907 2226 dissimulabat
2945 2161 3055 2226 vit.
3104 2159 3329 2225 Marci

736 2268 832 2341 19,
880 2268 1049 2344 1-9,·
1089 2269 1196 2342 23,
1233 2270 1276 2328 7
1284 2284 1305 2342 ,·
1347 2269 1455 2342 26,
1487 2269 1558 2342 6,·
1606 2269 1715 2342 29,
1755 2270 1906 2342 1-3,
1970 2264 2119 2330 Veri
2155 2269 2257 2341 10,
2289 2270 2349 2329 1.
2378 2268 2440 2341 5,
2486 2262 2618 2329 Dio
2651 2268 2749 2341 71,
2780 2267 2882 2340 34,
2945 2262 3101 2328 Vict.
3144 2261 3323 2328 Cae-3.

736 2372 834 2444 16,
867 2373 932 2444 2,
980 2365 1225 2432 Iulian.
1268 2366 1450 2435 Caes.
1485 2389 1558 2451 p.
1597 2372 1727 2434 429
1769 2367 1982 2433 Hertz.
2072 2368 2223 2453 Ipse
2270 2365 2601 2453 praedicat
2644 2387 2916 2431 uxorem
2960 2367 3174 2432 οὑτωσὶ
3217 2366 3324 2451 μὲν

737 2471 1056 2558 πειθήνιον,
1103 2472 1259 2537 οὕτω
1300 2472 1366 2536 δὲ
1396 2470 1805 2559 φιλόστοργον,
1851 2472 2008 2537 οὕτω
2043 2471 2109 2535 δὲ
2140 2470 2339 2559 ἀφελῆ
2374 2469 2647 2535 Marcus
2674 2471 2760 2542 εἰς
2787 2468 2998 2536 ἑαυτόν
3028 2473 3087 2546 1,
3117 2473 3216 2534 17.
3244 2502 3322 2513 -·

739 2570 1145 2638 Memoratur
1178 2573 1249 2637 in
1291 2573 1578 2656 epistulis
1608 2571 1835 2638 Marci
1876 2578 1937 2638 et
1964 2572 2317 2638 Frontonis
2343 2571 2593 2638 Fronto
2611 2594 2684 2655 p.
2708 2576 2812 2637 80.
2840 2575 2943 2637 83.
2974 2574 3079 2640 89.
3111 2576 3211 2638 90.
3245 2575 3325 2637 91

738 2675 1104 2758 passimque
1144 2677 1397 2741 nomine
1442 2677 1689 2743 omisso.

864 2778 1091 2843 Liberi
1118 2779 1346 2843 Marci
1371 2783 1431 2844 et
1457 2777 1818 2845 Faustinae
1855 2782 2005 2862 quot
2049 2779 2301 2844 omnino
2345 2778 2590 2860 fuerint
2631 2778 2987 2861 ignorum,
3036 2775 3327 2842 tredecim

736 2886 919 2945 notos
960 2880 1280 2950 habemas-9.
1370 2880 1450 2947 A.
1500 2882 1626 2947 146
1679 2880 1899 2947 Annia
1958 2879 2226 2949 Galeria
2282 2879 2556 2946 Aurelia
2613 2881 2929 2946 Faustina
2985 2888 3139 2945 nata
3195 2888 3325 2960 estt,

740 2981 862 3046 sub
908 2984 1166 3048 initium
1209 3005 1269 3049 a.
1319 2984 1441 3050 147
1494 2983 1666 3049 filius
1724 2994 1916 3049 natus
1976 2992 2041 3049 et
2094 2983 2285 3070 paulo
2344 2994 2493 3070 post
2549 2992 2843 3049 mortuus
2904 2992 3003 3048 est
3057 2980 3328 3065 epistula

744 3085 970 3151 Marci
1011 3086 1099 3151 acl
1138 3086 1450 3170 Isphesios
1494 3087 1652 3153 data
1695 3087 1754 3152 cl.
1798 3091 1887 3154 28
1928 3088 2160 3152 mensis
2206 3086 2450 3151 Martii
2505 3107 2566 3151 a.
2608 3091 2732 3151 147
2768 3084 2936 3152 OIG
2977 3089 3105 3150 317
3117 3085 3175 3162 b,
3221 3085 3332 3167 qui

740 3187 984 3253 indetur
1025 3209 1156 3255 esse
1198 3189 1274 3253 Τ.
1305 3189 1535 3255 Aelius
1579 3188 1986 3273 Antoninus3
2032 3188 2184 3254 dein
2227 3188 2399 3254 filiae
2444 3199 2635 3254 natae
2679 3199 2848 3272 sunt,
2892 3193 2966 3253 ut
3007 3187 3329 3271 eolliyitur

740 3311 816 3355 ex
859 3291 1145 3374 epistulis
1176 3292 1402 3358 Marci
1437 3298 1497 3358 et
1524 3291 1877 3359 Frontonis
1907 3315 1982 3377 p.
2012 3296 2120 3360 82.
2165 3296 2266 3359 86.
2312 3296 2416 3370 89,
2462 3293 2683 3357 Annia
2709 3290 2984 3375 Lucilla,
3032 3288 3327 3374 (ArriaP)

743 3392 1014 3479 Fadilla,
1049 3393 1434 3478 Cornificia3
1482 3405 1819 3481 praeterea
1848 3398 1966 3462 Pio
1997 3396 2152 3460 vivo
2190 3396 2325 3460 nati
2365 3404 2432 3459 et
2458 3397 2698 3460 mortui
2727 3402 2880 3459 sunt
2908 3394 2985 3459 T.
3015 3392 3327 3458 Aurelius

738 3496 1133 3580 Antoninus,
1175 3498 1251 3562 T.
1286 3497 1512 3563 Aelius
1558 3497 1886 3579 Aurelius,
1937 3498 2226 3563 Domitia
2268 3497 2600 3579 Faustina,
2646 3501 2720 3561 ut
2760 3517 2837 3562 ex
2876 3497 3081 3561 titulis
3120 3495 3325 3579 sepul-

742 3598 1025 3666 cralibus
1054 3606 1328 3684 apparet
1357 3601 1621 3668 171993.
1655 3607 1797 3669 994.
1829 3606 1988 3680 995,·
2018 3601 2082 3668 d.
2114 3601 2190 3668 31
2228 3622 2427 3669 mens.
2461 3600 2742 3685 Augusti
2773 3622 2833 3664 a.
2863 3602 2973 3663 161
3014 3599 3328 3664 Faustina

741 3703 995 3789 peperit
1050 3704 1127 3771 L.
1172 3702 1515 3769 Aurelium
1557 3703 1986 3770 Commodum
2032 3714 2097 3769 et
2137 3703 2542 3769 Antoninum
2599 3703 2891 3785 geminos
2951 3701 3034 3783 cf.
3079 3699 3325 3765 Fronto

738 3827 813 3888 p.
845 3810 1002 3884 101,-
1045 3828 1103 3872 a.
1141 3808 1264 3873 163
1293 3807 1383 3874 Μ.
1417 3806 1675 3872 Annius
1702 3807 1918 3872 Verus
1951 3816 2140 3872 natus
2171 3817 2287 3890 est,
2334 3806 2642 3871 incertum
2684 3826 2806 3888 quo
2851 3823 3021 3869 anno
3050 3800 3326 3867 Hadria-

747 3930 903 3991 nusr,
961 3907 1096 3974 filia
1151 3919 1309 3974 natu
1352 3910 1621 3974 minima
1664 3909 1928 3975 videtur
1971 3909 2171 3975 Vibia
2214 3904 2484 3974 Aurelia
2528 3907 2806 3983 Sabina,
2867 3928 2945 3971 ea
2982 3903 3118 3969 filia
3159 3926 3326 3990 quae

743 4011 1015 4075 triennis
1053 4010 1292 4077 dicitur
1336 4010 1458 4076 sub
1497 4033 1742 4077 annum
1787 4012 1921 4076 fere
1955 4011 2078 4078 170
2110 4011 2422 4078 Philostr.
2453 4011 2561 4075 vit.
2593 4009 2854 4093 sophist.
2885 4013 2953 4087 2,
2984 4011 3042 4086 1,
3074 4010 3181 4074 27.
3214 4011 3323 4072 28.

613 4112 741 4177 554
784 4120 1025 4177 ANNIA
1069 4123 1392 4198 ITALIGA,
1438 4115 1513 4179 L.
1560 4114 1761 4180 Annii
1809 4114 2019 4180 Italici
2064 4115 2384 4179 Honorati
2428 4112 2564 4177 filia
2607 4113 2740 4178 ΙΙΙ
2771 4116 2953 4177 1071.
2998 4114 3188 4176 1072.

615 4214 740 4279 555
784 4223 1025 4279 ANNIA
1069 4225 1395 4281 LVCILLA
1438 4248 1519 4271 =
1562 4227 1889 4282 LVCILLA
1931 4226 2295 4282 AVGVSTA.
2374 4215 2640 4280 Nummi
2666 4213 2908 4280 Eckhel
2956 4213 3099 4279 VII
3117 4235 3190 4295 p.
3222 4216 3323 4289 98,

745 4315 955 4382 Cohen
1013 4318 1176 4383 1112
1210 4340 1282 4402 p.
1328 4323 1456 4386 215
1500 4340 1658 4403 sqq„
1719 4324 2107 4385 memoratur
2161 4320 2233 4384 in
2297 4323 2339 4383 t.
2390 4322 2662 4402 prqiter
2713 4315 3129 4400 puerperium
3192 4315 3326 4380 eius

743 4420 982 4484 Iunoni
1008 4421 1293 4486 Iascinae
1320 4443 1448 4505 pro
1484 4421 1688 4487 salute
1718 4422 1937 4487 (lomus
1962 4422 2397 4506 Augustorum
2427 4421 2644 4505 posito
2689 4440 2750 4484 a.
2785 4423 2907 4483 166
2949 4418 3054 4484 VI
3068 4422 3209 4483 360.
3239 4454 3326 4465 —

747 4520 962 4587 Annia
990 4522 1247 4588 Lucilla
1286 4524 1357 4588 in
1399 4545 1525 4589 uno
1567 4524 1803 4589 dieitur
1843 4546 2095 4590 nummo
2124 4523 2585 4607 Byzantiorum
2618 4522 2915 4587 Mionnet
2943 4521 2995 4587 I
3009 4525 3152 4598 379,
3184 4525 3324 4596 107,

747 4629 1017 4690 ceterum
1059 4626 1129 4690 in
1177 4628 1452 4691 nummis
1496 4626 1751 4693 Lucilla
1795 4624 1968 4711 Aug.
2014 4627 2110 4692 vel
2151 4624 2407 4691 Lucilla
2450 4624 2621 4708 Aug.
2665 4623 2985 4689 Antonini
3028 4616 3198 4706 Aug.
3247 4623 3326 4705 f.;

748 4726 1002 4793 Lucilla
1045 4727 1217 4812 Aug.
1265 4733 1345 4807 t.,·
1387 4728 1645 4794 Lucilla
1689 4729 1864 4812 apud
1901 4730 2260 4812 scriptores

874 4829 1046 4896 Filia
1086 4829 1177 4896 Μ.
1222 4829 1475 4896 Aurelii
1521 4831 1837 4896 Antonini
1896 4842 1963 4896 et
2019 4831 2275 4896 Anniae
2318 4830 2673 4896 Faustinae
2729 4830 2840 4893 vit.
2887 4828 3115 4893 Marci
3144 4832 3201 4904 7,
3251 4833 3321 4901 7,·

744 4939 851 5011 20,
899 4939 956 5010 6,
1001 4933 1111 4998 vit.
1159 4933 1310 4999 Veri
1348 4939 1414 5011 2,
1445 4940 1521 5012 4,·
1566 4939 1621 5011 7,
1659 4938 1731 5013 7,·
1773 4940 1870 5011 10,
1903 4939 1962 5012 1,
2007 4933 2142 4999 Dio
2187 4938 2284 5010 71,
2320 4938 2378 5010 1,
2426 4932 2840 4998 Herodianus
2872 4935 2930 5008 1,
2959 4935 3020 5008 3,
3050 4937 3125 5007 1,·
3167 4933 3327 4993 nata

746 5041 835 5103 est
874 5037 1048 5102 cirea
1089 5057 1149 5100 a.
1196 5040 1335 5102 148.
1426 5038 1623 5102 Pater
1682 5037 2026 5123 imperium
2079 5035 2355 5122 adeptus
2409 5058 2466 5101 a.
2511 5036 2634 5101 161
2685 5055 2829 5099 eam
2871 5034 2950 5099 L.
2987 5032 3163 5099 Vero
3216 5030 3327 5095 de-

744 5137 1006 5226 spondit
1055 5140 1166 5205 vit.
1213 5138 1438 5205 Marci
1482 5143 1538 5216 7,
1589 5144 1660 5218 7,·
1718 5162 1776 5206 a.
1825 5140 1949 5218 164
1992 5138 2282 5218 Marcus·
2312 5158 2457 5205 eam
2514 5147 2868 5223 nupturam
2921 5134 3328 5200 commissam
