3859 5992
541 547 870 606 APRONIA
1834 540 1953 606 121
2971 550 3252 620 AQVILA

670 745 934 812 consule
960 746 1224 812 Africae
1270 747 1552 812 militans
1597 746 1877 831 (vixdum
1909 746 2263 829 pueritiam
2293 764 2593 829 eyressus,
2623 728 2697 811 a‘t
2722 766 2801 811 εει
2829 747 2925 812 tit.
2958 746 3251 830 apparet)

670 861 894 915 contra
923 847 1400 915 Tacfarinatem
1432 872 1739 936 prospere
1771 851 2088 935 pugnavit
2116 871 2173 916 a.
2199 851 2280 913 20
2313 849 2459 914 Tac,
2487 869 2547 913 a.
2579 854 2641 924 3,
2673 852 2781 925 28,
2816 848 2989 913 unde
3015 849 3253 915 VIIvir

670 950 1017 1038 epulonum
1059 952 1271 1018 factus
1303 953 1543 1017 Veneri
1576 953 1902 1038 Erycinae
1946 953 2115 1016 inter
2158 950 2288 1016 alia
2331 950 2607 1016 ‘felicem
2649 949 2966 1034 gladium‘
3016 961 3082 1016 et
3123 975 3254 1017 una

669 1076 817 1118 cum
860 1064 1046 1140 patre
1090 1055 1373 1139 effigiem
1419 1053 1665 1120 Tiberii
1711 1053 2007 1119 versibus
2049 1052 2378 1118 dedicavit
2422 1055 2516 1120 tit.
2603 1053 2797 1118 Anno
2843 1056 2926 1119 32
2969 1064 3246 1140 praetor,

668 1178 817 1221 cum
870 1157 1108 1224 Seiano
1154 1156 1557 1223 familiariter
1601 1180 1754 1222 usus
1802 1167 1973 1222 esset
2031 1167 2096 1231 et
2138 1155 2385 1221 Tiberii
2432 1154 2759 1220 calvitiem
2801 1154 3065 1242 publice
3108 1157 3250 1221 irri-

670 1259 875 1342 sisset,
923 1269 1138 1325 tamen
1183 1282 1225 1325 a
1267 1260 1529 1326 Tiberio
1576 1269 1982 1345 contemptus
2027 1260 2234 1324 evasit
2276 1257 2409 1324 Dio
2452 1262 2552 1335 58,
2600 1262 2702 1324 19.
2791 1258 3031 1324 Consul
3076 1283 3133 1324 a.
3165 1261 3249 1326 39

667 1361 845 1443 fasti.
893 1400 972 1409 —
1018 1363 1131 1428 Ad
1172 1384 1312 1430 eum
1344 1364 1668 1446 pertinere
1710 1363 2022 1440 videntur,
2068 1382 2229 1445 quae
2272 1363 2470 1444 refert
2504 1361 2764 1426 Plinius
2803 1382 2868 1426 n.
2907 1361 2967 1428 h.
3000 1367 3100 1440 11,
3128 1366 3252 1427 313

671 1463 745 1530 L.
793 1464 1044 1550 Aproni
1105 1464 1461 1531 consularis
1521 1467 1646 1530 viri
1705 1464 1840 1530 filio
1901 1465 2223 1530 detractas
2282 1463 2504 1549 adipes
2559 1464 2974 1550 levatumque
3017 1486 3252 1550 corpus

668 1565 962 1632 inmobili
1009 1589 1223 1635 onere.

553 1703 646 1715 —-
709 1678 776 1737 L.
821 1679 1071 1735 IVLIVS
1116 1680 1488 1737 APRONIVS
1535 1679 1872 1735 MAENIVS
1917 1678 2347 1738 AVITIANVS.

555 1806 644 1816 —
710 1780 779 1836 L.
825 1782 1074 1838 IVLIVS
1118 1782 1491 1839 APRONIVS
1538 1782 1880 1837 MAENIVS
1925 1782 2116 1838 PIVS.

560 1910 642 1918 —
711 1883 778 1941 L.
823 1875 1130 1957 IVL(IVS)
1173 1885 1547 1942 APRONIVS
1591 1884 1892 1939 MAENIV
1896 1884 1932 1939 S
1979 1884 2104 1938 PIV
2109 1884 2145 1938 S
2192 1882 2846 1940 SALAMALLIANVS.

557 2011 646 2021 —
710 1985 778 2043 L.
848 1985 1291 2042 STERTINIVS
1359 1986 1896 2056 QVINTILIANVS
1964 1985 2261 2041 ACILIVS
2331 1984 2618 2040 STRABO
2687 1985 2753 2054 Q.
2825 1984 3248 2042 CORNELIVS

668 2087 1027 2144 RVSTICVS
1071 2089 1446 2146 APRONIVS
1493 2088 1817 2145 SENECIO
1863 2087 2271 2144 PROCVLVS.

536 2180 667 2245 789
709 2190 1070 2266 APRONIA,
1119 2183 1196 2251 L.
1243 2183 1518 2269 Apronii
1561 2183 1606 2247 f.
1654 2183 1760 2265 (cf.
1804 2203 1868 2250 n.
1903 2184 2072 2269 7879,
2117 2181 2209 2247 M.
2259 2180 2497 2246 Plautii
2544 2180 2794 2248 Silvani
2844 2205 3013 2248 uxor
3060 2204 3117 2247 a.
3166 2184 3252 2248 24

671 2306 709 2348 a
751 2288 988 2351 marito
1036 2288 1249 2351 occisa
1301 2286 1447 2353 Tac.
1482 2307 1542 2353 a.
1573 2291 1632 2362 4,
1664 2289 1777 2352 22.

536 2386 666 2452 790
705 2385 1004 2474 Apronia
1044 2388 1116 2454 in
1160 2393 1203 2458 t.
1246 2409 1462 2454 servae
1508 2388 1610 2454 VI
1634 2393 1815 2456 9849.

559 2525 649 2535 -
709 2499 777 2556 L.
798 2490 889 2572 (ν)
933 2500 1143 2556 IVLIA
1185 2499 1521 2555 APRomA
1564 2499 1873 2555 ALFENA
1916 2498 2344 2557 AGR1PP1NA.

555 2629 642 2638 —
705 2602 775 2658 L.
821 2603 1031 2658 IVLIA
1074 2601 1409 2659 APRONIA
1449 2602 1751 2658 MAENIA
1798 2600 2347 2660 SALAMALLIAS.

558 2732 648 2741 —
708 2704 1017 2760 LVCILIA
1060 2704 1431 2761 APRVLLA.

534 2798 656 2864 791
708 2798 1009 2884 Apsaeus
1054 2797 1379 2888 (Ἀψαῖος),
1426 2797 1871 2884 Palmyrenus,
1918 2808 2262 2885 postquam
2305 2796 2701 2863 Aurelianus
2746 2796 3036 2863 Zenobia
3079 2799 3253 2862 victa

666 2902 1025 2967 exercitum
1057 2903 1122 2965 in
1153 2902 1484 2987 Europam
1513 2900 1793 2982 reduxit,
1840 2911 2068 2966 auctor
2112 2900 2446 2967 seditionis
2491 2901 2709 2965 extitit
2737 2900 3029 2966 Zosimus
3058 2905 3117 2977 1,
3151 2905 3248 2965 60.

664 3004 958 3069 Eundem
999 3006 1344 3070 memorari
1386 3006 1688 3088 opinatur
1732 3005 2162 3089 Wadclinqton
2201 3006 2271 3068 in
2314 3009 2357 3074 t.
2390 3004 2772 3087 Palmyreno
2802 3005 3040 3069 Lebas-
3057 3002 3253 3069 Wad-

668 3105 929 3190 dinyton
970 3112 1178 3174 2582.-
1226 3107 1583 3194 Σεπήίμιον]
1619 3106 1866 3196 Ἀψαῖον
1911 3111 2011 3173 τὸν
2055 3109 2331 3195 πολείτην
2374 3109 2473 3173 καὶ
2516 3110 2847 3194 προστάτην
2891 3109 2932 3194 ἡ
2977 3107 3164 3178 πόλις.

535 3209 666 3275 792
710 3219 1031 3274 APVDIVS
1074 3209 1208 3275 Dio
1251 3215 1349 3287 53,
1396 3215 1486 3276 20
1533 3210 1675 3275 vide
1720 3211 1873 3277 Sex,
1921 3211 2250 3275 Pacuvius
2293 3212 2569 3277 Taurus.

553 3348 648 3358 —
709 3311 1025 3398 Apuleius
1068 3313 1210 3378 vide
1252 3311 1637 3400 Appuleius.

534 3415 667 3480 793
710 3415 969 3502 Aquila,
992 3415 1390 3482 Maecenatis
1421 3414 1691 3481 libertus
1714 3415 1847 3481 Dio
1868 3419 1964 3493 55,
1989 3421 2047 3493 7,
2084 3416 2343 3483 Saeton.
2367 3414 2512 3480 Rez.
2538 3412 3005 3494 Reifferscheid
3018 3436 3092 3498 p.
3109 3419 3248 3480 136.

535 3518 670 3584 794
712 3516 955 3605 Aquila
990 3520 1160 3583 inter
1197 3541 1612 3604 percussores
1649 3519 2058 3606 imperatoris
2104 3520 2230 3587 Gai
2277 3518 2525 3602 Ioseph.
2559 3522 2689 3585 ant.
2721 3521 2821 3593 19,
2868 3522 2924 3594 1,
2966 3522 3064 3583 14.

555 3657 648 3667 —
711 3620 958 3708 Aquila
1001 3621 1204 3687 Fidus
1246 3643 1302 3687 v.
1346 3621 1555 3687 Iulius
1600 3622 1805 3688 Fidus
1848 3620 2111 3709 Aquila.

535 3723 668 3789 795
710 3723 954 3810 Aquila
977 3725 1326 3803 Romanus,
1363 3724 1583 3790 rhetor
1612 3725 1823 3791 Iulius
1848 3725 2245 3809 Rufinianus
2261 3724 2583 3808 princip&
2625 3724 2886 3809 scripsit
2915 3723 2997 3788 de
3024 3724 3251 3807 figuris

672 3829 1139 3893 sententiarum
1184 3838 1248 3894 et
1292 3827 1671 3895 elocutionis
1715 3828 2023 3912 libellum,
2073 3830 2185 3916 qui
2231 3838 2444 3910 extat3
2490 3827 2728 3892 citatur
2766 3826 3055 3892 Gramm.
3100 3828 3249 3891 Lat.

666 3929 786 3996 IV
799 3935 902 4009 19,
929 3936 1055 4010 32;
1098 3931 1241 3998 VII
1256 3937 1405 4010 209,
1435 3936 1534 4010 18,
1566 3933 1841 4015 fortasse
1870 3934 1942 3997 in
1971 3933 2379 4015 inscripn'one
2402 3931 2589 3996 Artis
2616 3931 2968 3996 rhetoricae
2998 3929 3068 3997 0.
3090 3930 3256 3995 Iulii

672 4032 940 4099 Victoris
969 4056 1043 4118 p.
1072 4039 1196 4100 371
1237 4035 1441 4101 Halm
1483 4036 1623 4117 (ubi
1664 4036 1947 4101 traditur
1990 4033 2214 4122 Aquili
2246 4054 2374 4116 pro
2418 4032 2744 4120 Aquilae).

531 4136 668 4202 796
710 4145 791 4201 Μ.
833 4146 1135 4216 AQVILA.
1222 4138 1308 4203 In
1349 4139 1707 4221 fraymento
1769 4138 2089 4220 fastmm
2133 4135 2384 4219 collegii
2425 4136 2697 4201 alienius
2742 4134 2844 4200 VI
2876 4137 3091 4199 10288
3114 4140 3192 4195 Π
3210 4137 3254 4198 8

671 4242 889 4304 extant
930 4239 1121 4304 haee:
1163 4238 1254 4304 M.
1301 4239 1547 4326 Aquila
1589 4241 1662 4305 P.
1707 4239 1770 4304 N
1802 4288 2025 4322 ......
2082 4239 2197 4303 ubi
2238 4259 2365 4320 per
2416 4237 2700 4303 eonsules
2743 4255 2949 4303 annas
2991 4235 3252 4318 quidam

668 4339 952 4405 indicari
989 4341 1254 4409 videtur.
1325 4341 1457 4407 Sed
1498 4363 1638 4407 eum
1668 4341 1871 4424 plane
1913 4342 2221 4405 incertam
2264 4341 2368 4417 sit,
2413 4360 2567 4405 num
2606 4339 2696 4404 M.
2742 4338 3057 4404 Arruntio
3105 4387 3121 4403 .
3148 4388 3165 4404 .
3192 4388 3207 4402 .
3233 4386 3249 4403 .

672 4443 915 4507 consuli
949 4442 1210 4524 suffecto
1256 4443 1384 4509 kal.
1411 4442 1540 4509 Iul.
1573 4466 1632 4511 a.
1665 4449 1744 4510 66
1789 4444 2041 4508 omnino
2085 4444 2284 4525 faerit
2313 4463 2648 4527 coynomen
2675 4440 2975 4529 Aquilae,
3019 4442 3255 4507 rectius

672 4567 860 4628 quam
904 4545 979 4612 cle
1023 4546 1156 4624 illo,
1204 4547 1279 4612 de
1320 4568 1440 4630 quo
1486 4548 1784 4630 cogitavit
1813 4547 2187 4623 Mommsen,
2233 4548 2506 4630 cogitari
2534 4547 2745 4629 possit
2787 4545 2861 4610 de
2889 4545 2980 4611 M.
3010 4544 3254 4632 Aquila

671 4647 923 4714 Iuliano
968 4650 1039 4715 P.
1084 4649 1297 4715 Nonio
1343 4650 1709 4736 Asprenate
1755 4671 1885 4715 coS.
1931 4671 1993 4714 a.
2023 4653 2125 4715 38.

530 4752 668 4818 797
715 4761 795 4817 Μ.
839 4761 1122 4829 AQVILA
1167 4760 1543 4835 IVLIANVS,
1590 4750 1816 4818 consul
1860 4774 1918 4817 a.
1966 4751 2048 4816 38
2109 4772 2254 4815 cum
2313 4751 2389 4816 P.
2415 4749 2649 4816 ,Nonio
2693 4750 3077 4837 Asprenate.
3168 4750 3254 4814 In

671 4853 1035 4920 consulatu:
1075 4854 1167 4920 M.
1215 4853 1459 4942 Aquila
1502 4855 1793 4921 Iulianus
1841 4855 1946 4921 VI
1975 4858 2117 4931 811,
2163 4853 2463 4920 Frontin.
2495 4853 2570 4918 de
2600 4854 2783 4936 aquis
2811 4858 2909 4930 13,
2955 4852 3088 4917 Dio
3119 4852 3250 4921 ind.

674 4956 715 5025 l.
756 4960 870 5035 59,
927 4956 1019 5022 M.
1081 4956 1279 5043 Aqila
1322 4958 1465 5044 (sic)
1525 4959 1558 5023 I
1583 5008 1766 5028 .....
1834 4957 1908 5022 Χ
1949 4960 2112 5023 6638
2167 4957 2330 5039 fasti
2385 4957 2750 5034 Antiatini,
2812 4956 2901 5024 M.
2961 4955 3252 5020 lulianus

670 5059 802 5126 Dio
842 5065 944 5138 59,
991 5064 1051 5137 9,
1099 5060 1340 5148 Aquila
1382 5061 1677 5127 Iulianus
1721 5061 2019 5128 Frontff'n.
2068 5060 2143 5125 de
2187 5061 2371 5142 aquis
2412 5065 2576 5137 102,
2639 5064 2907 5124 ceterum
2960 5057 3251 5126 Iulianus

670 5164 847 5246 fasti.
877 5200 965 5210 —
1007 5162 1083 5232 C.
1129 5162 1174 5231 f.
1218 5163 1354 5229 Dio
1394 5163 1528 5230 ind.
1576 5164 1617 5232 l.
1654 5168 1755 5232 59.
1786 5201 1873 5210 —
1911 5163 2016 5245 Cf.
2060 5184 2124 5229 n.
2164 5167 2304 5229 796.
