3859 5992
506 422 806 497 Amivs
1809 414 1932 499 1‘76
2918 418 3221 493 Arrimvs

636 635 800 719 Ayr.
829 641 931 713 40,
976 639 1261 702 mortuus
1303 636 1505 721 ἱρέων
1549 637 1792 722 legatas*
1824 637 2075 722 Syriae.
2162 636 2398 704 Consul
2432 633 2740 715 ‘suffectus
2778 656 2947 702 anno
2982 634 3221 702 ivm-to

639 737 1017 822 Vespasiani
1054 743 1128 803 ut
1167 739 1435 805 videtur.

516 842 676 907 1085
722 850 788 906 T.
834 850 1133 907 ATILIVS
1180 846 1423 907 RVFVS
1467 851 1842 928 TITIANVS,
1889 843 2113 909 consul
2160 866 2220 908 a.
2254 843 2374 909 127
2422 864 2571 907 cum
2601 842 2692 907 Μ.
2725 842 2938 908 Gavio
2970 840 3225 928 Squilla

635 941 995 1011 Gallicano.
1043 944 1129 1010 In
1157 945 1522 1010 consulatu:
1545 946 1741 1030 plena
1765 947 2034 1013 nomina
2063 949 2282 1012 enatant
2302 944 3000 1029 Lebas-Waddinqton
3028 948 3224 1023 1619,-

635 1048 713 1115 T.
759 1046 916 1114 Atil.
963 1046 1157 1112 Titia.
1217 1048 1372 1131 (sive
1415 1049 1573 1132 Tit.)
1633 1050 1704 1114 in
1761 1049 1990 1133 teyulis
2044 1048 2195 1115 XV
2224 1052 2406 1116 1430.
2464 1051 2644 1113 1431.
2691 1052 2891 1125 1432,
2956 1052 3224 1113 ceterum

636 1150 936 1217 Titianus
986 1150 1165 1231 fasti.
1200 1186 1279 1200 —-
1319 1150 1397 1215 T.
1442 1149 1681 1216 Atilius
1726 1152 1936 1217 Rufus
1981 1152 2291 1217 Titianus
2325 1151 2397 1216 in
2438 1150 2661 1235 fistula
2690 1150 2998 1235 plumbea
3034 1149 3227 1214 Antii

632 1257 891 1336 reperta
931 1251 1006 1317 X
1043 1256 1226 1318 6688.
1318 1252 1421 1336 Cf.
1465 1274 1529 1321 n.
1564 1258 1749 1321 1091.

512 1356 677 1421 1086
720 1364 788 1419 Τ.
829 1363 1130 1419 ATILIVS
1175 1364 1490 1420 SABINVS
1510 1404 1526 1435 ,
1587 1365 1893 1442 quaestor
1946 1376 2065 1443 pro
2121 1365 2421 1442 praetore
2478 1356 2557 1422 L.
2614 1353 2835 1419 Helvii
2890 1354 3223 1440 Agrippae

635 1455 1039 1544 proconsulis
1069 1456 1426 1523 'Sardiniae
1467 1479 1689 1528 mense
1732 1458 1971 1524 Martio
2014 1481 2073 1523 a.
2116 1460 2203 1526 69
2241 1458 2326 1524 Χ·
2357 1462 2526 1524 7852
2568 1462 2612 1524 t.
2660 1457 2932 1525 Sardus.
2964 1468 2973 1479 “

552 1595 630 1607 ·-
676 1570 743 1626 L.
791 1568 1066 1625 ARRIVS
1110 1569 1411 1626 ATILIVS
1456 1570 1793 1627 SABINVS.
2614 1622 2621 1628 .
2696 1621 2701 1627 .
2790 1598 2795 1603 ·

513 1664 672 1729 1087
720 1662 959 1729 Atilius
1001 1662 1309 1747 Scaurus,
1358 1665 1604 1729 amicus
1649 1662 1846 1730 Plinii
1890 1663 2066 1729 Ptin.
2106 1664 2286 1748 epist.
2324 1669 2382 1742 6,
2416 1668 2524 1732 25.

510 1767 675 1831 1088
721 1765 960 1832 Atilius
1007 1765 1326 1832 Serranus
1382 1767 1754 1833 nominatur
1808 1768 1879 1832 in
1934 1772 1976 1836 t.
2023 1787 2343 1832 servorum
2384 1766 2503 1832 IX
2539 1771 2759 1833 3319a
2817 1771 2860 1833 t.
2908 1766 3223 1851 Superae-

635 1889 900 1952 quanuS,
947 1868 1137 1935 XIV
1155 1873 1323 1935 2735
1370 1873 1411 1934 t.
1466 1869 1885 1935 Tusculana-3.

514 1974 676 2037 1089
720 1981 1020 2037 ATILIVS
1082 1981 1419 2037 SEVERVS
1480 1983 1545 2038 et
1602 1971 1922 2038 Aemilius
1980 1973 2221 2038 Iuncus
2279 1971 2574 2038 consules
2634 1973 2701 2037 in
2759 1972 3030 2038 exilium
3092 1974 3222 2037 acti

637 2084 791 2140 sunt
820 2074 907 2159 (a.
939 2077 1085 2161 183)
1115 2075 1249 2139 vita
1279 2073 1609 2140 Commodi
1649 2078 1713 2153 4,
1752 2080 1832 2139 11
1847 2095 1868 2154 ,·
1908 2070 2077 2141 unde
2119 2075 2370 2140 ratione
2411 2072 2638 2140 habita
2681 2080 2740 2141 et
2784 2075 3068 2140 auctoris
3110 2072 3223 2140 ad—

635 2176 887 2243 modum
943 2176 1321 2261 neqleqentis
1365 2182 1425 2243 et
1469 2178 1732 2254 aetatiS,
1794 2200 1923 2261 qua
1965 2176 2203 2261 viginti
2241 2179 2529 2264 quinque
2573 2177 2867 2243 consules
2909 2179 2978 2241 in
3022 2199 3225 2242 unum

636 2302 878 2346 annum
937 2281 1134 2345 creati
1195 2288 1347 2344 sunt
1400 2278 1532 2359 (vit.
1577 2279 1908 2346 Commodi
1947 2286 2005 2357 6,
2054 2284 2139 2365 9),
2203 2301 2600 2363 nequaquam
2659 2280 3025 2346 eonebudere
3082 2280 3225 2345 licet

635 2384 781 2449 illos
822 2383 1021 2465 fuisse
1051 2382 1210 2465 par'
1242 2382 1565 2448 consulum
1613 2381 2054 2463 suffectorum,
2117 2382 2283 2465 quod
2325 2384 2578 2449 omnino
2619 2383 2789 2465 salso
2837 2406 2898 2448 a.
2927 2387 3059 2450 182
3111 2381 3223 2447 ad-

634 2487 940 2570 scriptum
984 2488 1092 2563 est,
1138 2482 1250 2550 sed
1278 2483 1576 2551 Severmn
1607 2490 1666 2551 et
1695 2486 1965 2551 Iunoum
1996 2484 2391 2551 consulatum
2428 2485 2688 2569 adeptos
2719 2506 2849 2551 esse
2875 2485 2974 2551 vel
3012 2507 3074 2551 a.
3104 2489 3227 2552 183

635 2590 732 2655 vel
773 2592 983 2656 antea.
1017 2625 1096 2634 -
1138 2586 1355 2653 Potest
1395 2588 1561 2653 idem
1606 2609 1734 2655 esse
1776 2590 1889 2672 qui
1928 2590 2232 2671 sequitur.

515 2695 677 2760 1090
721 2703 799 2760 Μ.
859 2698 1160 2757 ATILIVS
1223 2692 1594 2773 SEVERVS,
1665 2691 1741 2757 T.
1803 2690 1847 2757 f.
1869 2742 1886 2769 ,
1947 2714 2076 2757 cos.
2138 2689 2463 2772 (suffectus
2521 2713 2583 2756 a.
2627 2689 2916 2773 incerto),
2976 2691 3106 2757 VII
3122 2692 3228 2756 vir

639 2794 1021 2882 epulonum,
1082 2803 1394 2880 patronus
1453 2793 1772 2860 sodalium
1817 2793 2339 2860 Herculanorum
2382 2793 2647 2877 Isphem.
2695 2816 2791 2876 ep.
2840 2799 2985 2878 71²·
3014 2798 3138 2859 384
3182 2799 3224 2861 t.

637 2898 1058 2965 suburbanae.
1147 2895 1250 2979 Cf.
1295 2918 1359 2961 n.
1402 2900 1586 2963 1089.

515 3003 671 3069 1091
720 3008 1019 3064 ATILIVS
1066 3008 1438 3079 TITIANVS,
1484 2999 1608 3065 sub
1649 3000 1765 3065 Pio
1810 3000 2099 3065 affectati
2143 3000 2398 3087 imperii
2427 3021 2577 3064 reus
2620 3022 2662 3064 a
2704 3009 2936 3065 senatu
2965 2999 3224 3066 damna-

639 3115 744 3169 tus
791 3114 920 3185 est,
963 3101 1167 3167 filium
1212 3125 1466 3188 semper
1508 3102 1765 3168 adiuvit
1808 3104 1968 3168 Pius
2019 3104 2127 3169 vit.
2174 3101 2289 3167 Pii
2332 3108 2389 3180 7,
2435 3107 2495 3167 3.
2584 3101 2801 3168 Potest
2841 3122 2973 3167 esse
3013 3102 3228 3168 consul

639 3230 700 3275 a.
718 3211 848 3272 127
875 3207 958 3287 of.
986 3226 1050 3270 n.
1073 3210 1255 3270 1085.
1291 3204 1582 3270 Dubium
1607 3206 1854 3271 videtur
1880 3212 2095 3271 utrum
2126 3206 2437 3271 erraverit
2467 3205 2852 3289 bioyraphus
2872 3205 3224 3283 Ηαῶήαηί,

639 3330 779 3374 cum
810 3309 1114 3373 scriberet
1146 3310 1255 3372 vit.
1286 3308 1501 3373 Hadr.
1524 3313 1622 3386 15,
1647 3314 1686 3373 1
1717 3308 2149 3392 (Hadrianus)
2179 3310 2509 3374 Titianum
2550 3317 2625 3373 ut
2651 3309 2978 3372 conscium
3012 3317 3227 3394 tyran-

638 3411 807 3476 nidis
867 3421 933 3475 et
989 3412 1175 3495 argui
1243 3434 1471 3497 passus
1535 3421 1632 3476 est
1690 3422 1755 3477 et
1815 3411 2152 3498 proscribi,
2216 3432 2304 3477 an
2359 3409 2475 3476 hoo
2532 3409 2668 3475 loco
2711 3410 2880 3475 alius
2932 3411 3226 3476 Titianus

635 3513 1084 3597 intelleyendus
1123 3515 1226 3579 sit.

493 3603 678 3684 '1092
724 3616 966 3683 Atilius
1011 3615 1324 3701 Vergilio,
1367 3615 1749 3682 vexillarius
1794 3616 2075 3682 cohortis
2118 3617 2481 3703 praetoriae
2523 3639 2582 3682 a.
2614 3617 2698 3682 69
2751 3616 2904 3683 Ταῦ.
2940 3614 3001 3681 h.
3034 3620 3092 3693 1,
3122 3621 3222 3694 41,

637 3718 969 3786 Plutarch.
1013 3718 1233 3785 Galba
1275 3724 1385 3788 26.

515 3825 677 3889 1093
721 3822 811 3887 Μ.
857 3820 1098 3887 Atilius
1144 3821 1423 3904 Vernus,
1477 3820 1567 3886 Μ.
1600 3819 1666 3905 f.‚
1708 3821 1884 3886 tribu
1925 3820 2088 3905 Gal,
2136 3843 2192 3888 a.
2225 3823 2266 3887 6
2312 3844 2377 3907 p.
2408 3820 2481 3887 O.
2528 3831 2839 3907 patronus
2885 3770 3223 3908 cooptatus

634 3949 675 3991 a
719 3926 982 3990 civitate
1027 3923 1650 4003 Bocchoritanorum
1696 3947 1779 3988 ex
1824 3923 2040 3989 insula
2081 3923 2415 3990 Baliarum
2458 3925 2704 3989 maiore
2747 3923 2841 3987 II
2869 3926 3050 3988 3695.

513 4030 677 4095 1094
723 4026 962 4093 Atilius
985 4026 1217 4109 VeruS,
1249 4028 1500 4113 primus
1530 4025 1702 4112 pilus
1735 4026 2005 4110 legionis
2032 4027 2163 4091 VII
2187 4025 2554 4093 Galbianae
2582 4050 2639 4094 a.
2658 4027 2741 4092 69
2772 4026 2918 4092 Tac.
2942 4025 3002 4090 h.
3025 4030 3085 4103 3,
3108 4030 3222 4092 22.

513 4133 675 4197 1095
720 4139 982 4193 ATILIA
1026 4137 1434 4213 BALBILLA,
1483 4129 1560 4195 L.
1607 4129 1671 4213 f.,
1725 4152 1891 4194 uxor
1932 4129 2023 4195 M.
2065 4128 2412 4195 Accennae
2458 4129 2792 4196 Saturnini
2836 4127 3025 4194 XIV
3040 4128 3222 4194 3585.

550 4270 635 4279 -
677 4242 903 4296 APPIA
947 4240 1189 4296 ANNIA
1233 4241 1566 4297 REGILLA
1610 4242 1869 4297 ATILIA
1913 4241 2275 4297 CAVCIDIA
2314 4242 2734 4298 TERTVLLA.

551 4374 631 4384 —-
675 4344 899 4399 APPIA
928 4342 1171 4399 ANNIA
1199 4343 1460 4399 ATILIA
1490 4343 1824 4400 REGILLA
1853 4345 2210 4401 ELPINICE
2240 4345 2649 4400 AGRIPPINA
2679 4345 2927 4399 ATRIA'
2956 4343 3221 4402 POLLA.

511 4438 677 4503 1096
722 4447 979 4502 ATILIA
1024 4447 1330 4514 RVFINA,
1376 4437 1736 4504 clarissima
1778 4438 2021 4504 femina
2065 4438 2168 4504 VI
2199 4443 2380 4505 1355.
2420 4444 2599 4506 1363.
2796 4424 2803 4429 ”

514 4541 676 4607 1097
721 4540 1064 4624 Atimetus,
1110 4541 1442 4607 Domitiae
1485 4541 1763 4607 Neronis
1809 4544 2044 4608 amitae
2089 4542 2380 4626 libertus,
2429 4542 2863 4607 accusationis
2907 4539 3108 4605 falsae
3152 4544 3219 4606 in
3291 4521 3296 4526 ’

634 4643 1067 4730 Agrippinam
1112 4666 1169 4711 a.
1203 4645 1285 4710 55
1331 4667 1572 4731 poenas
1617 4630 1810 4711 dedit‘
1835 4647 1985 4712 Tac.
2020 4667 2080 4711 a.
2111 4650 2213 4724 13,
2242 4650 2491 4712 19-22.

548 4781 635 4793 ——-
677 4756 744 4813 T.
789 4755 1167 4812 HATERIVS
1211 4757 1451 4813 NEPOS
1497 4757 1773 4813 ATINAS
1820 4758 2106 4814 PROBVS
2153 4758 2540 4813 PVBLICIVS
2588 4756 3104 4814 MATENIANVS.

511 4852 675 4916 1098
719 4859 786 4916 Τ.
830 4860 1134 4915 ATINIVS
1180 4860 1560 4936 TYRANVS,
1608 4852 1685 4919 T.
1733 4852 1795 4937 f.‚
1845 4851 2078 4936 (tribu)
2124 4850 2360 4933 Fabia,
2409 4852 2589 4917 testis
2633 4861 2897 4916 senatus
2942 4850 3216 4917 consulti

634 4976 692 5018 a.
736 4954 972 5020 715—
887 4983 973 5009 =
1003 4955 1086 5020 39
1130 4978 1189 5022 a.
1237 4953 1310 5024 O.
1397 4953 1688 5021 Bullatin
1730 4954 1807 5020 de
1852 4954 2390 5037 correspondance
2434 4952 2808 5037 Hellenique
2850 4954 2971 5020 XI
3003 4955 3218 5042 (1887)

627 5079 703 5142 p.
732 5062 874 5127 227
913 5057 1052 5127 SC.
1097 5057 1598 5126 Panamarense.

3788 1358 3812 1505 ᾼ-μᾷῌ
3810 1316 3811 1333 1
