3859 5992
640 522 989 577 ARTAxEs
1114 528 1118 532 ·
1155 507 1172 521 ·
1947 512 2070 578 153
2972 519 3351 578 ARTAXIAS

675 722 681 729 '
768 723 826 783 et
871 718 1284 783 Herodianus
1325 723 1383 794 6,
1429 722 1570 785 2-6
1613 713 1800 797 (unde
1843 717 2080 800 pendet
2124 717 2422 783 Zonaras
2462 723 2567 796 12,
2609 722 2689 783 15
2704 724 2752 797 ,·“
2782 718 3146 785 Herodiani
3198 739 3352 785 nar-

765 823 937 885 ratio
982 819 1257 900 affertur
1297 821 1434 885 vita
1471 820 1838 885 Alexandri
1876 824 1977 898 57,
2017 820 2104 898 3).
2176 820 2336 886 Cum
2380 821 2546 886 enim
2588 820 2697 886 illi
2728 822 3180 888 Alexandrum
3220 844 3353 888 rem

771 925 999 1008 optimc
1045 929 1268 988 contra
1298 923 1534 989 Persas
1567 924 1830 1007 yessisse
1871 928 2057 1006 atque
2087 923 2508 1008 triumphasse
2535 925 2899 1003 scriberent,
2941 925 3355 991 Herodianus

769 1048 908 1093 eum
936 1048 1172 1110 mayna
1203 1048 1342 1091 cum
1372 1026 1550 1091 clade
1580 1047 1838 1091 suorum
1860 1025 2274 1091 Antiochiam
2301 1028 2623 1092 recessisse
2643 1028 2904 1092 rettulit.
2921 1065 3009 1074 —
3030 1030 3356 1112 Regnavit

767 1129 1282 1216 quattuordecim
1314 1152 1516 1199 annos
1547 1128 1769 1193 decem
1801 1151 2054 1193 menses
2076 1129 2399 1212 Ayathias
2423 1135 2484 1207 4,
2514 1135 2619 1207 24,
2655 1131 2737 1212 cf.
2772 1130 3071 1208 Noldehe,
3111 1131 3357 1197 Tabari

765 1254 836 1315 p.
867 1238 1012 1297 412.
1102 1233 1408 1297 Mortuus
1450 1232 1652 1315 iyitur
1695 1252 1863 1296 anno
1905 1232 2042 1314 fere
2081 1237 2229 1297 241.

642 1337 760 1401 961
813 1336 1096 1402 Artaxes
1151 1336 1266 1419 (sic
1324 1334 1807 1399 Monumentum
1847 1333 2267 1418 Ancyranum
2323 1354 2374 1400 e.
2419 1339 2526 1411 27,
2589 1333 2723 1399 Dio
2757 1339 2860 1411 49,
2915 1338 3017 1400 39.
3075 1340 3176 1400 40.
3237 1342 3353 1414 44;

772 1442 873 1515 51,
908 1444 1004 1515 16,
1041 1435 1314 1524 Ἀρτάζης
1346 1458 1559 1502 errore
1587 1441 1685 1515 54,
1718 1441 1795 1516 9;
1823 1435 2135 1501 Artaxias
2174 1437 2320 1502 Tac.
2352 1458 2412 1502 a.
2444 1443 2510 1514 2,
2539 1441 2599 1514 3,
2632 1436 2878 1519 Ioseph.
2913 1441 3045 1502 ant.
3070 1442 3169 1515 15,
3192 1444 3251 1516 4,
3278 1443 3354 1516 3,-

767 1539 1086 1606 Artauzdi
1144 1540 1335 1605 codex
1395 1540 1845 1604 Murbacensis
1906 1538 2101 1604 Vellei
2141 1545 2207 1616 2,
2254 1544 2354 1617 94,
2401 1545 2440 1603 4
2498 1561 2575 1604 ex
2633 1539 2969 1605 collatione
3010 1539 3255 1605 Bureri
3296 1547 3354 1606 et

770 1644 1039 1709 editione
1084 1644 1382 1726 principe
1399 1692 1415 1719 ,
1470 1663 1608 1707 cum
1669 1641 2108 1726 apoyraphum
2149 1642 2565 1707 Amerbachii
2605 1641 2958 1708 Artavasdi
3016 1642 3352 1730 exhibeat).

772 1745 982 1811 Filius
1014 1755 1170 1810 natu
1199 1747 1526 1809 maximus
1560 1742 1737 1824 (Dio,
1769 1744 2048 1828 Ioseph.)
2072 1744 2457 1810 Artavasdis
2489 1748 2660 1829 regis
2691 1745 3041 1810 Armeniae
3071 1746 3351 1829 maioris,

771 1870 972 1934 nepos
1004 1847 1308 1932 Tigranis
1337 1849 1510 1931 regis
1546 1848 1832 1912 Monuni.
1863 1847 2144 1931 Ancyr.;
2189 1870 2336 1912 cum
2367 1847 2691 1913 Antonius
2720 1870 2777 1914 a.
2812 1848 2935 1914 720
2967 1878 3050 1902 =
3078 1849 3164 1914 34
3195 1871 3252 1916 a.
3279 1848 3352 1915 C.

759 1949 1198 2015 ·Artavasdem
1247 1973 1363 2036 per
1406 1950 1626 2015 dolum
1671 1961 1934 2036 captum
1978 1951 2046 2014 in
2076 1951 2392 2015 Armenia
2434 1951 2970 2036 circumduceret,
3017 1951 3085 2016 hi
3129 1955 3242 2037 qui
3287 1953 3354 2015 in

775 2055 972 2118 armis
1004 2062 1206 2129 erant,
1252 2052 1571 2119 Artaxem
1616 2074 1836 2137 regem
1881 2055 2371 2136 constituerunt,
2420 2054 2532 2140 qui
2575 2076 2718 2118 cum
2766 2053 2874 2118 illo
2924 2053 3163 2140 proelio
3207 2076 3354 2119 con-

769 2177 1034 2240 gressus
1074 2166 1138 2220 et
1165 2158 1379 2220 victus
1410 2156 1490 2220 ad
1525 2154 1803 2221 Parthos
1833 2155 2129 2238 confugit
2156 2155 2289 2220 Dio
2318 2160 2420 2234 49,
2451 2160 2551 2222 39.
2582 2162 2683 2224 40.
2748 2154 3027 2236 (Contra
3053 2157 3359 2240 Iosephus

771 2266 901 2327 ant.
949 2265 1047 2337 15,
1089 2265 1149 2337 4,
1187 2265 1230 2324 3
1263 2265 1603 2343 postquam
1644 2259 2074 2324 Artavasdem
2133 2280 2271 2324 cum
2318 2260 2475 2343 filiis
2517 2260 2987 2325 Alexandriam
3031 2259 3361 2325 deductum

770 2382 899 2428 esse
939 2365 1253 2440 narravit,
1287 2364 1506 2446 peryit
1538 2360 1844 2449 Ἀρμηνίας
1876 2364 1943 2428 δὲ
1980 2363 2361 2451 ἐβασίλευσεν
2394 2360 2683 2448 Ἀρταξίας
2727 2366 2757 2428 ὁ
2803 2365 3198 2451 πρεσβύτατος
3240 2370 3358 2429 τῶν

769 2466 998 2531 ἐκείνου
1043 2468 1272 2531 παίδων
1320 2466 1558 2553 διαδρὰς
1587 2466 1650 2530 ἐν
1680 2476 1768 2555 τῷ
1796 2466 1949 2543 τότε,
1997 2466 2095 2530 ita
2119 2470 2193 2529 ut
2219 2466 2505 2530 Artaxe-s
2532 2488 2564 2531 e
2594 2466 2882 2532 custodia
2908 2464 3360 2531 Alexandrina

771 2568 1022 2651 elapsus
1072 2568 1383 2634 videatur.
1474 2568 1605 2634 Sed
1645 2568 1801 2651 plus
1855 2568 2259 2633 tribuendum
2317 2573 2409 2633 est
2449 2567 2687 2635 Dionis
2731 2570 3131 2635 enarrationi
3170 2587 3361 2650 quam

772 2671 1038 2754 Iosepho
1084 2672 1338 2737 omnino
1379 2671 1595 2736 leviter
1635 2692 1770 2736 rem
1830 2672 2155 2747 tractanti,
2217 2672 2443 2754 quippe
2485 2672 2597 2753 qui
2624 2693 2972 2755 perperam
3020 2671 3220 2737 addat
3260 2672 3357 2736 καὶ

769 2782 970 2841 τοῦτον
1031 2772 1349 2860 Ἀρχέλαος
1408 2777 1507 2840 καὶ
1562 2773 1772 2860 Νέρων
1831 2772 2065 2860 Καῖσαρ
2126 2774 2478 2861 ἐκβαλόντες
2533 2775 2710 2858 κτλ.).
2811 2773 2978 2840 Cum
3034 2773 3360 2839 Antonius

650 2881 654 2884 ’
771 2886 1021 2962 partem
1065 2876 1416 2941 Armeniae
1461 2876 1814 2941 Artavasdi
1875 2879 2015 2959 regi
2061 2876 2320 2942 Mediae
2361 2876 2796 2964 Atropatenes
2856 2879 3029 2942 socio
3075 2887 3232 2942 tunc
3276 2898 3359 2939 ex

770 2980 953 3044 hoste
1011 2979 1180 3045 facto
1239 2979 1572 3064 donasset,
1633 2979 2003 3044 Artavasde
2060 3003 2100 3044 a
2157 2979 2416 3045 Parthis
2476 2982 2651 3045 victo
2705 2992 3025 3067 captoque
3076 2980 3359 3045 Artaxes

772 3084 836 3147 in
897 3104 1168 3166 regnum
1230 3093 1571 3168 paternum
1622 3081 1931 3146 reduetus
1977 3092 2074 3147 est
2118 3081 2247 3147 Dio
2292 3088 2392 3160 49,
2440 3089 2541 3148 44.
2640 3083 2806 3150 Cum
2851 3086 3195 3165 Romame,
3245 3080 3358 3166 qui

771 3186 837 3249 in
868 3185 1184 3250 Armenia
1212 3184 1683 3271 superfuerant,
1733 3184 1941 3248 occidi
1978 3186 2284 3269 iussisset,
2333 3187 2674 3269 Augustus
2704 3188 3006 3273 Aegypto
3044 3192 3360 3270 occupata

770 3288 1003 3354 fratres
1054 3287 1493 3352 Alexandriae
1538 3297 1759 3373 captos
1801 3287 2065 3370 (scilicet
2115 3288 2473 3372 Tiyranem‚
2519 3290 2632 3372 qui
2673 3293 2903 3373 postea
2944 3289 3251 3372 reynavit,
3300 3292 3360 3352 et

769 3390 1194 3456 Artavasdem
1255 3390 1341 3474 (n.
1389 3393 1534 3476 956)
1592 3395 1663 3454 ut
1719 3387 1993 3473 videtur)
2050 3393 2295 3475 petenti
2349 3393 2407 3455 ei
2460 3414 2590 3457 non
2645 3393 2893 3457 remisit
2933 3391 3071 3458 Dio
3107 3396 3207 3467 51,
3255 3395 3356 3456 16.

772 3493 853 3564 A.
900 3494 1026 3560 734
1070 3524 1151 3546 =
1196 3495 1280 3559 20
1337 3500 1455 3559 τῶν
1519 3491 1837 3578 Ἀρμηνίων
1895 3498 2014 3557 τῶν
2072 3493 2290 3578 ἑτέρων
2352 3494 2613 3577 (scilicet
2668 3494 3016 3559 Armeniae
3072 3494 3356 3571 maiori-S,

774 3618 912 3663 oum
958 3601 1149 3661 antea
1188 3602 1294 3683 τῆς
1339 3595 1724 3682 σμικροτέρας
1773 3592 2082 3681 Ἀρμηνίας
2120 3597 2352 3660 mentio
2394 3597 2575 3678 facta
2619 3596 2726 3679 sit)
2770 3602 2875 3662 τοῦ
2909 3621 2974 3662 τε
3006 3594 3357 3687 Ἀρταβάζου

771 3699 911 3783 (sio)
975 3703 1513 3787 κατηγορησάντων
1577 3701 1675 3764 καὶ
1731 3702 1834 3764 τὸν
1882 3698 2174 3785 Τιγράνην
2218 3701 2316 3765 τὸν
2363 3701 2630 3784 ἀδελφὸν
2690 3700 2869 3765 αὐτοῦ
2919 3698 2981 3764 ἐν
3025 3710 3101 3785 τῇ
3142 3697 3357 3786 Ῥώμῃ

771 3804 912 3869 ὄντα
979 3802 1539 3889 μεταπεμψαμένων
1611 3801 2001 3889 (Αὔγουστος)
2065 3801 2289 3866 ἔστειλε
2347 3804 2446 3868 τὸν
2510 3801 2795 3889 Τιβέριον,
2857 3804 3023 3875 ὅπως
3079 3805 3177 3869 τὸν
3247 3805 3356 3889 μὲν

770 3906 999 3993 ἐκβάλῃ
1060 3912 1165 3990 τῆς
1224 3907 1541 3993 βασιλείας,
1609 3907 1707 3971 τὸν
1771 3906 1837 3969 δὲ
1895 3905 1959 3975 ἐς
2014 3905 2193 3990 αὐτὴν
2239 3908 2737 3991 ἀποκαταστήσῃ.
2783 3909 2879 3971 καὶ
2921 3905 3198 3993 ἐπράχθη
3250 3908 3357 3993 μὲν

770 4009 941 4075 οὐδὲν
999 4015 1106 4092 τῆς
1163 4014 1546 4094 παρασκευῆς
1601 4009 1780 4072 αὐτοῦ
1840 4008 2031 4078 ἄξιον·
2076 4011 2130 4072 οἱ
2176 4007 2288 4094 γ’ὰρ
2336 4004 2620 4094 Ἀρμένιοι
2675 4010 2773 4075 τὸν
2822 4006 3175 4096 Ἀρταβάζην
3222 4033 3360 4094 προ·

771 4111 1123 4179 απέκτειναν
1153 4109 1286 4175 Dio
1310 4114 1410 4187 54,
1443 4115 1501 4188 9,
1551 4108 1698 4173 dolo
1745 4111 2258 4195 propinquorum
2304 4111 2554 4175 occisus
2594 4111 2742 4176 Tac.
2777 4134 2837 4176 a.
2869 4118 2934 4189 2,
2971 4118 3032 4176 3.
3090 4112 3359 4179 Omnino

763 4234 1109 4297 perperam
1169 4212 1440 4280 Velleius
1482 4218 1549 4290 2,
1595 4217 1694 4289 94,
1741 4218 1782 4277 4
1839 4213 2097 4295 scripsit
2145 4213 2299 4296 c(Ti.
2358 4212 2558 4296 Nero)
2625 4235 2773 4278 cum
2835 4212 3199 4297 legionibus
3266 4215 3356 4279 in-

771 4336 1032 4400 gressus
1076 4314 1453 4381 Armeniam
1515 4315 1778 4379 redacta
1837 4337 1910 4378 ea
1954 4317 2021 4378 in
2066 4325 2450 4400 potestatem
2494 4314 2716 4403 populi
2763 4317 3039 4381 Romani
3084 4337 3360 4401 regnum

775 4420 912 4483 eius
956 4419 1273 4484 Artauzdi
1318 4417 1545 4501 dedit',
1592 4419 1707 4483 ubi
1746 4419 2022 4483 scribere
2068 4419 2281 4484 debuit
2321 4419 2693 4503 Tigranem.

644 4521 770 4586 962
814 4519 1141 4603 ArtaxiaS,
1191 4543 1311 4586 rex
1354 4520 1732 4605 Armeniae,
1796 4524 1909 4607 qui
1955 4524 2249 4609 privatus
2295 4522 2419 4587 fuit
2460 4523 2658 4588 Zen0.
2757 4522 3006 4589 Titulus
3050 4524 3184 4590 eius
3218 4526 3360 4608 pri-

768 4625 906 4689 vati
949 4623 1341 4707 Smyrnaeus
1378 4624 1641 4707 them.
1688 4646 1776 4708 ep.
1814 4631 1851 4690 1
1883 4647 1959 4708 p.
1989 4629 2136 4691 270.
2226 4625 2433 4690 Filius
2477 4624 2844 4691 Polemonis
2889 4627 3061 4710 regis
3106 4628 3358 4693 Pontici

770 4735 836 4790 et
896 4725 1354 4812 Pythodoridis
1407 4728 1555 4793 Tac.
1602 4750 1664 4793 a.
1710 4733 1775 4803 2,
1819 4732 1920 4805 56,
1972 4727 2213 4794 Strabo
2258 4732 2364 4805 12,
2407 4733 2466 4805 3,
2514 4733 2602 4795 29
2646 4750 2719 4812 p.
2762 4733 2885 4796 555
2946 4730 3084 4813 (ubi
3135 4751 3362 4794 nomen

770 4833 1060 4915 tacetur),
1110 4831 1244 4906 tit.,·
1289 4851 1489 4916 nepos
1535 4852 1651 4916 per
1680 4842 1956 4895 matrem
1988 4830 2313 4895 Antoniae
2343 4832 2436 4898 tit.
2468 4830 2709 4896 scilicet
2737 4833 3061 4898 Antoniae
3089 4832 3366 4897 Antonii

769 4933 1092 4998 triumviri
1131 4932 1307 5016 filiae
1351 4933 1433 5014 cf.
1477 4932 1543 4997 A
1591 4938 1731 4998 705.
1821 4932 2017 4998 Anno
2073 4934 2145 4998 18
2191 4934 2465 4999 Vonone
2516 4954 2716 5017 regno
2763 4933 3112 5000 Armeniae
3169 4933 3359 5020 pulso

769 5036 958 5100 favor
1015 5036 1297 5100 nationis
1358 5035 1710 5101 inclinabat
1766 5037 1835 5101 in
1894 5036 2258 5119 Zenonem,
2325 5036 2502 5122 quod
2563 5037 2617 5100 is
2671 5038 2882 5122 prima
2936 5036 3019 5102 ab
3085 5037 3361 5102 infantia

769 5138 1064 5204 instituta
1108 5149 1172 5203 et
1214 5137 1461 5204 cultum
1494 5137 1953 5205 Armeniorum
1994 5138 2355 5205 aemulatus
2400 5161 2701 5225 proceres
2745 5139 3133 5227 plebemque
3176 5144 3361 5208 iuxta
