3859 5992
690 539 1114 601 CORNELIVS
1985 534 2109 599 442
2968 542 3394 600 CORNELIVS

691 644 936 652 ——.—-

817 742 912 823 ΙΙ)
958 741 1142 806 Libri
1189 750 1333 805 octo
1367 739 1450 803 de
1484 739 1807 804 medicina
1837 740 1949 825 qui
1998 749 2243 819 extant,
2288 741 2511 826 scripti
2540 751 2688 827 post
2714 739 2915 806 libros
2944 741 3028 805 de
3054 763 3127 804 re
3158 743 3394 806 rustica

818 845 900 926 cf.
946 844 1344 927 principium
1388 843 1724 926 prooemii.
1775 880 1853 890 —
1910 843 2038 925 III)
2101 843 2206 908 De
2264 854 2403 908 arte
2459 842 2784 907 rhetorica
2838 844 3098 930 scripsit
3134 843 3388 925 Quintil.

816 952 877 1024 3,
923 952 982 1024 1,
1028 952 1150 1024 21,·
1197 945 1356 1010 libri
1394 944 1698 1010 rhetorici
1736 947 2017 1010 citantur
2048 947 2301 1028 passim
2347 967 2390 1010 a
2426 945 2841 1027 Qumtaiano,
2890 947 3002 1028 qui
3028 945 3391 1029 plerumque

819 1049 1143 1114 sententiis
1194 1047 1360 1114 Celsi
1418 1047 1790 1113 adversatur
1808 1098 1825 1126 ,
1885 1054 1947 1113 et
2003 1070 2046 1113 a
2101 1046 2580 1114 Fortunatiano
2634 1049 2820 1113 Rhet.
2863 1050 3017 1115 min.
3063 1048 3157 1116 ed.
3202 1047 3391 1114 Halm

817 1174 889 1235 p.
919 1156 1070 1218 121.
1108 1188 1193 1197 —
1238 1150 1362 1233 lV)
1407 1150 1765 1236 Opiniones
1828 1152 2113 1216 omnium
2171 1150 2704 1238 philosophorum
2748 1152 2859 1237 qui
2916 1162 3130 1216 sectas
3185 1152 3390 1215 varias

823 1252 1255 1318 condiderunt
1301 1275 1508 1338 usque
1551 1252 1632 1317 ad
1681 1264 1975 1337 tempora
2018 1276 2170 1336 sua,
2233 1274 2351 1317 sex
2393 1255 2613 1338 parvis
2659 1251 3092 1319 voluminibus
3135 1253 3391 1339 quidam

822 1355 1050 1421 Celsus
1109 1353 1426 1437 absolvit3
1484 1367 1605 1419 nec
1663 1353 2001 1437 redarguit
2043 1352 2358 1440 aliquem,
2421 1354 2537 1419 sed
2596 1365 2844 1420 tantum
2886 1355 3048 1441 quid
3088 1356 3394 1420 sentirent

819 1459 1079 1544 aperuit
1111 1493 1199 1505 —
1240 1493 1329 1504 —
1371 1479 1517 1521 cum
1559 1466 1819 1522 centum
1867 1456 2005 1521 fere
2047 1456 2460 1544 philosophos
2506 1459 2897 1523 nominasset
2939 1457 3277 1541 Auyustin.
3320 1457 3394 1522 de

820 1560 1063 1625 haeres.
1109 1558 1284 1643 prol.
1345 1558 1528 1624 VIII
1575 1558 1667 1625 ed.
1714 1558 1952 1626 Bened.
2001 1581 2074 1642 p.
2121 1563 2165 1623 3
2178 1579 2199 1637 ;
2255 1561 2510 1645 scripsit
2568 1582 2696 1624 non
2755 1582 2987 1646 parum
3044 1559 3249 1625 multa
3298 1559 3393 1644 (de

819 1661 1256 1746 philosophia)
1287 1661 1626 1728 Cornelius
1657 1659 1887 1727 Celsus
1919 1661 2182 1728 Sextios
2212 1661 2513 1746 (Stoicos)
2546 1673 2820 1746 secutus,
2868 1684 2995 1727 non
3042 1664 3182 1727 sine
3222 1662 3395 1728 cultu

825 1788 902 1830 ac
933 1767 1140 1829 nitore
1165 1765 1427 1846 Quintil.
1451 1768 1551 1842 10,
1584 1770 1642 1841 1,
1673 1769 1819 1840 124,
1850 1763 2018 1829 uncle
2035 1768 2303 1846 propter
2334 1764 2696 1829 Sextiorum
2723 1767 3095 1830 mentionem
3121 1767 3396 1847 sequitur

829 1865 1078 1935 Celsum
1107 1873 1372 1951 praeter
1420 1867 1743 1949 opiniones
1774 1865 2304 1950 philosophorum
2362 1868 2555 1932 etiam
2609 1866 2747 1932 alia
2783 1867 3227 1952 philosophica
3270 1868 3393 1933 edi-

828 1971 1011 2049 disse.
1082 2007 1160 2016 —
1221 1970 1311 2054 V)
1371 1971 1448 2036 In
1517 1971 1596 2034 iis
1665 1971 1778 2055 qui
1838 1969 2040 2034 latine
2105 1969 2187 2034 de
2250 1968 2593 2055 disciplina
2655 1970 2916 2035 militari
2986 1971 3390 2057 scripserunt,

825 2084 1218 2140 memoratur
1263 2073 1466 2157 Veyet.
1513 2073 1588 2138 cle
1625 2095 1696 2138 re
1738 2074 1871 2141 mil.
1903 2079 1963 2150 1,
1993 2076 2054 2150 8,
2101 2074 2330 2138 Ioann.
2363 2073 2523 2156 Lyd.
2558 2073 2633 2138 de
2674 2076 2959 2158 mayistr.
2993 2081 3049 2152 1,
3079 2079 3198 2153 47‚·
3236 2073 3397 2139 liber

830 2175 1174 2258 singularis
1221 2177 1359 2241 eius
1406 2175 1487 2240 de
1530 2178 1780 2242 ratione
1817 2175 1971 2240 belli
2004 2185 2229 2240 contra
2259 2175 2534 2240 Parthos
2563 2176 2832 2259 gerendi
2863 2177 3024 2260 Lyd.
3054 2177 3182 2245 iod.
3211 2182 3269 2254 3,
3298 2182 3393 2255 33,

827 2277 940 2343 ubi
964 2277 1397 2365 expeditionis
1414 2277 1561 2361 (Cn.
1580 2279 1880 2362 Domitii)
1897 2277 2284 2343 Corbulonis
2317 2274 2403 2357 (a.
2435 2277 2538 2360 60)
2567 2280 2954 2344 mentionem
2985 2280 3228 2345 fecerat
3242 2280 3395 2364 Lyd.

829 2379 958 2449 iba.
988 2386 1049 2458 3,
1079 2386 1180 2449 34.
1215 2419 1293 2427 —
1324 2381 1750 2465 Epifflamma
1792 2382 1908 2446 sub
1954 2382 2206 2446 nomine
2248 2382 2382 2446 eius
2424 2382 2633 2464 fertur
2675 2382 2934 2447 Anthol.
2980 2382 3093 2447 lat.
3131 2386 3273 2449 899.

711 2484 872 2549 1079
917 2484 1369 2565 (CORNELIVS
1402 2485 1844 2568 CETHEGVS),
1893 2496 2080 2570 pater
2112 2484 2201 2551 M.
2232 2483 2518 2550 Cornelii
2549 2483 2819 2568 Cethegi
2853 2484 3135 2550 consulis
3172 2510 3227 2552 a.
3262 2487 3393 2566 170,

832 2585 1177 2672 proconsul
1220 2586 1416 2653 Asiae
1467 2597 1615 2675 post
1657 2610 1714 2656 a.
1767 2589 1887 2654 170
1929 2588 2200 2654 Lucian.
2246 2586 2511 2653 Demon.
2550 2592 2631 2653 30
2678 2588 2762 2670 cf.
2804 2609 2869 2653 n.
2914 2591 3102 2653 1080.

711 2690 872 2755 1080
917 2699 997 2754 Μ.
1043 2698 1463 2754 CORNELIVS
1508 2699 1926 2775 CETHEGVS,
1975 2687 2200 2754 consul
2244 2711 2414 2754 anno
2450 2690 2573 2755 170
2614 2711 2758 2754 cum
2806 2689 2879 2756 C.
2909 2690 3149 2755 Erucio
3193 2690 3395 2757 Claro.

833 2791 917 2857 In
942 2791 1306 2856 consulatu:
1333 2791 1421 2860 M.
1450 2792 1789 2858 Cornelius
1816 2792 2144 2876 Cethegus
2178 2791 2280 2857 VI
2290 2796 2469 2869 1978
2501 2792 2623 2858 ΧΙ
2632 2797 2769 2869 619
2794 2798 3063 2858 cetemm
3085 2792 3398 2876 Cethegus

833 2894 1012 2976 fasti.
1067 2933 1146 2942 —
1202 2893 1368 2960 Cum
1428 2894 1757 2979 Cethegus
1817 2894 2176 2961 consularis
2239 2917 2356 2980 per
2414 2896 2753 2962 Graeciam
2814 2895 2881 2959 in
2940 2894 3166 2961 Asiam
3221 2895 3396 2984 profi-

837 2997 1207 3081 cisceretur,
1256 3007 1328 3063 ut
1371 2998 1546 3084 apud
1592 3008 1842 3086 patrem
1889 2998 2340 3084 proconsulem
2381 2997 2579 3063 Asiae
2628 2997 2824 3082 legati
2875 3020 3144 3065 munere
3193 3000 3401 3084 funge-

838 3110 1035 3182 retur,
1081 3098 1288 3165 multa
1332 3100 1607 3166 ridicule
1652 3100 1823 3186 fecit,
1872 3101 1955 3167 ob
1987 3124 2157 3188 quae
2186 3101 2531 3165 Demonax
2568 3122 2717 3165 eum
2753 3101 2965 3166 inrisit
3000 3102 3268 3170 Lucian.
3301 3103 3399 3169 vit.

838 3200 1104 3268 Demon.
1124 3207 1224 3270 31.
1310 3201 1470 3269 Cum
1492 3205 1820 3270 Ducianus
1845 3207 2045 3270 vitam
2067 3203 2482 3269 Demonactis
2510 3203 2625 3268 sub
2656 3203 2894 3287 finem
2866 3206 3121 3287 imperit
3150 3206 3247 3273 M.
3275 3206 3400 3269 An·

841 3307 1045 3371 tonim-
1069 3305 1165 3370 vel
1194 3306 1401 3389 paulo
1429 3312 1582 3390 post
1607 3309 1937 3392 scripsisse
1967 3307 2276 3383 videatur,
2326 3306 2480 3372 haec
2517 3305 2809 3372 cadunt
2780 3329 2849 3372 m
2882 3311 3166 3391 tempora
3197 3307 3404 3372 Marci

836 3413 987 3491 post
1030 3429 1090 3474 a.
1120 3413 1265 3476 170.

971 3509 1163 3574 Anno
1199 3512 1322 3577 180
1366 3513 1431 3576 in
1478 3510 1692 3578 locum
1726 3511 2011 3577 Cornelii
2045 3510 2316 3595 Cethegi
2362 3511 2502 3577 salii
2549 3511 2827 3577 Palatini
2873 3510 3038 3577 alius
3084 3522 3400 3598 cooptatus

846 3623 943 3676 est
988 3612 1090 3677 VI
1121 3617 1322 3691 1979‚·
1373 3620 1585 3697 potest
1646 3635 1776 3680 esse
1840 3615 2058 3681 consul
2118 3637 2179 3682 a.
2224 3620 2348 3680 170
2406 3614 2503 3695 (id
2554 3614 2724 3697 quod
2770 3636 3117 3699 perperam
3172 3615 3403 3698 neyavit

854 3713 1311 3799 Waddinyton,
1379 3717 1611 3783 Fastes
1667 3740 1731 3784 n.
1777 3722 1903 3786 152
1960 3720 2041 3802 cf.
2108 3717 2535 3801 Marquardt,
2596 3716 3205 3803 Staatsverwaltunq
3255 3715 3402 3783 111²

839 3839 911 3900 p.
941 3821 1070 3883 429
1116 3817 1263 3884 adn.
1293 3819 1359 3902 1)
1403 3820 1500 3885 vel
1541 3821 1732 3904 filius.

726 3920 883 3985 1081
937 3929 1097 3985 SER.
1160 3931 1585 3988 CORNELIVS
1644 3933 2073 4005 CETHEGVS‚
2141 3921 2369 3989 consul
2436 3944 2584 3988 cum
2651 3923 2728 3990 L.
2793 3922 3065 3988 Visellio
3129 3923 3408 3988 Varrone

850 4044 1019 4087 anno
1064 4027 1167 4090 24.
1241 4025 1328 4089 In
1370 4026 1733 4091 consulatu:
1775 4028 1915 4092 Ser.
1964 4025 2307 4091 Cornelius
2353 4024 2680 4109 Cethegus
2726 4025 2828 4090 VI
2860 4029 3084 4103 10051‚
3128 4024 3411 4092 Frontin.

852 4124 927 4190 de
970 4127 1153 4209 aquis
1180 4132 1327 4205 102,
1374 4127 1508 4193 Dio
1536 4129 1664 4196 ind.
1699 4128 1738 4193 l.
1770 4135 1871 4207 57,
1921 4130 2084 4213 [Ser.
2117 4127 2486 4212 Co]rnelius
2531 4127 2861 4211 Cethegus
2899 4129 3066 4211 fasti
3089 4129 3415 4195 Arvalium

853 4229 904 4293 I
910 4228 935 4266 ⁸
971 4252 1043 4312 p.
1077 4235 1189 4309 71;
1233 4231 1373 4296 Ser.
1420 4231 1569 4299 Cor.
1608 4234 1658 4298 I
1693 4235 1812 4299 765
1853 4233 1924 4297 in
1969 4238 2203 4297 tessera
2241 4232 2675 4315 yladiatoria5
2718 4230 3056 4297 Cornelius
3102 4232 3415 4316 Cethegus

863 4331 1009 4397 Tac.
1043 4355 1102 4398 a.
1136 4338 1193 4410 4,
1225 4340 1323 4410 17,
1372 4340 1640 4400 ceterum
1667 4336 2042 4419 plerumque
2070 4334 2401 4418 Cethegus
2431 4335 2609 4417 fasti.
2644 4372 2731 4382 —
2776 4334 2914 4400 Ser.
2946 4334 3117 4400 filius
3146 4335 3277 4402 Dio
3311 4336 3350 4400 l.
3380 4335 3415 4402 l.

733 4435 896 4501 1082
943 4437 1015 4500 Ρ.
1062 4434 1405 4503 Cornelius
1451 4437 1861 4521 Cicatricula,
1908 4439 1982 4503 P.
2031 4438 2093 4522 f.‚
2143 4438 2318 4503 tribu
2360 4438 2532 4521 sab„
2579 4440 2828 4525 primus
2872 4437 3040 4524 pilus
3083 4437 3202 4521 bis,
3247 4461 3418 4526 prae·

854 4536 1062 4602 fectus
1094 4541 1406 4625 equitum,
1453 4541 1816 4627 praefectus
1854 4541 2095 4622 classis,
2142 4540 2507 4626 praefectus
2539 4539 2900 4605 cohortium
2928 4540 3173 4606 civium
3207 4542 3419 4606 Roma·

857 4661 1087 4706 norum
1134 4654 1415 4727 quatuor
1459 4646 1524 4708 in
1571 4644 1924 4730 Hispania,
1990 4642 2293 4709 tribunus
2337 4642 2649 4726 militum3
2708 4644 2878 4708 IIvir
2923 4652 2989 4707 et
3034 4643 3208 4708 Hvir
3248 4644 3421 4730 quin·

860 4744 1222 4831 quennalis‚
1285 4746 1581 4833 pontifex
1627 4747 1939 4830 (Pisauri)
1983 4746 2110 4812 XI
2144 4751 2308 4811 6344
2351 4750 2394 4811 t.
2441 4745 2851 4812 Pisaurensis
2878 4745 3135 4828 publice
3163 4746 3423 4828 positus.

736 4848 901 4916 1083
946 4857 1011 4911 L.
1058 4849 1537 4933 (CORNELIVS)
1584 4860 1833 4932 CINNA,
1890 4847 2090 4914 frater
2148 4848 2411 4914 Arvalis
2469 4850 2540 4914 in
2597 4849 2760 4913 actis
2814 4847 3155 4913 Arvalium
3207 4869 3267 4914 a.
3310 4849 3424 4913 inc.

859 4952 1118 5035 imerii
1157 4952 1431 5017 ineuntis
1459 4954 1739 5037 Auyusti
1765 4952 2033 5035 Ephem.
2066 4973 2160 5035 cp.
2189 4956 2234 5018 8
2264 4974 2337 5036 p.
2365 4956 2506 5017 316.
2575 4950 2679 5016 De
2708 4949 2956 5016 homine
2982 4950 3147 5017 nihil
3176 4955 3425 5017 constat.

739 5055 903 5120 1084
950 5063 1067 5122 ΟΝ.
1115 5063 1536 5120 CORNELIVS
1584 5066 1816 5121 CINNA
1863 5064 2193 5137 MAGNVS,
2243 5053 2467 5120 consul
2511 5077 2683 5119 anno
2730 5054 2853 5120 758
2885 5084 2967 5108 =
2999 5058 3038 5120 5
3077 5077 3140 5142 p.
3173 5054 3247 5121 C.
3290 5075 3426 5120 cum

864 5157 944 5226 L.
991 5157 1253 5224 Valerio
1296 5158 1604 5224 Messalla
1647 5159 1905 5226 Voles0.
1954 5195 2034 5203 —
2085 5157 2488 5222 Memoratur
2530 5159 2601 5223 in
2647 5162 2689 5222 t.
2736 5157 2949 5223 liberti
2992 5157 3092 5223 VI
3122 5162 3283 5223 1961
3324 5156 3426 5242 (1),
