3859 5992
658 1822 1239 1898 ACADEMIAE
1299 1820 1967 1898 SCIENTIARUM
2030 1821 2394 1897 REGIAE
2455 1820 3055 1897 BORUSSIGAE

1488 2027 2217 2103 PRAEMONITVM

659 2337 787 2403 Per
852 2332 1198 2400 multorum
1264 2354 1581 2400 annorum
1649 2335 2122 2420 multorumque
2188 2336 2471 2403 virorum
2539 2336 2799 2403 labores
2868 2336 3222 2404 Academia

482 2457 906 2525 scientiarum
938 2475 1017 2521 eo
1048 2454 1366 2540 pervenit,
1399 2461 1468 2520 ut
1494 2455 1889 2521 Graecorum
1913 2457 2480 2541 Romanorumque
2506 2456 2854 2534 heredita8‚
2901 2464 3221 2541 quatenus

485 2599 575 2647 ea
620 2598 739 2664 per
781 2594 940 2643 aera
985 2580 1052 2640 et
1097 2594 1420 2642 marmora
1470 2575 1711 2661 scripta
1754 2574 1841 2641 ad
1887 2597 2010 2643 nos
2056 2577 2311 2660 perlata
2355 2583 2476 2662 est,
2534 2583 2783 2662 prostet
2835 2578 3110 2644 collecta
3154 2585 3220 2646 et

481 2696 876 2784 regionatim
925 2694 1244 2762 ordinata.
1336 2695 1512 2763 Sane
1555 2716 1687 2763 non
1733 2697 1928 2781 plene
1974 2697 2227 2763 executi
2284 2717 2505 2763 sumus
2556 2696 2772 2762 adhuc
2816 2698 2991 2781 quod
3032 2698 3219 2764 nobis

480 2836 1034 2906 proposueramus
1063 2815 1413 2883 infortunio
1461 2816 1759 2902 eoquod
1806 2837 2186 2901 magnorum
2227 2817 2631 2901 inceptorum
2664 2836 2882 2883 comes
2912 2825 3012 2884 est
3055 2819 3222 2886 adsi-

482 2941 680 3025 duus3
738 2943 1080 3024 praeterea
1133 2934 1461 3004 hereditas
1513 2938 1628 3003 illa
1679 2937 1810 3002 iam
1855 2957 1988 3003 non
2034 2936 2290 3002 casibus
2344 2943 2614 3023 tantum,
2661 2937 2780 3003 sed
2824 2936 2980 3003 data
3023 2959 3223 3025 opera

485 3061 977 3147 exploratorum
1024 3056 1510 3141 omnigenarum
1556 3059 1843 3143 quotidie
1890 3059 2289 3144 locupletata
2347 3057 2440 3122 ita
2485 3058 2790 3125 continuo
2835 3058 3084 3144 crescit,
3152 3068 3222 3125 ut

482 3199 657 3266 quae
703 3177 899 3245 hodie
943 3175 1247 3242 absoluta
1290 3176 1698 3263 videbantur,
1754 3198 1898 3244 cras
1951 3178 2364 3243 inveniantur
2415 3197 2648 3244 manca
2701 3186 2766 3245 et
2823 3178 3217 3263 imperfecta.

480 3296 924 3367 Nihilominus
953 3297 1023 3362 id
1048 3295 1181 3362 iam
1213 3296 1399 3363 nobis
1428 3296 1722 3363 videmur
1753 3296 2045 3365 adsecuti
2078 3317 2244 3384 esse,
2290 3304 2361 3363 ut
2392 3305 2539 3383 post
2570 3318 2844 3366 messem
2875 3299 2942 3365 in
2972 3298 3222 3367 horreis

482 3418 818 3486 conditam
861 3436 1092 3483 manus
1134 3417 1466 3484 admoveri
1498 3416 1750 3502 possint
1791 3419 1876 3485 ad
1908 3438 2265 3487 messorum
2313 3438 2545 3504 operas
2589 3419 2961 3486 secutor-ias.
3053 3420 3219 3485 Nam

485 3540 726 3623 ingens
755 3537 872 3603 illa
915 3542 1474 3602 monumentorum
1523 3537 1906 3623 scriptorum
1949 3537 2209 3623 farrago
2256 3559 2424 3623 quae
2455 3538 2740 3606 continet
2769 3539 2834 3604 in
2881 3560 2952 3606 se
2986 3539 3221 3607 eximia

483 3667 552 3728 et
598 3680 721 3746 per
764 3678 836 3725 se
881 3655 1082 3740 digna
1125 3676 1293 3741 quae
1334 3657 1786 3742 expendantur
1830 3659 2065 3726 sufficit
2093 3658 2349 3745 publice
2379 3657 2715 3744 proposita
2752 3657 2978 3726 haberi
3011 3681 3221 3727 emen-

481 3781 646 3847 date
715 3777 1056 3846 recensita.
1149 3776 1283 3843 Sed
1325 3776 1522 3859 longe
1575 3778 1831 3860 plurimi
1888 3779 1997 3864 qui
2054 3787 2278 3847 extant
2335 3778 2501 3845 tituli
2559 3799 2704 3844 cum
2763 3786 3102 3845 versentur
3153 3780 3218 3846 in

487 3901 686 3970 rebus
758 3903 872 3966 aut
934 3896 1204 3983 privatis
1267 3904 1382 3963 aut
1448 3897 1772 3964 inferioris
1827 3899 2069 3966 ordinis
2138 3899 2440 3987 publicis,
2513 3898 2887 3981 singillatim
2961 3898 3219 3983 quidem

487 4017 846 4087 examinati
892 4016 1172 4083 utilitate
1220 4025 1464 4105 carent,
1508 4026 1577 4084 at
1621 4019 1941 4087 coniuncti
1988 4022 2158 4087 inter
2188 4041 2259 4087 se
2290 4027 2357 4087 et
2386 4017 2724 4105 compositi
2770 4038 2914 4084 cum
2959 4018 3220 4104 reliquis

486 4138 766 4210 vetustis
833 4137 1037 4224 copiis
1104 4139 1308 4205 multa
1376 4147 1441 4207 et
1507 4147 1901 4226 aperuerunt
1967 4147 2034 4208 et
2090 4140 2387 4227 aperient
2452 4139 2715 4205 aliunde
2780 4139 2960 4207 nullo
3025 4141 3218 4208 modo

486 4259 777 4347 petenda
844 4263 910 4325 et
970 4257 1061 4323 ad
1106 4257 1462 4343 priscorum
1517 4268 1878 4346 temporum
1935 4260 2311 4327 memoriam
2377 4258 2945 4344 redintegrandam
3016 4260 3216 4327 utilia.

484 4383 704 4448 Tanta
732 4385 951 4446 tamen
983 4384 1086 4445 est
1128 4378 1509 4463 scriptorum
1543 4387 2099 4448 monumentorum
2133 4380 2321 4466 copia
2352 4387 2664 4465 tantaque
2694 4388 3218 4464 argumentorum

484 4499 854 4585 diversitas,
921 4504 994 4564 ut
1037 4499 1104 4564 in
1151 4519 1361 4566 messe
1407 4500 1686 4567 collecta
1729 4500 1993 4567 subsisti
2037 4522 2168 4567 non
2212 4502 2437 4587 possit,
2493 4502 2610 4569 sed
2653 4502 2876 4587 spicae
2922 4508 3220 4587 oporteat

485 4626 802 4706 terantur,
834 4637 1046 4703 grana
1072 4617 1333 4685 diversa
1363 4618 1834 4707 discernantur,
1868 4619 2297 4707 excutiantur,
2331 4622 2708 4688 condantur.
2787 4622 2865 4687 Ei
2896 4621 3218 4689 desiderio

485 4760 881 4828 quamquam
926 4738 1336 4824 aliquatenus
1388 4739 1721 4824 provisum
1778 4747 1875 4809 est
1928 4740 2272 4827 indicibus,
2340 4763 2500 4826 quos
2556 4742 2827 4825 singulis
2879 4762 3220 4827 corporum

484 4868 858 4933 nostrorum
928 4857 1221 4944 partibus
1286 4858 1441 4924 addi
1507 4860 1836 4947 iussimus,
1903 4881 1988 4927 ne
2041 4861 2135 4927 sic
2200 4859 2458 4946 quidem
2517 4883 2593 4929 eo
2656 4869 3044 4949 perventum
3099 4871 3218 4949 est,

488 5003 619 5069 quo
664 4977 994 5068 perveniri
1040 4986 1105 5045 et
1150 4985 1366 5065 potest
1411 4986 1476 5046 et
1522 4980 1735 5048 debet.
1824 4982 1966 5047 Hoc
2012 4980 2419 5048 efficiendum
2466 4989 2584 5068 est,
2632 4989 2703 5049 ut
2748 4989 3217 5067 componantur

485 5102 769 5187 exempli
812 5100 1027 5185 gratia
1072 5100 1590 5183 onomatologica
1634 5107 1700 5166 et
1730 5100 2024 5168 Graecae
2068 5101 2330 5185 linguae
2361 5109 2426 5168 et
2457 5102 2732 5169 Latinae
2776 5109 2841 5168 et
2885 5102 3218 5168 nationum

485 5220 909 5307 reliquarum3
984 5220 1140 5287 item
1209 5218 1635 5307 insigniorum
1700 5220 1985 5289 virorum
2053 5220 2346 5287 laterculi
2415 5242 2497 5287 ex
2565 5220 2964 5308 plebeiorum
3031 5219 3221 5285 turba
