3859 5992
601 551 899 631 Asfflws
1905 564 2030 632 163
3020 554 3322 632 A‘simvs

731 771 897 849 iecit,
945 770 1127 836 cuius
1167 771 1268 836 rei
1310 770 1519 837 adhuc
1559 792 1756 837 unum
1771 822 1788 850 ,
1848 771 2018 855 quod
2054 771 2255 839 sciam
2270 821 2288 851 ,
2341 773 2688 857 exemplum
2734 772 2921 856 idque
2965 773 3034 837 in
3081 771 3325 839 decreto

731 874 1115 959 pontificum
1168 873 1273 939 Π
1288 879 1462 941 2010
1505 874 1801 939 mnotuit.

615 977 782 1043 1022
827 976 909 1058 Q.
940 975 1212 1042 Asinius
1241 975 1590 1042 Marcellus
1619 982 2007 1041 memoratur
2034 978 2104 1043 in
2133 977 2359 1060 teyulis
2384 977 2654 1042 urbanis
2680 977 2754 1043 X
2768 977 2978 1043 V330.
3007 982 3324 1058 846-857,

742 1100 821 1144 ex
846 1080 1075 1161 quibus
1104 1101 1344 1145 annum
1370 1084 1502 1146 123
1527 1079 1819 1144 indicant
1844 1101 1909 1145 n.
1939 1083 2256 1145 846-848.
2291 1083 2434 1157 851,
2480 1100 2719 1145 annum
2744 1084 2872 1145 134
2910 1102 2975 1146 n.
3002 1084 3148 1150 849.
3176 1086 3325 1151 852.

742 1180 962 1247 Potest
1003 1181 1170 1248 idem
1213 1201 1343 1247 esse
1386 1182 1497 1264 qui
1525 1181 1860 1265 praecedit
1899 1181 1998 1246 vel
2038 1181 2213 1266 filius
2260 1181 2412 1249 eius.

618 1285 784 1350 1023
828 1284 915 1369 [ο.
975 1284 1298 1368 ASINIVS]
1359 1293 1843 1350 mcomcflvs
1915 1293 2272 1350 IVLIANVS
2338 1283 2684 1350 honoratus
2751 1289 2794 1350 t.
2859 1284 3330 1369 Drepanitanis

739 1386 907 1453 IGI
936 1391 1068 1454 283
1111 1387 1223 1473 (1),
1275 1390 1405 1454 284
1456 1387 1552 1475 (2)
1615 1417 1698 1441 =
1753 1384 1917 1453 CIG
1967 1389 2148 1454 6498.
2246 1436 2303 1453 ..
2330 1436 2346 1453 .
2375 1412 2441 1453 ον
2509 1386 2937 1473 Νεικόμαχο[ν]
3006 1386 3325 1458 Ἰουλιανόν

742 1495 785 1556 t.
825 1495 885 1569 1,
933 1538 949 1556 .
974 1538 992 1556 .
1016 1538 1034 1556 .
1059 1539 1077 1556 .
1122 1488 1601 1575 [Ν]εικόμ[αχον]
1665 1487 2081 1574 [Ἰ]ουλιανό[ν]
2141 1493 2184 1555 t.
2228 1495 2311 1569 2,·
2366 1510 2590 1555 nomen
2629 1490 2862 1572 yentile
2897 1492 3330 1573 probabiliter

740 1593 1067 1677 suppletur
1110 1614 1188 1658 ex
1224 1593 1587 1658 nominibus
1615 1593 2065 1675 procuratoris
2095 1591 2308 1658 Asinii
2339 1591 2647 1670 Amianti,
2694 1594 2805 1675 qui
2831 1592 3147 1660 dedicavit
3189 1601 3232 1664 t.
3267 1600 3328 1674 1,

744 1700 804 1761 et
843 1717 921 1761 ex
962 1700 1005 1762 t.
1038 1695 1204 1762 016
1235 1699 1403 1761 3866
1444 1696 1528 1778 cf.
1577 1717 1641 1761 n.
1678 1699 1865 1762 1018.
1916 1735 1994 1744 -
2041 1692 2287 1761 Consul
2332 1693 2657 1776 (suffectus
2701 1716 2870 1760 anno
2910 1698 3152 1764 incerto
3193 1719 3332 1766 sae-

745 1799 877 1864 culi
908 1798 1068 1880 III)
1113 1803 1155 1866 t.
1200 1802 1262 1865 1.
1305 1803 1374 1876 2,
1420 1797 1768 1884 proconsul
1812 1796 2011 1863 Asiae
2056 1802 2099 1865 t.
2141 1803 2202 1864 1.

621 1902 788 1967 1024
827 1901 1100 1967 Asinius
1165 1899 1372 1967 Pollio
1389 1950 1406 1985 ,
1474 1901 1844 1987 praefectus
1910 1899 2054 1967 alae
2119 1901 2187 1965 in
2250 1901 2662 1966 Mauretania
2723 1923 2782 1965 a.
2834 1901 2918 1966 69
2981 1923 3330 1990 oppressus

757 2005 906 2070 Tac.
945 2004 1006 2071 h.
1043 2009 1111 2082 2,
1141 2007 1244 2070 59.

622 2109 786 2174 1025
832 2116 895 2176 c,
925 2116 1221 2172 ASINIVS
1251 2112 1543 2190 POLLIO,
1591 2103 1711 2173 Cn.
1744 2106 1791 2172 f.
1823 2110 1973 2171 acta
2002 2105 2300 2189 ampl».
2334 2102 2722 2188 Capitolina,
2768 2108 2933 2190 fasti
2971 2106 3124 2174 min.
3156 2107 3329 2177 IIIb

743 2216 804 2277 et
847 2210 991 2277 VII
1024 2209 1175 2277 GIL
1217 2209 1300 2275 1⁹
1333 2230 1408 2293 p.
1439 2214 1521 2275 60
1566 2214 1627 2274 et
1667 2213 1780 2287 64,
1839 2209 1913 2273 in
1967 2212 2227 2274 senatus
2285 2208 2566 2274 consulto
2624 2230 2685 2274 a.
2739 2214 2865 2275 737
2904 2241 2989 2265 =
3031 2217 3118 2276 17
3157 2233 3220 2279 a.
3259 2211 3332 2280 0.

753 2314 856 2381 VI
873 2318 1003 2380 877
1015 2335 1075 2379 a.
1156 2312 1371 2378 Natus
1411 2317 1503 2379 est
1546 2334 1609 2377 a.
1639 2312 1910 2379 6781679
1940 2341 2027 2366 =
2057 2310 2239 2378 76l75
2269 2332 2332 2376 a.
2373 2310 2467 2389 0„
2510 2333 2665 2377 nam
2692 2311 2893 2379 altero
2927 2324 2992 2379 et
3019 2315 3331 2381 vicesimo

745 2418 974 2483 aetatis
1027 2437 1198 2481 anno
1242 2413 1319 2482 O.
1367 2414 1680 2481 Catonem
1737 2414 2072 2480 accusavit
2123 2414 2270 2482 Tac.
2317 2413 2471 2479 dial.
2519 2419 2600 2480 34
2617 2465 2633 2493 ,
2690 2416 2870 2481 cuius
2927 2436 3127 2483 causa
3185 2423 3334 2484 acta

745 2524 836 2585 est
880 2542 939 2587 a.
992 2524 1112 2585 700
1157 2549 1240 2574 =
1280 2523 1363 2585 54
1404 2516 1724 2583 Asconius
1780 2518 1854 2583 in
1910 2516 2347 2585 Scaurianam
2389 2538 2466 2601 p.
2502 2522 2601 2586 16.
2687 2517 2932 2584 Consul
2975 2542 3034 2585 a.
3082 2520 3207 2585 '714
3250 2550 3336 2575 =

745 2625 831 2689 40
874 2647 931 2688 a.
978 2622 1089 2705 (λς
1135 2644 1253 2709 pro
1296 2620 1565 2687 consule
1609 2643 1667 2686 a.
1715 2621 1840 2687 715
1883 2650 1970 2675 =
2013 2620 2096 2687 39
2155 2630 2386 2686 contra
2426 2619 2766 2685 Dalmatas
2826 2620 3068 2687 bellum
3113 2622 3333 2708 gessit,

748 2725 1020 2792 Salonas
1081 2725 1309 2790 urbem
1366 2725 1575 2811 cepit3
1633 2722 1803 2790 VIII
1854 2723 1923 2789 k.
1969 2722 2324 2788 Novembr.
2371 2743 2456 2788 ex
2500 2722 2868 2788 Parthineis
2912 2725 3338 2811 triumphavit

747 2834 895 2893 acta
938 2826 1238 2911 trimnph.
1279 2825 1670 2910 Capitolina,
1725 2825 1974 2891 Florus
2015 2831 2082 2904 2,
2123 2831 2230 2903 25,
2291 2822 2425 2892 Dio
2465 2829 2572 2903 48,
2616 2830 2716 2905 41,
2776 2827 3094 2893 Horatius
3137 2848 3332 2894 carm.

747 2938 814 3009 2,
843 2937 903 3009 1,
942 2936 1041 3009 13,
1075 2930 1334 2998 Servius
1364 2929 1453 2994 acl
1480 2927 1709 3013 Veryil.
1734 2928 1842 2995 ecl.
1873 2933 1934 3006 4,
1958 2933 2017 3006 1,
2050 2926 2478 3012 Hieronymus
2507 2928 2720 2998 chron.
2753 2930 2842 2996 ad
2869 2952 2929 2997 a.
2953 2930 3116 2996 Abr.
3140 2936 3334 2999 2020.

751 3034 1037 3102 Ceterum
1095 3033 1170 3099 cle
1221 3032 1413 3098 rebus
1466 3032 1548 3097 ab
1608 3053 1679 3097 eo
1738 3031 1947 3098 libera
2001 3052 2074 3097 re
2121 3028 2392 3116 publica
2439 3032 2634 3115 yestis
2673 3031 2815 3098 vide
2856 3031 3202 3099 Drumann
3244 3033 3337 3099 11

744 3161 817 3223 p.
862 3143 912 3205 2
952 3157 1083 3220 sqq.
1170 3132 1337 3200 Cum
1382 3133 1624 3200 Caesar
1668 3155 1818 3199 eum
1862 3143 2154 3219 rogaret,
2204 3144 2277 3200 ut
2319 3154 2540 3199 secum
2584 3133 2669 3199 ad
2712 3133 2953 3200 bellum
2999 3134 3340 3202 Actiacum

750 3240 1288 3328 proficisceretur,
1341 3248 1527 3321 ‘mea,
1574 3237 1804 3324 inquit,
1863 3237 1931 3300 in
1977 3237 2339 3303 Antonium
2381 3239 2632 3303 maiora
2670 3239 2905 3304 merita
2948 3249 3118 3320 sunt,
3165 3238 3340 3305 illius

750 3347 816 3409 in
860 3365 967 3407 me
1010 3340 1329 3407 beneficia
1372 3339 1662 3423 notiora3
1722 3341 1945 3426 itaque
1997 3339 2356 3406 discrimini
2414 3349 2635 3405 vestro
2692 3362 2797 3404 me
2855 3340 3233 3407 subtraham
3274 3352 3342 3407 et

753 3467 861 3512 ero
926 3443 1172 3532 praeda
1227 3443 1520 3509 victoris‘
1586 3437 1855 3509 Velleius
1894 3446 1962 3521 2,
2006 3446 2109 3520 86,
2152 3447 2213 3509 3.
2314 3442 2477 3509 Inde
2536 3464 2579 3507 a
2621 3440 3004 3526 principatu
3058 3445 3343 3529 Auqusti

745 3554 1012 3633 praeter
1049 3546 1295 3612 iudicia
1338 3551 1398 3612 et
1436 3548 1686 3611 curiam
1729 3547 1937 3629 (testis
1969 3555 2233 3611 senatus
2265 3542 2711 3610 consultorum
2748 3567 2808 3611 a.
2836 3546 2977 3627 729,
3012 3544 3339 3631 Sitzunqs-

753 3650 1024 3717 berichte
1082 3650 1196 3715 der
1249 3649 1551 3715 Berliner
1602 3647 1956 3715 Alcademie
2011 3652 2181 3714 1889
2226 3670 2300 3732 p.
2332 3653 2474 3727 966,
2532 3657 2598 3712 et
2640 3670 2698 3713 a.
2733 3648 2857 3714 737
2905 3648 3008 3715 VI
3039 3653 3169 3715 877
3180 3652 3249 3735 a)
3298 3668 3343 3715 a

749 3755 940 3820 rebus
981 3753 1267 3837 publicis
1324 3753 1565 3835 afuisse
1620 3752 1889 3819 videtur.
1988 3752 2255 3817 LXXX
2314 3752 2545 3818 aetatis
2614 3772 2770 3815 suae
2828 3772 2998 3815 anno
3057 3751 3122 3816 in
3182 3751 3342 3817 villa

752 3855 1129 3923 Tusculana
1157 3856 1432 3920 moritur
1460 3853 1890 3939 Hieronymus
1918 3853 2133 3922 chron.
2166 3853 2255 3919 ad
2281 3875 2342 3922 a.
2365 3851 2530 3921 Abr.
2549 3858 2732 3921 2020
2753 3882 2839 3907 =
2863 3856 2983 3919 758
3004 3883 3089 3908 =
3107 3858 3149 3920 5
3166 3876 3240 3938 p.
3267 3853 3341 3920 (J.

756 3962 839 4043 cf.
885 3959 1104 4027 Senec.
1150 3962 1426 4027 controv.
1454 3963 1498 4024 4
1527 3958 1747 4042 praef.
1778 3961 1838 4035 5,
1893 3957 2042 4023 Tac.
2092 3953 2248 4023 dial.
2289 3961 2392 4026 17.

884 4060 1089 4127 Pollio
1150 4082 1235 4125 ex
1290 4060 1618 4126 manubiis
1664 4058 1825 4145 (scil.
1873 4058 2022 4125 belli
2062 4058 2447 4147 Dalmatici)
2506 4060 2755 4146 primus
2808 4060 3053 4124 Romae
3110 4056 3340 4125 biblio-

754 4165 1009 4231 thecam
1051 4164 1119 4229 in
1165 4164 1330 4230 atrio
1374 4164 1732 4229 Libertatis
1772 4162 2154 4251 publicavit,
2201 4180 2399 4249 quam
2441 4163 2837 4246 imaginibus
2879 4163 3169 4227 virorum
3215 4163 3341 4228 cla·

756 4290 977 4334 rorum
1021 4267 1278 4333 ornavit
1312 4266 1493 4336 Plin.
1534 4288 1601 4333 n.
1636 4265 1699 4332 h.
1733 4271 1790 4345 7,
1827 4271 1984 4347 115,
2023 4271 2124 4344 35,
2156 4271 2258 4345 10,
2307 4264 2566 4332 Sueten.
2598 4266 2868 4350 Auyust.
2899 4270 2988 4333 29
3031 4267 3115 4348 cf.
3160 4264 3343 4332 Ovid.

763 4373 955 4438 Trist.
1000 4375 1060 4449 3,
1104 4374 1166 4450 1,
1213 4375 1312 4438 71.
1396 4369 1665 4435 Statuae
1707 4371 1777 4434 in
1820 4370 2252 4434 monumentis
2296 4367 2508 4434 Asinii
2553 4367 2864 4433 Pollionis
2904 4379 3345 4435 memorantur

758 4475 940 4541 Plin.
967 4495 1031 4541 n.
1062 4472 1125 4538 h.
1159 4477 1261 4550 36,
1289 4476 1395 4541 23.
1439 4476 1547 4539 24.
1591 4476 1698 4540 25.
1742 4476 1839 4540 33.
1883 4475 1986 4537 34.

884 4576 1155 4643 Amicus
1214 4574 1555 4662 fautorque
1611 4584 1950 4662 poetarum
2010 4580 2076 4640 et
2129 4575 2420 4640 virorum
2478 4573 2817 4640 doctorum
2873 4574 3102 4639 aetatis
3151 4596 3340 4640 suae:

762 4680 1080 4768 ‘leporum
1123 4677 1404 4744 disertus
1448 4699 1612 4766 puer
1654 4700 1731 4745 ac
1774 4679 2177 4744 facetiarum’
2224 4676 2520 4743 Catullus
2562 4696 2759 4742 carm.
2799 4681 2903 4755 12,
2946 4681 2987 4741 6
3001 4697 3022 4754 ;
3064 4674 3342 4742 Helvius

758 4784 972 4851 Cinna
1035 4783 1095 4847 ei
1162 4779 1576 4862 (adulescenti
1639 4784 1711 4848 in
1769 4780 2114 4847 Graeciam
2156 4780 2557 4868 profecturo)
2614 4780 3115 4866 Propempticon
3166 4780 3345 4845 misit

760 4886 1017 4954 Charis,
1074 4885 1362 4953 Gramm.
1415 4886 1564 4951 Lat.
1608 4885 1660 4951 I
1691 4906 1764 4969 p.
1810 4889 1955 4951 124.
2055 4883 2225 4950 Cum
2284 4882 2539 4967 legatus
2598 4876 2774 4967 agris
2832 4880 3343 4969 Transpadanae

756 4989 1139 5056 dividundis
1182 4996 1530 5076 praeesset,
1574 4987 1939 5072 Vergilium
1982 4986 2348 5051 indemnem
2392 4985 2715 5073 praestitit
2745 4985 3006 5053 Servius
3044 4980 3132 5049 acl
3166 4983 3343 5067 Verq.

758 5093 868 5161 ecl.
910 5098 977 5173 2,
1025 5099 1182 5171 110;
1222 5097 1280 5171 6,
1324 5097 1385 5171 3,
1429 5093 1537 5157 vit.
1585 5090 1764 5175 Very.
1811 5090 2070 5158 Sueton.
2115 5087 2227 5158 rel.
2276 5087 2742 5169 Reifferscheid
2768 5109 2843 5172 p.
2871 5093 2972 5154 53.
3015 5091 3134 5166 59,·
3176 5087 3337 5152 Ver·

759 5197 953 5282 gilius
983 5195 1068 5261 ad
1101 5218 1250 5261 eum
1279 5194 1539 5281 scripsit
1574 5193 1866 5278 eclogam
1896 5201 2199 5279 quartam
2229 5200 2294 5257 et
2323 5213 2472 5257 eum
2499 5190 2838 5279 praedicat
2866 5190 2973 5323 ecl.
2998 5193 3064 5268 2,
3094 5193 3347 5269 84-89,·

2832 5293 2895 5347 ll
