3859 5992
566 513 887 570 CLODIVS
1859 504 1984 571 417
2078 468 2089 479 l
2943 512 3261 568 CLODIVS

824 709 897 779 O.
944 711 989 777 f.
1038 709 1109 776 C.
1154 732 1216 775 n.
1262 711 1425 793 fasti
1463 708 1616 793 Gap.
1695 708 1939 775 Consul
1983 709 2293 774 suffectus
2338 730 2422 773 ex
2466 706 2597 774 kal.
2643 708 2765 773 Iul.
2809 732 2868 775 a.
2914 709 2956 774 4
2999 710 3163 792 fasti
3192 750 3267 759 —

695 813 930 879 Ovidio
977 823 1205 898 poetae
1248 813 1782 878 familiarissimus
1823 812 1949 877 fuit
1980 810 2250 877 Clodius
2279 811 2550 876 Licinus
2596 811 2972 895 consularis,
3020 811 3271 878 histori-

692 939 823 999 cus,
864 917 979 1002 qui
1008 936 1158 981 eum
1194 914 1544 980 admodum
1576 937 1927 1003 pauperem
1959 913 2312 980 decessisse
2349 915 2548 981 tradit
2590 914 3087 981 et·liberalitate
3127 938 3263 999 sua,

692 1018 904 1105 quoad
950 1019 1210 1101 vixerit,
1256 1028 1684 1084 sustentatum
1715 1017 1971 1085 Sueton.
2010 1017 2085 1082 de
2107 1038 2377 1101 qramm.
2408 1024 2532 1097 20,-
2576 1017 2841 1084 Clodius
2885 1017 3151 1083 Licinus
3195 1019 3264 1082 in

688 1120 856 1187 libro
899 1122 1089 1186 tertio
1136 1143 1351 1186 rerum
1387 1121 1825 1187 Romanarum
1871 1120 2072 1186 refert
2098 1121 2238 1185 Liv.
2271 1126 2379 1197 29,
2410 1125 2521 1197 22,
2554 1127 2634 1185 10
2680 1120 2779 1201 (de
2823 1121 3010 1186 rebus
3053 1142 3113 1185 a.
3143 1124 3265 1186 560

687 1253 774 1278 =
816 1229 939 1290 194
977 1223 1231 1308 yestis),·
1287 1225 1556 1289 Licinus
1616 1224 1926 1306 (traditur
1969 1225 2292 1307 Licinius)
2351 1246 2567 1289 rerum
2612 1226 3048 1290 Romanarum
3103 1223 3265 1288 libro

689 1328 997 1393 vicesimo
1041 1329 1249 1413 primo
1295 1328 1532 1392 citatur
1563 1326 1731 1395 Non.
1770 1347 1820 1392 s.
1860 1347 1915 1394 υ.
1951 1326 2319 1410 patibulum
2348 1348 2423 1411 p.
2452 1331 2604 1404 221,
2652 1325 2918 1392 Clodius
2958 1325 3267 1409 (traditur

688 1429 1026 1515 Claudius)
1072 1452 1288 1495 rerum
1327 1431 1764 1495 Romanarum
1806 1429 1972 1496 libro
2016 1428 2398 1494 duodecimo
2443 1428 2530 1494 id.
2574 1448 2623 1496 8.
2669 1450 2723 1493 v.
2756 1430 2988 1512 pristis
3018 1451 3091 1513 p.
3121 1432 3262 1494 535.

558 1532 684 1596 920
726 1542 805 1598 Μ.
853 1541 1170 1597 CLODIVS
1216 1540 1618 1614 LVNENSIS,
1679 1531 1905 1597 consul
1951 1532 2314 1616 (suffectus)
2359 1531 2564 1597 XIIII
2605 1530 2674 1595 k.
2717 1530 2947 1596 Octob.
2991 1553 3136 1596 cum
3184 1531 3257 1597 P.

689 1635 939 1700 Licinio
974 1633 1206 1701 Crasso
1241 1636 1356 1701 sub
1403 1637 1655 1701 initium
1697 1634 1937 1700 saeculi
1962 1636 2014 1701 I
2032 1638 2185 1718 post
2230 1657 2290 1700 a.
2320 1637 2442 1699 105
2470 1633 2659 1699 XIV
2674 1638 2843 1700 4057
2880 1638 2923 1702 t.
2954 1634 3259 1714 Fidenas,

682 1759 860 1820 quem
899 1740 1118 1821 posuit
1163 1738 1423 1804 libertus
1463 1739 1722 1822 quidam
1762 1737 1915 1803 Iulii
1962 1737 2278 1819 Quadrati
2326 1759 2455 1802 cos.
2500 1738 2587 1805 ΙΙ.

555 1841 676 1905 921
726 1840 994 1906 Clodius
1039 1842 1280 1923 Macer,
1325 1841 1406 1906 de
1447 1863 1574 1927 quo
1621 1843 1970 1927 imperator
1997 1840 2373 1906 Hadrianus
2404 1838 2487 1904 ad
2517 1840 2876 1906 Vitrasium
2907 1839 3263 1906 Pollionem

685 1942 971 2027 legatum
1011 1945 1386 2030 provinciae
1429 1944 1887 2028 Lugdunensis
1936 1944 2267 2029 rescripsit
2311 1942 2709 2008 Modestinus
2760 1942 3005 2026 Diyest.
3051 1949 3156 2021 27,
3204 1949 3261 2022 1,

682 2050 782 2124 15,
813 2053 899 2113 17
907 2067 928 2124 ,·
967 2048 1244 2129 fortasse
1286 2069 1363 2112 ex
1388 2049 1669 2130 posteris
1710 2048 1843 2112 eius
1886 2048 1997 2129 qui
2035 2048 2335 2129 sequitur.

554 2147 681 2214 922
724 2160 792 2214 L.
840 2158 1156 2215 CLODIVS
1202 2159 1483 2214 MACER.
1555 2149 1819 2214 Nmnmi
1860 2151 1994 2214 eius
2022 2149 2335 2233 permulti
2375 2153 2593 2214 extant
2636 2150 2772 2214 cusi
2798 2154 2951 2232 post
2984 2150 3261 2215 Neronis

678 2272 886 2318 necem
929 2252 998 2317 in
1041 2253 1299 2335 Africa,
1345 2272 1497 2334 quos
1536 2254 1878 2335 composuit
1923 2251 2187 2328 Muller,
2243 2251 2748 2333 Numismatique
2793 2251 2868 2317 de
2912 2251 3257 2318 l’ancienne

681 2356 959 2438 Afrique
1001 2356 1094 2421 II
1128 2378 1201 2439 p.
1241 2361 1362 2420 170
1403 2377 1466 2420 n.
1503 2360 1629 2420 380
1669 2395 1745 2404 --
1770 2377 1842 2439 p.
1874 2360 1997 2420 171
2040 2376 2102 2420 n.
2134 2358 2285 2421 392.
2372 2354 2485 2420 Ad
2538 2375 2803 2437 quorum
2846 2357 3157 2420 rationem
3201 2360 3261 2420 et

680 2460 958 2541 formam
1010 2458 1460 2523 illustrandam
1517 2458 1671 2523 haec
1728 2458 2012 2541 exempla
2053 2458 2416 2541 sufficiant:
2479 2457 2545 2540 a)
2590 2479 2652 2522 n.
2695 2462 2821 2522 380
2865 2458 2942 2523 L.
2990 2456 3258 2523 Clodius

681 2562 922 2638 Macer,
969 2565 1161 2645 caput
1204 2561 1440 2626 nudum
1481 2561 1720 2638 Macri,
1766 2562 1834 2626 in
1878 2582 2097 2645 eampo
2144 2560 2211 2626 S.
2252 2559 2324 2629 O.
2367 2561 2428 2640 Β*
2458 2560 2943 2646 Proprae(tore)
2975 2560 3254 2644 Africae,

684 2664 746 2737 b)
789 2686 855 2729 n.
896 2668 1021 2729 385
1064 2663 1140 2729 L.
1189 2663 1376 2730 Clodi
1429 2664 1635 2728 Ma'cri
1682 2663 2081 2747 Liberatrix‚
2144 2667 2334 2746 caput
2375 2663 2678 2747 Africae,
2729 2663 2795 2730 S.
2845 2662 2917 2729 C.
2969 2666 3027 2743 Ῐῖι·
3070 2666 3258 2747 siqna

684 2766 1057 2850 leyionaria‚
1106 2765 1195 2831 ad
1232 2787 1393 2848 quae
1438 2765 1826 2848 adscriptum
1870 2770 1963 2831 est
1996 2766 2258 2850 Leg(io)
2288 2766 2389 2831 III
2417 2766 2774 2850 Aug(usta)
2803 2764 3254 2849 Lib(eratrix),

682 2868 737 2944 c)
794 2889 855 2933 n.
902 2873 1032 2935 383
1089 2870 1165 2937 L.
1220 2869 1408 2936 Clodi
1459 2869 1667 2934 Macri
1728 2868 1795 2935 S.
1841 2867 1916 2937 C.
1978 2870 2040 2951 Ιξν
2102 2870 2191 2934 ad
2245 2869 2431 2952 siqua
2490 2868 2845 2952 leyionaria
2903 2869 3163 2953 Leg(io)
3223 2871 3257 2935 I

679 2972 1111 3057 Lib(eratrix)
1152 2972 1503 3039 Macriana.

810 3074 1022 3141 Plena
1062 3077 1323 3141 nomina
1366 3075 1656 3140 exhibent
1694 3077 1955 3153 nummi,
2001 3074 2268 3141 Clodius
2304 3074 2528 3140 Macer
2570 3075 2744 3158 apud
2783 3076 3141 3158 scriptores.
3174 3116 3252 3125 —

680 3180 967 3262 Legatus
1002 3181 1068 3243 in
1105 3178 1326 3244 Africa
1363 3180 1510 3244 Tac.
1542 3177 1602 3243 h.
1637 3184 1696 3256 4,
1728 3183 1827 3255 41,
1867 3177 2126 3243 Sueten.
2162 3178 2380 3243 Galba
2407 3182 2505 3253 11,
2549 3178 2786 3243 scilicet
2830 3177 3093 3261 leyionis
3122 3179 3254 3243 III

680 3282 1010 3366 Auqustae
1056 3283 1124 3347 in
1170 3282 1484 3347 Numidia
1536 3280 1857 3346 tendentis.
1952 3279 2087 3345 Sub
2130 3280 2324 3345 finem
2370 3281 2619 3367 imperii
2664 3279 2940 3345 Neronis
2982 3280 3257 3345 descivit

679 3406 894 3470 neque
953 3385 1203 3453 Galbae
1262 3408 1330 3450 se
1385 3384 1687 3450 adiunxit
1736 3384 2070 3451 Plutarch.
2118 3383 2335 3449 Galba
2377 3389 2436 3449 6.
2520 3384 2605 3449 Id
2659 3383 2824 3466 quod
2879 3385 3259 3468 confirmant

679 3488 935 3565 nummi,
981 3488 1053 3552 in
1082 3489 1306 3570 quibus
1348 3508 1589 3571 semper
1621 3488 1757 3570 fere
1801 3487 2063 3552 additur
2106 3487 2420 3570 s(enatus)
2467 3485 2813 3572 c(onsulto)
2860 3492 2917 3551 et
2961 3488 3258 3570 inprimis

675 3611 964 3655 nummus
994 3612 1054 3668 a,
1098 3591 1213 3655 ubi
1252 3590 1516 3656 Clodius
1556 3611 1621 3655 se
1663 3592 1797 3673 ipse
1826 3590 1982 3654 dicit
2008 3610 2135 3654 non
2164 3590 2297 3653 iam
2327 3589 2617 3672 leqatum,
2664 3589 2773 3655 sed
2807 3612 2923 3676 pro
2961 3601 3255 3674 praetore

681 3693 750 3756 in
791 3713 1027 3757 morem
1071 3693 1308 3757 liberae
1351 3695 1450 3757 rei
1483 3693 1796 3776 publicae.
1872 3693 2097 3774 Itaque
2142 3692 2357 3757 eadem
2398 3693 2647 3757 ratione
2695 3697 2880 3775 atque
2925 3693 3255 3776 Verqinius

677 3796 911 3878 Rufus,
956 3817 1220 3878 quocum
1264 3794 1658 3860 Plutarchus
1699 3794 1739 3859 l.
1783 3794 1824 3859 l.
1873 3816 2013 3859 eum
2057 3796 2417 3878 composuit,
2466 3794 2767 3858 iudicium
2813 3795 2887 3860 de
2928 3796 3256 3879 rcpublica

678 3898 1112 3963 constituenda
1130 3899 1415 3981 primum
1442 3899 1692 3962 senatui
1722 3897 2081 3980 populoque
2108 3896 2405 3963 Romano
2433 3917 2779 3963 reservasse
2807 3897 3071 3963 videtur.
3120 3899 3254 3964 Nec

677 4004 886 4065 tamen
915 4006 1258 4084 postquam
1298 4000 1515 4065 Galba
1550 4021 1591 4064 a
1620 4004 1844 4064 senatu
1885 4000 2234 4082 imperator
2263 4000 2517 4082 aqnitus
2558 4004 2665 4077 est,
2711 4020 2777 4065 se
2820 4001 3102 4078 subiecit,
3148 4000 3257 4066 sed

676 4104 943 4187 speciem
969 4105 1353 4169 restitutores
1385 4103 1621 4168 liberae
1648 4105 1747 4167 rei
1775 4102 2079 4186 publicae
2108 4124 2279 4185 prae
2313 4122 2378 4167 se
2413 4103 2582 4183 ferre
2612 4104 3076 4186 perseveravit,·
3117 4102 3253 4169 ἀλλ’

677 4210 708 4272 ὁ
749 4208 854 4292 μὲν
893 4204 1165 4277 Κλώδιος
1209 4210 1271 4272 ἐν
1319 4209 1607 4293 ἁρπαγαῖς
1651 4208 2013 4293 πραγμάτων
2059 4209 2320 4292 γεγονὼς
2356 4208 2452 4271 καὶ
2485 4205 2685 4291 φόνοις
2730 4209 2962 4293 ἀνδρῶν
2997 4206 3069 4273 δι’
3101 4205 3255 4293 ὠμό-

677 4335 822 4395 τητα
865 4312 961 4374 καὶ
1004 4310 1340 4380 πλεονεξίαν
1390 4312 1571 4394 δῆλος
1613 4310 1684 4394 ἦν
1717 4311 1781 4374 ἐν
1810 4319 1900 4396 τῷ
1945 4312 2092 4396 μήτε
2135 4309 2408 4395 κατέχειν
2440 4312 2587 4396 μήτε
2632 4310 2865 4395 ἀφιέναι
2908 4313 3014 4395 τὴν
3061 4314 3252 4397 ἀρχὴν

678 4412 965 4478 δύνασθαι
1009 4412 1470 4498 περιφερόμενος
1504 4411 1835 4477 Plutarch.
1884 4412 1924 4476 l.
1974 4411 2013 4476 l.
2090 4412 2364 4495 Legioni
2408 4412 2509 4477 111
2554 4412 2889 4496 Augustae
2932 4435 3251 4499 agnomen

677 4514 1025 4579 liberatrici
1072 4513 1323 4580 addidit
1363 4535 1595 4579 numm.
1646 4516 1718 4594 11,·
1778 4516 1844 4578 in
1898 4514 2127 4579 Africa
2181 4513 2349 4597 legio
2409 4512 2832 4602 cohortesque
2884 4515 3171 4582 delectae
3215 4543 3254 4583 a

678 4615 906 4682 Clodio
965 4617 1222 4699 Macr0,
1292 4639 1444 4682 mox
1498 4640 1538 4683 a
1594 4616 1811 4685 Galba
1864 4616 2169 4681 dimissae
2230 4616 2375 4685 Tac.
2428 4616 2489 4681 h.
2543 4622 2609 4694 2,
2659 4622 2757 4694 97,
2802 4619 2966 4684 unde
3026 4621 3253 4686 collato

676 4740 926 4784 nummo
985 4741 1018 4784 c
1075 4723 1342 4802 apparet
1402 4720 1703 4785 Macrum
1767 4720 2068 4803 leqionem
2133 4720 2388 4784 tertiam
2451 4723 2510 4784 et
2575 4719 2825 4785 auxilia
2889 4724 3023 4786 eius
3076 4724 3254 4788 novis

679 4822 1007 4886 dilectibus
1062 4822 1301 4887 habitis
1359 4824 1845 4905 transformasse
1900 4824 1972 4888 in
2026 4843 2254 4888 novam
2310 4821 2632 4905 legionem
2691 4824 2725 4888 I
2785 4823 3253 4890 Liberatricem

677 4923 1096 4989 Macrianam.
1183 4926 1392 5007 Atque
1449 4946 1517 4990 eo
1575 4925 1741 5007 quod
1794 4926 2028 5008 leqioni
2081 4925 2451 4991 vocabulum
2504 4947 2579 4990 ex
2633 4926 2834 5007 ipsius
2892 4930 3255 5010 coquomine

682 5027 1011 5092 deductum
1047 5030 1370 5111 impertiit,
1404 5030 1817 5112 confirmatur
1845 5049 1984 5092 eum
2012 5027 2273 5092 dubium
2310 5033 2567 5094 nutasse
2596 5030 2760 5094 inter
2791 5035 3017 5111 partes
3051 5035 3253 5114 specie

676 5152 809 5195 rem
837 5131 1172 5214 publicam
1209 5131 1614 5214 defendentis,
1659 5153 1729 5195 re
1771 5153 1922 5196 vera
1964 5132 2297 5214 imperium
2340 5133 2673 5215 sumpturi.

650 5239 1073 5295 Prosopographia
1099 5239 1223 5294 Imp.
1252 5240 1393 5285 Rom.
1444 5240 1484 5284 1.
2776 5235 2843 5290 27
