3859 5992
662 492 982 549 CLODIVS
1948 482 2077 547 420
3044 490 3365 548 CLODIVS

783 706 1050 771 Aestate
1104 706 1243 770 fere
1285 728 1344 770 a.
1389 706 1516 771 238
1574 714 1849 792 uterque
1892 704 2230 788 Augustus
2290 703 2482 769 simul
2525 727 2566 768 a
2607 703 2919 770 militibus
2971 707 3219 771 occisus
3266 716 3370 772 est

783 808 1136 875 Herodian.
1170 812 1230 886 8,
1263 813 1363 886 10,
1409 809 1518 872 vit.
1568 809 1754 874 Max.
1801 813 1860 873 et
1895 807 2092 873 Balb.
2124 812 2354 884 13-14,
2397 806 2711 875 Gordian.
2757 812 2868 875 22.
2947 808 3052 874 De
3096 814 3372 894 tempore

778 914 1002 977 mortis
1046 916 1107 976 et
1149 912 1223 976 de
1264 911 1475 994 spatio
1517 912 1775 994 imperii
1814 910 1956 975 vide
1999 932 2159 992 quae
2202 910 2464 993 emposni
2501 910 2617 975 sub
2663 909 2729 974 A
2773 915 2907 976 664.

912 1015 1232 1101 Pupienia
1292 1013 1518 1079 Sextia
1575 1013 1897 1098 Pau[lina]
1962 1012 2325 1097 Cethegilla
2382 1011 2516 1077 filia
2577 1017 2619 1080 t.
2667 1018 2707 1078 6
2750 1014 2834 1095 cf.
2880 1014 3064 1095 infra
3108 1014 3173 1079 P
3208 1020 3335 1081 805
3348 1035 3370 1094 ,·

780 1118 956 1202 filins
998 1118 1131 1182 eius
1173 1117 1418 1181 videtur
1462 1118 1539 1182 T.
1588 1116 1853 1182 Clodius
1897 1116 2232 1202 Pupienus
2277 1114 2561 1180 Pulcher
2604 1115 2998 1201 M[aximus].

653 1237 781 1304 930
827 1247 894 1303 Τ.
937 1246 1251 1302 CLODIVS
1296 1246 1661 1301 PVPIENVS
1705 1245 2057 1300 PVLCHER
2100 1234 2514 1319 M[AX1MVS].
2593 1235 2841 1301 Titulus
2893 1237 3266 1302 Tiburtinus
3311 1239 3376 1303 εἰ

781 1340 1042 1423 publice
1072 1341 1324 1424 positus
1349 1340 1541 1405 XIV
1557 1344 1739 1406 3593.
1813 1339 1903 1404 M.
1937 1340 2000 1422 f.,
2052 1338 2252 1422 (filius
2284 1338 2418 1403 eius
2446 1339 2559 1420 qui
2584 1339 2922 1421 imperavit
2960 1345 3034 1405 nt
3076 1341 3370 1425 videtur),

789 1442 1181 1508 clarissimus
1210 1445 1330 1527 vir,
1372 1444 1673 1507 triumvir
1708 1441 2063 1520 monetalis,
2089 1450 2390 1528 quaestor
2426 1439 2839 1525 kandidatus,
2881 1453 3143 1528 praetor
3179 1443 3373 1509 urba-

783 1568 926 1629 nus,
961 1545 1307 1632 proconsul
1337 1547 1710 1632 provinciae
1734 1544 2171 1628 Macedoniae,
2199 1546 2344 1608 vice
2368 1565 2635 1630 operum
2665 1543 3094 1631 publicorum,
3130 1545 3373 1613 electus

788 1648 1028 1714 iudicio
1060 1672 1242 1714 sacro
1274 1648 1358 1714 ad
1391 1648 1667 1733 [census]
1697 1647 2131 1734 acceptandos
2162 1669 2279 1732 per
2308 1648 2711 1733 provinciam
2728 1647 3085 1733 Velgicam,
3114 1661 3376 1717 curator

787 1751 1049 1817 aedium
1079 1774 1408 1817 sacrarum
1437 1761 1504 1815 et
1532 1772 1801 1837 operum
1839 1749 2267 1837 publicorum,
2315 1748 2540 1814 consul
2580 1748 2905 1834 (suffectus
2934 1773 3105 1817 anno
3140 1754 3376 1818 incerto

787 1854 1030 1919 saeculi
1088 1855 1220 1920 III
1205 1853 1282 1937 ),·
1347 1854 1584 1919 XVvir
1641 1854 1842 1917 sacris
1900 1852 2259 1933 faciundis3
2326 1861 2587 1916 curator
2644 1853 2738 1916 rei
2800 1852 3098 1938 publicae
3159 1856 3377 1941 Lepti-

789 1959 1294 2041 m(agnensium)
1384 1968 1448 2021 et
1527 1955 2115 2042 Tripolitanorum,
2201 1956 2295 2019 rei
2378 1953 2679 2040 publicae
2744 1956 3371 2041 Beneventanorum,

791 2056 1256 2143 Catinensium,
1302 2070 1614 2146 patronus
1659 2059 1999 2144 municipii
2044 2058 2476 2141 (Tiburtium)
2525 2058 2621 2122 tit.
2690 2086 2695 2091 ’

665 2180 786 2244 931
837 2179 912 2243 Ρ.
960 2177 1229 2243 Clodius
1272 2177 1666 2260 Quirinalis,
1730 2177 1952 2242 rhetor
1998 2177 2255 2244 Sueten.
2304 2177 2434 2242 ind.
2484 2176 2629 2241 libr.
2676 2176 2751 2242 de
2792 2176 3026 2242 rhetor.
3073 2183 3172 2256 13,
3219 2179 3378 2243 Are-

794 2281 1060 2346 latensis
1121 2283 1365 2347 Romae
1426 2282 1865 2364 insignissime
1922 2279 2114 2345 docet
2172 2280 2601 2363 Hieronymus
2660 2279 2873 2345 chron.
2936 2280 3041 2346 ad.
3105 2304 3166 2347 a.
3211 2283 3374 2348 Abr.

791 2388 962 2450 2063
1003 2413 1088 2437 ==
1133 2405 1194 2449 a.
1234 2389 1320 2450 47
1347 2406 1420 2467 p.
1468 2382 1535 2449 0.
1580 2405 1614 2448 e
1659 2382 1982 2449 Suetonio.

684 2541 770 2550 —-
834 2504 907 2568 P.
955 2502 1306 2589 Palpellius
1352 2503 1618 2571 Clodius
1667 2503 2044 2585 Quirinalis.

666 2625 792 2689 932
839 2634 904 2700 Q.
938 2631 1255 2688 CLODIVS
1301 2633 1645 2703 RVFINVS,
1693 2622 1948 2706 legatus
1979 2623 2259 2707 Augusti
2301 2645 2436 2708 pro,
2474 2645 2570 2708 pr.
2606 2622 3006 2706 (Numidiae)
3038 2623 3159 2688 sub
3192 2623 3378 2689 Com·

795 2725 984 2791 modo
1048 2725 1233 2792 VIII
1261 2731 1434 2794 4211
1494 2731 1535 2793 t.
1584 2725 2105 2805 Verecundensis;
2163 2727 2364 2790 frater
2421 2724 2684 2790 Arvalis
2742 2747 2800 2789 a.
2850 2726 2971 2790 193
3028 2725 3132 2791 VI
3170 2731 3382 2802 2102,-

795 2829 961 2894 idem
1017 2828 1262 2893 videtur
1315 2827 1581 2894 Clodius
1635 2829 1909 2895 Rufinus
1971 2830 2139 2895 inter
2196 2828 2448 2894 nobiles
2508 2827 2590 2893 ab
2637 2830 3025 2914 imperatore
3070 2830 3379 2916 Septimio

798 2931 1039 2998 Severo
1086 2933 1330 2996 occisos
1374 2932 1482 2995 vit.
1523 2932 1742 2997 Severi
1783 2937 1885 3008 13,
1929 2936 1989 2996 5.

667 3052 792 3117 933
838 3062 905 3116 L.
952 3060 1269 3116 CLODIVS
1309 3061 1570 3115 RVFVS.
1664 3052 1930 3116 Nummi
1986 3051 2397 3134 Ayriyentini
2447 3053 2516 3116 in
2575 3072 2799 3117 aversa
2857 3057 3047 3135 caput
3099 3051 3379 3136 Augusti

797 3154 1087 3219 exhibent
1147 3176 1284 3219 cum
1342 3156 1752 3236 inscriptione
1809 3154 2204 3237 Augus(tus)
2252 3154 2489 3240 p(ater)
2536 3156 2838 3241 p(atriae)
2883 3155 3370 3238 Agrigentinfi),

802 3258 866 3319 in
912 3276 1136 3321 aversa
1188 3255 1443 3321 Salasso
1490 3257 1808 3322 Comitiae
1854 3257 2007 3322 Sex.
2056 3256 2223 3322 Rufo
2285 3257 2570 3340 IIvir(is)
2632 3259 2701 3321 in
2747 3278 2967 3340 campo
3023 3256 3101 3324 L.
3148 3256 3372 3324 Clodio

795 3358 965 3423 Rufo
1010 3382 1127 3445 pro
1174 3381 1300 3424 cos.
1348 3359 1635 3437 Salinae,
1682 3360 1775 3424 Le
1817 3364 2059 3425 monete
2105 3358 2262 3424 delle
2307 3359 2555 3425 antiche
2598 3361 2753 3425 citta
2799 3361 2869 3425 di
2912 3359 3145 3425 Sicilia
3188 3383 3259 3444 p.
3295 3364 3377 3425 35

797 3485 858 3528 n.
892 3467 1197 3530 342-349
1231 3464 1387 3546 (ta-b.
1421 3463 1624 3528 XIII
1652 3484 1714 3528 n.
1746 3466 2021 3549 25—32),
2070 3462 2416 3547 Cataloyue
2460 3464 2538 3545 of
2572 3461 2672 3527 the
2713 3461 2919 3528 Greek
2949 3463 3121 3526 coins
3163 3463 3233 3527 in
3278 3461 3376 3527 {he

797 3565 1047 3632 British
1079 3566 1393 3643 Muscam,
1441 3567 1643 3650 Sicily
1674 3589 1747 3650 p.
1780 3572 1876 3632 22
1909 3588 1973 3632 n.
2004 3570 2318 3642 160-164,
2363 3566 2479 3631 ubi
2504 3564 2672 3630 male
2698 3565 2936 3631 editum
2967 3569 3058 3630 est
3086 3582 3222 3630 SEX.
3254 3583 3373 3631 REO

793 3691 921 3753 pro
964 3686 1121 3734 RVFO
1167 3670 1250 3751 cf.
1285 3668 1550 3735 Salinas
1591 3691 1656 3733 n.
1699 3673 1837 3746 344,
1885 3668 2178 3746 Fiorelli‚
2237 3667 2544 3751 Cataloyo
2588 3667 2688 3733 del
2730 3669 2958 3733 Museo
3003 3666 3072 3731 di
3112 3666 3374 3750 Napoli,

800 3772 1192 3856 Medaylicre
1234 3772 1286 3837 I
1316 3793 1377 3839 n.
1410 3776 1588 3836 4066.

921 3872 1281 3940 Proconsul
1328 3872 1588 3939 Siciliae
1633 3872 1754 3938 sub
1780 3872 2079 3955 Augusto
2125 3884 2273 3960 post
2308 3895 2548 3937 annum
2582 3873 2705 3939 752
2737 3901 2821 3925 =
2850 3874 2891 3937 2
2921 3895 2977 3936 a.
3013 3870 3086 3937 C.
3116 3873 3375 3949 nummi,

792 4000 912 4062 quo
929 3979 1148 4061 patris
1168 3979 1434 4060 patriae
1455 3976 1826 4041 vocabulum
1854 3978 2106 4059 reefpit.
2136 4014 2205 4022 —
2229 3976 2716 4059 Prqoinquitate
2747 3976 3065 4040 coniuncti
3090 3975 3380 4039 videntur

794 4081 1058 4148 Clodius
1104 4079 1312 4145 Rufus
1359 4102 1559 4165 eques
1599 4081 1947 4161 Romanus,
1997 4080 2107 4161 qui
2135 4080 2354 4162 posuit
2402 4084 2444 4144 t.
2485 4078 2967 4143 Thermitanum
2997 4078 3068 4143 X
3098 4083 3272 4154 7346,
3320 4082 3379 4142 et

795 4185 867 4250 P.
901 4183 1166 4250 Clodius
1198 4181 1272 4248 C.
1305 4182 1347 4249 f.
1381 4183 1588 4247 Rufus
1619 4183 1837 4264 Latr0,
1887 4183 2000 4263 qui
2036 4182 2349 4248 dedicavit
2378 4182 2479 4246 Ti.
2514 4180 2779 4246 Caesari
2818 4182 2975 4245 Divi
3005 4181 3049 4247 f.
3081 4179 3377 4262 Augusto
3440 4242 3447 4249 .

795 4292 836 4350 t.
897 4288 966 4351 in
1025 4309 1141 4351 ora
1196 4285 1677 4369 septentrionali
1735 4285 2004 4351 Siciliae
2074 4290 2391 4369 repertum
2451 4285 2705 4351 Notizie
2768 4283 2934 4368 deyli
2989 4284 3163 4349 scavi
3217 4286 3380 4347 1884

790 4412 861 4472 p.
908 4394 1047 4453 163.

666 4512 794 4575 934
840 4508 1108 4573 Clodius
1141 4508 1439 4591 Sabinus,
1486 4507 1708 4573 rhetor
1752 4509 1982 4572 aetatis
2012 4506 2312 4590 Augusti,
2365 4509 2432 4572 in
2476 4528 2669 4592 quem
2714 4528 2841 4571 uno
2891 4505 2996 4570 die
3042 4516 3107 4570 et
3148 4525 3381 4588 graece

797 4622 859 4676 et
901 4611 1103 4676 latine
1149 4609 1614 4676 declamantem
1658 4609 1861 4675 multa
1905 4609 2155 4673 urbane
2200 4610 2371 4674 dicta
2420 4619 2571 4674 sunt
2614 4609 2857 4675 Seneca
2899 4612 3171 4673 controv.
3218 4614 3276 4684 9,
3315 4614 3376 4684 3,

792 4720 891 4779 13.
933 4719 1031 4779 14.
1076 4749 1162 4759 --
1222 4713 1419 4795 Vulyo
1477 4713 1642 4778 idem
1688 4717 1965 4795 putatur
2012 4712 2161 4777 Sex.
2214 4711 2516 4795 Clodius,
2582 4711 2840 4778 Siculus
2902 4710 3141 4775 latinae
3192 4709 3378 4775 simul

793 4838 1198 4902 graecasque
1257 4815 1660 4901 eloquentiae
1720 4815 2082 4901 professor,
2143 4816 2452 4899 magister
2508 4814 2597 4879 M.
2644 4813 2945 4896 Antonii,
3010 4814 3120 4901 qui
3177 4813 3261 4878 ab
3306 4835 3379 4877 eo

796 4917 1059 4983 consule
1105 4919 1331 5000 ingens
1377 4919 1775 5000 congiarium
1828 4919 2080 5002 accepit
2126 4917 2382 4984 Sueten.
2431 4918 2505 4983 dc
2543 4938 2813 5000 yramm.
2861 4921 2920 4981 et
2961 4915 3120 4981 rhet.
3163 4921 3253 4983 29
3297 4916 3379 4997 cf.

790 5026 1135 5105 praeterea
1173 5020 1302 5088 Cic.
1347 5020 1630 5103 Philipp.
1662 5025 1729 5097 2,
1760 5025 1878 5099 43,-
1918 5025 1979 5096 3,
2012 5024 2122 5097 22,
2173 5020 2260 5084 ad
2287 5019 2424 5085 Att.
2451 5025 2512 5098 4,
2541 5024 2638 5102 15,
2671 5025 2737 5096 2,
2789 5020 2900 5105 qui
2944 5020 3180 5083 citatur
3225 5018 3376 5084 δεῖ.

796 5123 1059 5189 Clodius
1091 5134 1273 5187 sexto
1310 5123 1389 5187 de
1423 5123 1544 5187 diis
1575 5145 1809 5206 graeco
1836 5122 2166 5186 Arnobius
2194 5128 2252 5199 5,
2284 5128 2367 5188 18
2402 5153 2479 5175 =
2503 5123 2798 5187 Lactant.
2826 5123 3025 5186 instit.
3041 5125 3109 5199 1,
3134 5127 3247 5198 22,
3277 5127 3376 5188 11.
