3859 5992
531 527 903 584 CLAVDIVS
1853 516 1981 585 385
2863 526 3237 583 CLAVDIVS

658 724 992 790 Marciam
1033 728 1100 801 2,
1124 693 1327 789 ‘sz
1373 743 1438 790 n.
1483 722 1544 789 h.
1575 728 1679 801 19,
1707 728 1831 802 24,·
1873 728 2110 802 37,11‚
2163 722 2337 790 sem
2381 724 2452 789 in
2493 723 2655 790 Am.
2701 727 2760 801 6,
2806 726 2948 788 861.
3030 722 3240 789 Natus

655 851 714 893 a.
739 827 864 893 712
894 856 978 880 =
1009 828 1091 892 42
1122 849 1180 892 a.
1206 825 1299 910 0.,
1345 848 1493 892 nam
1526 828 1839 911 vigesimo
1870 848 2042 892 anno
2077 826 2313 892 obiisse
2341 826 2580 892 dicitur
2606 825 2901 911 Prope-rt.
2924 831 2985 904 4,
3013 829 3113 903 18,
3138 830 3236 903 15,

649 930 820 995 male
862 939 1091 995 octavo
1135 927 1385 994 decimo
1419 929 1598 996 Serv.
1635 931 1705 994 in
1740 929 1904 995 Aen.
1937 933 1997 1008 6,
2027 933 2171 995 861.
2258 929 2575 1014 Magister
2620 930 2758 995 eius
2800 928 3037 994 Nestor
3079 928 3239 994 Tar-

654 1033 859 1097 sensis
892 1031 1129 1099 Strabo
1172 1031 1213 1098 l.
1262 1032 1303 1097 l.

779 1153 973 1220 Anno
1020 1153 1144 1219 715
1189 1183 1274 1206 =
1316 1153 1400 1218 39
1460 1151 1615 1219 Sex.
1662 1154 2011 1240 Pompeius
2067 1155 2127 1218 ei
2178 1152 2379 1218 filiam
2423 1152 2770 1239 despondit
2811 1151 2946 1218 Dio
2987 1154 3090 1229 48,
3133 1154 3237 1228 38,

650 1257 936 1341 Αχψίαη.
982 1255 1123 1322 bell.
1169 1257 1283 1321 civ.
1326 1262 1387 1333 5,
1436 1260 1535 1321 73.
1619 1255 1814 1322 Anno
1860 1255 1985 1322 725
2030 1286 2116 1310 =
2160 1257 2244 1322 29
2286 1254 2559 1321 Actiaco
2601 1255 2929 1342 triumpho
2975 1274 3240 1319 currum

652 1359 932 1443 Augusti
1005 1361 1347 1424 comitatus
1414 1369 1513 1424 est
1568 1358 1935 1425 dexteriore
1993 1358 2195 1426 funali
2256 1380 2422 1446 equo
2484 1358 2744 1424 Sueten.
2811 1358 3019 1426 Tiber.
3078 1360 3118 1421 6
3176 1366 3243 1420 et

644 1463 985 1544 Augustus
1040 1461 1108 1525 in
1165 1461 1445 1543 gratiam
1502 1463 1640 1526 eius
1698 1464 1916 1548 pueris
1978 1463 2383 1545 congiarium
2441 1458 2621 1525 dedit
2662 1457 2796 1526 Dio
2836 1464 2936 1542 51,
2983 1464 3070 1526 21
3117 1459 3228 1542 (cf.

650 1563 903 1629 Sueten.
932 1562 1204 1646 Auyust.
1232 1562 1359 1645 41).
1435 1562 1629 1628 Anno
1662 1563 1787 1630 729
1831 1593 1916 1619 ---
1954 1566 2037 1630 25
2068 1564 2406 1648 Augustus
2449 1586 2568 1650 per
2613 1584 2762 1628 eum
2806 1572 2872 1627 et
2896 1560 3232 1627 Tiberium

648 1667 1021 1752 privignum
1061 1664 1378 1731 militibus
1420 1663 1609 1730 ludos
1651 1665 1948 1732 exhibuit
1991 1668 2058 1731 in
2103 1668 2261 1752 ipsis
2307 1668 2535 1732 castris
2565 1665 2700 1732 Dio
2738 1669 2839 1743 53,
2869 1668 2959 1731 26
2998 1663 3239 1729 scilicet

651 1770 1010 1851 Hispaniae
1053 1768 1136 1850 cf.
1182 1770 1577 1851 epiyramma
1607 1765 2000 1853 Orinayorae
2031 1768 2229 1834 Anth.
2258 1791 2471 1852 yraec.
2500 1773 2558 1846 6,
2591 1773 2732 1847 161,
2779 1766 2948 1851 quod
2985 1768 3241 1850 scripsit

650 1871 737 1937 ad
761 1870 1146 1937 Marcellum
1178 1872 1686 1954 proficiscentem
1719 1873 1791 1937 in
1821 1871 2052 1937 bellum
2080 1871 2476 1955 Hispaniam
2516 1871 2744 1937 eodem
2786 1892 2957 1936 anno
3002 1868 3235 1935 Iuliam

651 1974 848 2039 filiam
882 1974 941 2037 ei
974 1975 1039 2038 in
1071 1974 1550 2038 matrimonium
1580 1973 1764 2038 dedit
1791 1976 2181 2061 nuptiasque
2205 1974 2442 2040 absens
2473 1996 2591 2061 per
2612 1975 2971 2061 Agrippam
2994 1973 3239 2037 Romae

652 2075 968 2142 celebrari
998 2075 1187 2141 iussit
1212 2074 1300 2143 id.
1335 2079 1435 2152 53,
1460 2080 1566 2153 27,
1608 2075 1875 2141 Velleius
1904 2082 1971 2154 2,
1995 2081 2093 2154 93,
2117 2082 2184 2154 2,
2216 2077 2395 2142 Plat.
2419 2076 2656 2142 Antan.
2681 2079 2782 2153 87,
2818 2073 3116 2143 Marcell.
3137 2078 3240 2152 30,

651 2178 905 2245 Sueten.
934 2178 1207 2261 Auyast.
1237 2183 1357 2257 63;
1402 2178 1490 2244 ad
1532 2199 1641 2243 eas
1671 2180 1935 2263 nuptias
1965 2181 2246 2262 pertinet
2268 2179 2540 2245 Horatii
2566 2200 2764 2245 carm.
2792 2182 2852 2256 1,
2884 2182 2990 2246 12.
3048 2176 3241 2243 Anno

649 2282 775 2348 730
809 2311 891 2335 =
920 2282 1004 2347 24
1034 2291 1297 2347 senatus
1328 2303 1480 2346 eum
1509 2279 1754 2365 adlegit
1785 2291 1850 2346 et
1877 2283 2275 2367 praetorium
2304 2280 2513 2347 locum
2546 2283 2904 2346 sententiae
2926 2278 3243 2345 dicendae

652 2385 710 2449 ei
743 2383 924 2449 dedit
954 2384 1273 2470 simulque
1306 2383 1615 2467 decrevit,
1647 2394 1723 2450 ut
1751 2384 2064 2450 decennio
2096 2387 2415 2451 maturius
2441 2407 2634 2471 quam
2669 2407 2784 2470 per
2811 2382 2990 2466 leges
3019 2382 3245 2448 liceret

660 2486 1069 2553 consulatum
1112 2497 1364 2575 peteret
1405 2486 1539 2553 Dio
1580 2491 1681 2566 53,
1726 2491 1832 2556 28.
1939 2488 2132 2554 Anno
2177 2488 2295 2555 731
2343 2518 2425 2541 =
2472 2489 2557 2554 23
2601 2485 2828 2552 aedilis
2873 2483 3114 2550 curulis
3158 2483 3241 2549 ab

654 2590 954 2673 Augusto
999 2589 1260 2656 adiutus
1302 2590 1975 2674 magnificentissimos
2020 2590 2208 2656 ludos
2252 2590 2474 2669 edidit,
2528 2612 2647 2676 per
2690 2599 2890 2655 totam
2933 2597 3242 2654 aestatem

654 2693 866 2758 forum
926 2691 1088 2757 velis
1147 2693 1576 2776 inumbravit,
1637 2692 2179 2779 dactyliothecam
2239 2695 2307 2759 in
2362 2693 2523 2758 aede
2582 2691 2862 2757 Palatini
2921 2688 3244 2776 Apollinis

650 2797 1057 2860 consecravit
1100 2794 1370 2861 Velleius
1412 2801 1479 2872 2,
1526 2800 1627 2873 99,
1691 2794 1870 2861 Ptin.
1915 2817 1981 2861 n.
2025 2795 2088 2861 h.
2134 2801 2235 2873 19,
2283 2800 2371 2862 24
2383 2816 2406 2874 ,·
2445 2799 2546 2872 37,
2593 2798 2706 2872 11,
2775 2794 2922 2859 Tac.
2975 2813 3035 2857 a.
3079 2798 3136 2870 1,
3180 2796 3242 2869 3,

650 2897 989 2963 Plutarch.
1037 2897 1335 2964 Marcell.
1376 2901 1478 2976 30,
1543 2898 1719 2964 Serv.
1767 2899 1837 2963 in
1880 2898 2044 2963 Aen.
2089 2902 2148 2977 5,
2193 2904 2254 2967 4.
2341 2896 2452 2964 Ab
2496 2899 2800 2982 Augusto
2858 2894 3242 2982 pontificatu

651 3012 918 3065 ornatus
961 3000 1108 3066 Tac.
1156 3022 1217 3066 a.
1263 3006 1320 3079 1,
1365 3004 1426 3068 3.
1521 3000 1798 3086 Propter
1852 3001 2132 3085 gratias,
2193 3022 2355 3087 quas
2399 2999 2739 3083 Augustus
2784 3000 2844 3064 ei
2888 2997 3238 3082 tribuebat,

650 3102 1009 3168 simultates
1049 3105 1220 3168 inter
1247 3125 1396 3168 eum
1428 3113 1495 3168 et
1521 3104 1885 3190 Agrippam
1915 3114 2096 3169 ortae
2126 3114 2292 3187 sunt,
2336 3104 2429 3169 ita
2463 3113 2538 3168 ut
2568 3102 2864 3189 Agrippa
2891 3101 3240 3186 Mytilenas

651 3204 983 3271 secederet
1018 3205 1287 3271 Velleius
1315 3211 1381 3282 2,
1406 3211 1509 3285 99,
1533 3210 1598 3282 2,
1634 3204 1892 3274 Sueten.
1915 3206 2187 3289 Auyust.
2221 3212 2319 3283 66,
2361 3206 2572 3271 Tiber.
2595 3210 2692 3282 10,
2724 3203 2858 3270 Dio
2886 3207 2983 3281 53,
3006 3208 3107 3269 31.
3129 3207 3234 3270 32.

652 3308 790 3375 Sub
836 3307 1027 3373 finem
1075 3309 1229 3373 anni
1275 3309 1355 3373 23
1403 3308 1511 3391 (cf.
1544 3307 1677 3372 Dio
1719 3310 1817 3385 53,
1848 3313 1951 3385 30,
1997 3307 2177 3376 Ptin.
2210 3330 2273 3376 n.
2304 3308 2365 3374 h.
2396 3313 2497 3384 19,
2529 3306 2643 3391 24)
2689 3316 3031 3390 aegrotans
3064 3306 3238 3393 apud

647 3411 842 3476 Baias
873 3411 1088 3477 subito
1119 3411 1397 3476 decessit
1439 3421 1504 3475 et
1547 3408 1806 3496 publico
1852 3410 2082 3476 funere
2129 3409 2336 3476 elatus
2365 3409 2797 3497 laudatusque
2827 3408 2910 3476 ab
2940 3410 3237 3493 Augusto

645 3515 713 3579 in
745 3536 970 3600 campo
998 3513 1236 3578 Martio
1266 3511 1556 3599 sepultus
1583 3521 1683 3578 est
1703 3513 1997 3596 Propert.
2021 3519 2080 3591 4,
2113 3518 2212 3591 18,
2243 3518 2302 3591 6,
2355 3512 2623 3579 Velleius
2650 3518 2716 3590 2,
2748 3517 2850 3590 99,
2881 3518 2940 3591 1,
2987 3514 3135 3578 Tac.
3174 3535 3235 3582 a.

646 3621 712 3693 2,
744 3621 845 3692 41,
891 3615 1026 3682 Dio
1064 3620 1166 3694 53,
1196 3621 1294 3694 30,
1343 3616 1521 3683 Serv.
1568 3618 1641 3680 in
1681 3617 1844 3681 Aen.
1877 3621 1937 3694 1,
1972 3621 2134 3695 712,·
2174 3620 2237 3694 3,
2270 3621 2426 3695 718,·
2466 3618 2523 3693 5,
2554 3621 2631 3695 4,·
2674 3620 2732 3693 6,
2763 3620 2904 3683 861.
2949 3652 3037 3662 -
3079 3615 3238 3681 Per-

640 3740 873 3803 peram
915 3718 1087 3784 filius
1131 3718 1216 3784 ab
1260 3718 1558 3802 Augusto
1603 3717 1947 3805 adoptatus
1993 3718 2231 3784 dicitur
2272 3717 2605 3785 Plutarch.
2636 3719 2875 3784 Antan.
2907 3722 3011 3795 87,
3057 3718 3233 3785 Serv.

643 3822 715 3887 in
756 3821 916 3888 Aen.
963 3826 1021 3900 6,
1059 3825 1203 3887 861.

774 3941 853 4005 In
897 3941 1204 4006 honorem
1252 3951 1316 4006 et
1358 3941 1734 4007 memoriam
1776 3942 2016 4005 mortui
2046 3941 2325 4007 Octavia
2369 3951 2575 4006 mater
2619 3940 3076 4006 bibliothecam
3122 3964 3231 4006 ex·

643 4044 849 4108 truxit
906 4042 1242 4110 Plutarch.
1310 4043 1606 4111 Marcell.
1658 4048 1761 4121 30,
1819 4041 2161 4128 Augustus
2230 4043 2551 4108 theatrum
2612 4042 2906 4109 Marcelli
2972 4046 3233 4109 nomine

644 4169 702 4212 a.
750 4147 874 4213 743
913 4176 998 4200 --·
1045 4149 1120 4212 11
1168 4170 1227 4211 a.
1275 4146 1349 4214 C.
1397 4145 1725 4211 dedicavit
1774 4145 1905 4212 ibd.
1969 4147 2052 4228 cf.
2114 4151 2157 4215 t.
2205 4152 2291 4213 2.·
2349 4145 2672 4211 theatrum
2729 4145 2814 4211 ad
2873 4146 3033 4210 aede
3091 4146 3230 4230 (sic)

643 4246 964 4335 Apollinis
1010 4249 1075 4313 in
1121 4247 1257 4313 solo
1297 4270 1537 4333 magna
1579 4270 1664 4312 ex
1709 4257 1894 4334 parte
1939 4271 1979 4313 a
2023 4249 2396 4334 p[r]i[v]atis
2441 4258 2653 4334 empto
2699 4248 2841 4333 feci,
2888 4247 3064 4336 quod
3109 4249 3231 4315 sub

646 4353 902 4416 nomine
948 4351 1037 4416 M.
1083 4350 1422 4436 Marcell[i]
1467 4353 1690 4435 generi
1734 4352 1859 4416 mei
1908 4362 2092 4434 esset,
2139 4350 2274 4417 Dio
2316 4356 2416 4430 53,
2455 4358 2573 4430 30;
2613 4354 2713 4430 54,
2756 4355 2862 4429 26,
2909 4352 3050 4416 Liv.
3083 4374 3227 4435 per.

645 4454 688 4520 l.
731 4459 870 4531 141,
919 4453 1100 4520 Plin.
1145 4476 1208 4519 n.
1253 4454 1315 4519 h.
1360 4458 1421 4531 8,
1468 4458 1566 4530 65,
1617 4454 1871 4519 Sueten.
1922 4454 2195 4537 Auyust.
2239 4459 2347 4520 29.
2393 4459 2510 4532 43;
2561 4453 2880 4519 theatrum
2934 4454 3228 4519 Marcelli

641 4561 1027 4622 memoratur
1070 4554 1222 4621 CIL
1263 4556 1385 4621 IX
1423 4561 1593 4622 9230
1652 4557 1847 4639 (fasta
1891 4556 2201 4642 Allifan.)
2245 4555 2422 4622 Fest.
2456 4579 2527 4641 p.
2558 4559 2684 4621 178
2732 4577 2785 4621 s.
2829 4577 2885 4625 v.
2938 4557 3224 4637 Octavia,

639 4661 873 4725 Ascon.
905 4659 976 4723 in
999 4658 1229 4725 Scaur.
1249 4681 1321 4742 p.
1346 4663 1452 4735 24,
1478 4663 1535 4735 1,
1570 4658 1748 4723 Plin.
1780 4679 1843 4723 n.
1867 4658 1928 4722 h.
1955 4664 2012 4735 7,
2039 4663 2184 4735 121,
2213 4659 2517 4725 Martial.
2539 4664 2607 4736 2,
2629 4663 2739 4735 29,
2763 4663 2806 4724 5
2821 4679 2842 4735 ;
2873 4665 2975 4738 10,
3000 4664 3101 4738 51,
3123 4666 3223 4738 11,

649 4763 796 4827 Tac.
846 4782 907 4826 a.
950 4765 1010 4843 3,
1045 4766 1142 4838 64,
1190 4761 1365 4828 Suet.
1405 4760 1584 4844 Vesp.
1613 4766 1714 4838 19,
1759 4761 1867 4828 vit.
1916 4761 2058 4828 Sev.
2104 4761 2468 4826 Alexandri
2506 4766 2604 4838 44,
2654 4766 2710 4838 7,
2759 4760 3007 4827 Forma
3045 4765 3227 4830 urbis

639 4864 888 4929 Romae
931 4865 1059 4929 tab.
1105 4863 1225 4930 IV
1253 4865 1487 4948 fraqm.
1533 4867 1627 4930 28
1668 4862 1760 4929 ecl.
1808 4863 2101 4941 Jordan,
2170 4863 2428 4929 Notitia
2484 4865 2723 4948 reqion.
2769 4864 2910 4941 IX,
2976 4864 3221 4935 Omios.

636 4989 766 5052 rey.
812 4966 948 5034 IX.
991 5004 1078 5013 —
1121 4966 1513 5052 Crinagoras
1572 4976 1764 5053 poeta
1814 4967 2075 5053 scripsit
2125 4965 2205 5030 ed
2260 4988 2406 5031 eum
2458 4968 2654 5050 epiyr.
2701 4966 2962 5033 Anthol.
3004 4990 3217 5051 yraec.

636 5075 695 5147 6,
739 5074 896 5148 161,·
946 5074 1005 5146 9,
1049 5074 1188 5137 545.
1235 5107 1311 5118 -
1361 5070 1742 5135 Memoriam
1800 5070 2035 5134 mortui
2096 5068 2556 5154 praedicarunt
2613 5080 2845 5157 poetae
2889 5070 3220 5155 Vergilius

611 5195 1033 5250 Pro-apographi»
1057 5195 1182 5251 Imp.
1208 5196 1347 5242 Rom.
1399 5195 1442 5241 1.
2740 5187 2809 5242 25
