3859 5992
665 470 1086 532 CORNELIVS
1950 463 2077 530 468
2946 462 3370 524 CORNELIVS

792 678 1002 739 autem
1029 674 1145 738 sub
1184 672 1571 754 Vespasiano
1606 692 1692 735 an
1718 671 1833 735 sub
1873 670 2019 735 Tito
2048 670 2303 751 functus
2344 670 2430 734 sit
2470 690 2599 734 non
2640 668 2848 751 mayis
2891 673 3054 733 certe
3095 672 3373 732 statuere

791 777 934 841 lieet
975 797 1167 858 quam
1208 780 1424 839 utrum
1469 775 1761 839 tribunus
1792 773 2006 856 plebis
2049 777 2164 837 aut
2207 772 2431 837 aedilis
2463 772 2604 837 Tito
2640 772 2838 852 fuerit
2874 792 2961 835 an
2994 770 3370 836 Domitiam

790 881 1158 962 imperante.
1193 878 1481 960 Praetor,
1529 876 2009 963 quindecimvir
2045 876 2246 940 sacris
2284 874 2605 939 faciundis
2635 896 2805 939 anno
2836 874 2919 938 88
2953 872 3126 938 ludis
3154 895 3370 937 saecu-

790 980 1038 1046 laribus
1083 980 1295 1045 adfuit
1335 983 1468 1063 ipse
1515 1002 1576 1044 a.
1622 984 1721 1056 11,
1766 984 1865 1046 11.
1970 978 2098 1043 Per
2141 977 2645 1065 quadriennium
2698 978 2904 1042 Roma
2955 975 3189 1041 absens
3248 977 3373 1043 fuit

790 1082 1258 1167 (probabiliter,
1302 1087 1376 1146 ut
1417 1084 1789 1164 praetorius
1817 1082 2224 1165 provinciam
2262 1080 2745 1145 administraret
2777 1079 2872 1144 vel
2916 1080 3151 1162 leyioni
3176 1102 3371 1164 prae-

791 1192 1005 1274 esset),
1054 1208 1201 1250 cum
1256 1184 1563 1269 Agricola
1620 1194 1982 1249 moreretur
2035 1186 2228 1267 (anno
2277 1183 2414 1266 93),
2479 1181 2591 1247 sed
2651 1194 2802 1246 ante
2857 1182 3052 1247 finem
3118 1186 3371 1269 imperii

788 1289 1145 1354 Domitiani
1197 1290 1266 1352 in
1318 1286 1546 1352 urbem
1599 1286 1793 1351 rediit
1835 1288 1970 1369 ipse
2006 1286 2165 1369 Ayr.
2203 1289 2302 1352 45.
2384 1284 2629 1349 Consul
2674 1285 3036 1368 (suffectus)
3082 1308 3251 1350 anno
3290 1288 3371 1351 97

784 1390 1044 1478 publice
1085 1390 1378 1455 laudavit
1413 1389 1800 1472 Verginium
1847 1387 2093 1453 Rufum
2127 1388 2304 1452 Plin.
2338 1388 2516 1469 epist.
2549 1393 2615 1465 2,
2642 1393 2702 1464 1,
2728 1392 2769 1452 6
2797 1387 2880 1470 cf.
2920 1409 3084 1470 quae
3116 1390 3377 1472 eaposui

789 1493 1199 1559 Rheinisehes
1255 1493 1549 1558 Museum
1607 1491 1912 1556 XLIIII
1960 1489 2174 1574 (1889)
2227 1513 2299 1573 p.
2344 1494 2476 1555 273
2517 1510 2680 1572 sqq.,·
2746 1489 3103 1555 consularis
3150 1492 3372 1560 sicima.

790 1597 1006 1680 Apoll.
1052 1597 1229 1679 epist.
1265 1600 1324 1672 4,
1364 1600 1461 1671 14,
1494 1600 1551 1659 1.
1629 1593 1991 1658 Proconsul
2037 1593 2262 1675 (Asiae
2308 1591 2428 1657 sub
2473 1594 2783 1675 Traiano)
2829 1597 2873 1657 t.
2904 1600 2963 1658 1.

919 1699 1203 1764 Auditor
1259 1698 1348 1765 M.
1408 1696 1574 1782 Apri
1634 1708 1702 1760 et
1756 1694 1908 1760 Iulii
1971 1695 2287 1772 Secundi,
2350 1718 2512 1781 quos
2572 1697 2637 1759 in
2696 1695 2952 1760 iudiciis
3011 1718 3139 1760 non
3184 1697 3372 1763 modo

789 1802 1077 1867 studiose
1133 1799 1471 1881 audiebat,
1535 1798 1648 1863 sed
1693 1799 1869 1864 domi
1915 1820 2176 1885 quoque
2221 1808 2285 1863 et
2327 1799 2395 1862 in
2439 1798 2698 1883 publico
2742 1797 3200 1864 adsectabatur
3244 1802 3376 1883 ipse

791 1903 946 1967 dial.
978 1908 1062 1981 2,·
1108 1900 1361 1966 Plinius
1391 1899 1916 1965 adulescentulus
1949 1921 2118 1981 eum,
2159 1922 2305 1964 cum
2343 1901 2473 1964 iam
2504 1899 2677 1965 fama
2718 1899 3053 1987 gloriaque
3096 1902 3372 1986 floreret,

789 2007 972 2091 sequi
1005 2004 1258 2069 studuit
1286 2002 1461 2070 Plin.
1487 2004 1667 2086 epist.
1700 2008 1759 2079 7,
1791 2008 1898 2079 20,
1929 2008 1971 2067 4
1986 2023 2007 2080 ,·
2052 2002 2349 2068 laudator
2380 2001 2939 2089 eloquentissimus
2970 2005 3100 2070 ibd.
3129 2011 3193 2085 2,
3226 2012 3284 2082 1,
3314 2012 3371 2081 6,

791 2115 1024 2194 σεμνῶς
1051 2107 1268 2171 dicere
1314 2107 1626 2170 eximium
1658 2106 1934 2170 orationi
1981 2107 2119 2169 eius
2164 2107 2376 2169 inerat
2404 2106 2533 2172 ibd.
2562 2111 2630 2184 2,
2661 2112 2760 2180 11,
2795 2112 2892 2171 17.
2962 2106 3129 2173 Cum
3161 2108 3371 2174 Plinio

792 2234 960 2276 anno
1006 2211 1141 2274 fere
1189 2211 1313 2275 100
1356 2209 1640 2273 Marium
1686 2208 1983 2272 Priscum
2030 2211 2364 2273 accusavit
2405 2209 2533 2274 ibd.
2572 2214 2637 2285 2,
2676 2215 2777 2273 11.

920 2312 1189 2377 Amicus
1235 2312 1426 2377 Fabii
1471 2313 1655 2390 Iusti,
1702 2313 1807 2376 cui
1852 2310 2186 2376 dedicavit
2226 2311 2558 2395 dialogum
2601 2312 2684 2376 de
2729 2313 3098 2378 oratoribus
3129 2314 3281 2379 dial.
3316 2322 3371 2392 1,

791 2415 1004 2479 Asinii
1036 2416 1187 2480 Rufi
1217 2415 1394 2479 Plin.
1421 2416 1597 2497 epist.
1622 2419 1681 2490 4,
1706 2418 1805 2490 15,
1831 2419 1870 2479 1
1886 2434 1907 2492 ;
1946 2436 2095 2478 cum
2123 2413 2337 2478 Plinio
2368 2413 2805 2479 familiaritate
2836 2426 2901 2478 et
2928 2419 3375 2482 communione

791 2518 1155 2582 studiorum
1183 2519 1568 2582 coniunctus
1598 2517 1728 2582 ibd.
1760 2523 1818 2593 7,
1851 2522 1977 2596 20,·
2018 2521 2076 2593 9,
2108 2522 2234 2595 23;
2272 2516 2523 2582 Plinius
2568 2519 2829 2603 scripsit
2871 2518 2957 2583 ad
3002 2541 3147 2584 eum
3194 2523 3372 2604 epist.

794 2627 851 2703 1,
901 2627 957 2690 6.
1002 2626 1125 2698 20;
1168 2626 1226 2697 4,
1275 2625 1391 2699 13;
1435 2625 1493 2697 6,
1536 2626 1595 2686 9.
1639 2625 1738 2686 16.
1771 2624 1896 2698 20;
1941 2626 1999 2696 7,
2032 2625 2138 2685 20.
2169 2624 2283 2697 33;
2325 2623 2386 2697 8,
2421 2625 2497 2697 7,·
2541 2625 2600 2697 9,
2631 2625 2733 2687 10.
2766 2626 2864 2688 14.
2941 2620 3102 2686 Cum
3154 2621 3372 2687 Plinio

791 2725 1067 2805 fortasse
1094 2728 1483 2788 memoratur
1511 2724 1677 2788 inter
1706 2723 2055 2806 leyatarios
2080 2722 2388 2788 Dasumii
2416 2727 2459 2786 t.
2491 2728 2540 2788 2
2571 2724 2647 2804 cf.
2685 2723 2865 2788 Plin.
2899 2727 3075 2807 epist.
3103 2732 3160 2803 7,
3185 2731 3290 2803 20,
3314 2732 3371 2790 6.

921 2827 1277 2912 Postquam
1321 2849 1439 2912 per
1481 2836 1687 2891 totum
1734 2828 1985 2912 imperii
2037 2826 2395 2891 Domitiani
2448 2827 2729 2912 spatium
2770 2825 3011 2892 librum
3054 2829 3121 2891 in
3167 2828 3374 2914 publi-

791 2951 940 2995 cum
1000 2952 1130 2994 non
1191 2931 1433 3010 emisit,
1496 2941 1642 3014 post
1700 2950 2040 2993 excessum
2099 2928 2359 2993 Nervae
2416 2952 2585 2993 anno
2645 2930 2728 2994 98
2787 2931 2988 2994 vitam
3047 2930 3168 2998 Cn.
3225 2930 3373 2995 Iulii

791 3031 1142 3115 Agricolae
1185 3031 1391 3096 edidit
1433 3033 1567 3113 ipse
1594 3032 1755 3114 ΑΨ.
1790 3037 1833 3096 3
1876 3033 1959 3113 of.
2006 3037 2108 3096 43.
2198 3031 2448 3096 Eodem
2492 3054 2662 3096 anno
2708 3034 2972 3119 scripsit
3012 3032 3250 3097 librum
3291 3034 3373 3098 de

796 3135 1148 3201 Germania
1178 3136 1261 3217 ef.
1305 3133 1517 3199 Germ.
1551 3140 1653 3198 37.
1738 3134 1960 3199 Vtrum
1989 3136 2104 3199 sub
2136 3134 2300 3199 idem
2342 3137 2478 3217 fere
2507 3140 2765 3218 tempus,
2809 3139 2883 3199 ut
2929 3135 3051 3200 alii
3088 3141 3369 3201 statuunt

790 3238 898 3320 (cf.
926 3236 1197 3314 Sohanz,
1228 3236 1597 3302 Geschichte
1628 3236 1740 3301 cler
1761 3236 2144 3301 Romischen
2166 3237 2525 3302 Litteratur
2547 3238 2718 3321 Hp.
2735 3236 2909 3321 362),
2952 3259 3039 3303 an
3072 3245 3371 3322 reynante

800 3341 959 3415 Tito,
1007 3344 1079 3404 ut
1125 3338 1246 3403 alii
1289 3340 1396 3422 (of.
1438 3338 2035 3417 Teuffel-Schwabe,
2080 3338 2451 3404 Gesoltichte
2481 3340 2592 3404 der
2621 3341 3002 3406 Ro‘misclten
3044 3342 3372 3407 Isiteratur

787 3444 836 3525 ἕ
862 3447 1003 3519 334,
1033 3440 1169 3524 2⁵),
1219 3441 1540 3525 dialoqum
1572 3442 1646 3506 cle
1679 3443 2040 3507 oratoribus
2084 3443 2440 3523 confecerit,
2486 3465 2617 3508 non
2661 3449 2824 3507 certe
2861 3443 3168 3528 disfacere
3211 3445 3368 3510 licet.

793 3545 1009 3627 Neque
1041 3546 1206 3609 enim
1233 3545 1380 3609 incle
1410 3545 1578 3627 quod
1604 3544 1910 3626 colloquio
1938 3544 2057 3622 illi,
2089 3545 2259 3627 quod
2291 3544 2581 3610 habitum
2624 3567 2752 3611 esse
2797 3567 2965 3611 anno
2998 3552 3077 3612 75
3118 3549 3370 3631 finxisse

787 3647 1035 3712 videtur
1065 3649 1143 3729 ef.
1179 3647 1332 3712 dial.
1365 3652 1462 3725 15,
1500 3651 1823 3713 ‘iuvenem
1860 3647 2231 3712 admodum’
2266 3668 2331 3713 se
2361 3649 2728 3730 interfuisse
2759 3648 2916 3714 dicit
2943 3648 3100 3714 dial.
3134 3655 3193 3727 1,
3233 3651 3367 3734 effi-

789 3772 925 3815 cere
982 3770 1228 3815 necesse
1287 3755 1380 3815 est
1431 3751 1721 3815 Tacitum
1774 3771 1914 3815 cum
1970 3750 2125 3815 haec
2167 3752 2487 3828 scriberet,
2548 3749 2861 3816 hominem
2902 3752 3101 3833 fuisse
3145 3754 3369 3817 aetatis

785 3858 1155 3936 provectae,
1204 3855 1592 3935 praesertim
1649 3875 1788 3918 cum
1845 3875 2019 3918 more
2076 3852 2372 3918 Romano
2429 3853 2612 3919 homo
2665 3855 3019 3936 pueritiam
3075 3876 3366 3938 cyressus,

793 3958 1166 4039 priusquam
1225 3956 1313 4022 ad
1365 3962 1737 4023 senectutem
1795 3959 2091 4034 venisset,
2150 3979 2280 4022 non
2341 3957 2532 4023 aliter
2576 3957 2889 4023 diceretur
2929 3959 3062 4023 nisi
3114 3961 3365 4025 iuvenis.

794 4060 1010 4142 Neque
1065 4060 1318 4143 reliqua
1373 4065 1748 4143 aryumenta
1816 4082 1891 4124 (a
1958 4060 2167 4125 indole
2234 4061 2389 4125 libri
2446 4060 2655 4143 petita
2713 4082 2871 4143 quac
2930 4062 2999 4126 in
3046 4066 3368 4144 utramque

790 4164 1161 4227 sententiam
1222 4163 1551 4245 disputata
1606 4167 1784 4239 sunt,
1846 4185 1980 4227 rem
2024 4168 2185 4228 certe
2231 4163 2605 4228 diiudicant.
2651 4200 2737 4208 —
2785 4162 3036 4229 Deinde
3089 4164 3367 4228 Tacitum

789 4267 967 4330 intra
1010 4286 1069 4332 a.
1117 4270 1413 4332 104-109
1469 4266 1541 4329 in
1583 4265 1896 4332 Historiis
1952 4266 2302 4331 scribendis
2356 4272 2675 4331 versatum
2727 4286 2857 4332 esse
2900 4266 3122 4331 docent
3163 4266 3368 4331 Plinii

792 4368 1099 4449 epistulae
1142 4373 1199 4446 6,
1249 4374 1346 4436 16.
1392 4374 1514 4447 20;
1560 4374 1615 4446 7,
1665 4374 1772 4433 20.
1812 4372 1930 4446 33,·
1972 4373 2032 4445 8,
2080 4373 2135 4447 7,
2183 4369 2580 4434 immortales
2625 4369 2932 4434 historias
2976 4370 3189 4434 Taciti
3234 4370 3364 4434 fore

794 4481 1153 4553 auguratur
1197 4473 1285 4537 id.
1329 4478 1385 4549 7,
1430 4476 1529 4548 33,
1578 4478 1637 4537 1.
1727 4472 1886 4536 Post
1935 4471 2237 4536 historias
2282 4494 2443 4559 quas
2488 4482 2804 4536 memorat
2844 4473 2978 4555 ipse
3022 4493 3083 4537 a.
3130 4478 3226 4553 11,
3270 4478 3361 4554 11,

792 4574 1053 4659 scripsit
1093 4572 1294 4638 libros
1339 4575 1422 4639 ab
1471 4596 1742 4640 excessu
1779 4574 1914 4639 divi
1960 4574 2275 4657 Augusti,
2323 4575 2394 4638 in
2437 4595 2700 4656 quorum
2745 4574 2947 4638 altero
2991 4574 3363 4657 conficiendo

790 4676 905 4740 sub
951 4677 1141 4759 finem
1184 4678 1440 4760 imperii
1490 4678 1765 4743 Traiani
1806 4683 2125 4743 versatum
2169 4698 2299 4742 esse
2353 4683 2517 4743 reete
2578 4699 2621 4741 a
2665 4676 2988 4760 plerisque
3041 4676 3151 4761 (cf.
3198 4677 3335 4742 adn.
3330 4681 3361 4763 )

790 4801 867 4845 θέε
908 4779 1117 4844 verbis
1160 4801 1219 4844 a.
1268 4786 1333 4857 2,
1382 4785 1462 4845 61
1504 4783 1812 4847 statuitur
1862 4783 2042 4846 ‘exin
2086 4780 2569 4867 Elephantinen
2624 4803 2701 4844 ac
2750 4780 3048 4865 Syenen,
3093 4779 3364 4845 claustra

792 4883 945 4949 olim
990 4885 1243 4969 imperii
1290 4885 1584 4968 Romani,
1631 4884 1806 4972 quod
1851 4907 2025 4949 nunc
2070 4882 2363 4949 Rubrum
2409 4884 2493 4948 ad
2535 4906 2715 4949 mare
2759 4885 3080 4969 patescit’.

920 4987 1283 5072 Imperator
1328 4986 1444 5069 (M.
1494 4986 1837 5071 Claudius)
1876 4987 2145 5052 Tacitus
2193 4985 2571 5052 Cornelium
2615 4987 2946 5071 Tacitum,
2993 4989 3389 5072 scriptorem·

794 5089 1100 5155 historiae
1133 5089 1487 5175 Augustae,
1523 5092 1699 5177 quod
1729 5102 2068 5177 parentem
2114 5090 2391 5155 eundem
2434 5113 2621 5155 suum
2653 5090 2915 5175 diceret,
2962 5091 3031 5153 in
3076 5089 3362 5155 omnibus
