3859 5992
560 563 877 619 CAELIVS
1851 556 1979 622 259
2948 569 3265 624 CAELIVS

554 804 567 811 -
688 762 940 827 sectura
983 761 1332 826 summovit
1369 761 1477 827 vit.
1509 761 1835 827 Hadrian.
1873 767 1932 839 9,
1963 766 2115 829 3-5.
2200 763 2542 828 Attianum
2587 784 2670 828 ex
2715 762 3040 850 praefecto
3086 786 3268 850 prae-

684 866 832 931 torii
879 864 1258 930 Hadrianus
1321 866 1712 930 ornamentis
1773 864 2224 931 consularibus
2283 865 2647 951 praeditum
2708 866 2861 931 fecit
2903 876 3267 931 senatorem

686 967 811 1036 ibd.
855 973 917 1045 8,
968 974 1023 1051 7,
1070 977 1297 1054 postea
1341 967 1629 1032 hostium*
1665 967 1805 1033 loco
1852 967 2079 1033 habuit
2119 968 2247 1033 ibd.
2289 973 2388 1045 15,
2434 975 2537 1036 12.
3121 967 3132 991 ³

555 1070 636 1135 97
684 1070 943 1136 Caelius
990 1069 1231 1136 Caldus
1276 1069 1544 1135 Velleius
1584 1076 1650 1149 2,
1696 1077 1839 1153 120,
1886 1076 1927 1136 6
1969 1071 2109 1137 vide
2150 1071 2411 1137 Coelius
2455 1070 2717 1137 Caldus.

554 1172 638 1236 98
680 1181 999 1237 CAELIVS
1063 1181 1467 1250 CALVINVS‚
1528 1171 1780 1255 legatus
1841 1173 2124 1256 Augusti
2184 1194 2301 1260 pro
2360 1196 2459 1259 pr.
2504 1197 2674 1240 anno
2729 1176 2850 1242 185
2896 1176 3031 1241 III
3063 1180 3235 1240 6052
3247 1196 3268 1253 ,·

682 1296 761 1340 cx
832 1275 1016 1341 titulo
1085 1279 1333 1359 reperto
1405 1275 1476 1340 in
1546 1275 1859 1341 Armenia
1930 1277 2173 1341 maiore
2236 1297 2417 1358 quem
2466 1281 2820 1360 posuerunt
2882 1277 3266 1361 vexill(arii)

684 1376 959 1461 legionis
1016 1378 1148 1443 XV
1190 1377 1618 1464 Apollinaris,
1679 1398 1807 1444 non
1858 1379 2021 1443 satis
2078 1383 2379 1461 apparet,
2440 1382 2654 1443 utrum
2708 1378 3012 1445 Calvinus
3069 1381 3266 1462 fuerit

685 1480 926 1565 leyatus
985 1481 1249 1564 leyionis
1305 1481 1440 1546 eius
1498 1502 1585 1545 an
1634 1482 2011 1565 provinciae
2065 1480 2512 1565 Cappadociae
2530 1531 2546 1557 ,
2611 1483 2789 1546 cuius
2836 1481 3135 1565 praesidi
3197 1503 3264 1547 eo

683 1589 957 1666 tempore
1001 1604 1078 1648 ea
1118 1583 1277 1668 leyio
1309 1584 1610 1666 parebat.

554 1687 638 1750 99
681 1696 753 1751 D.
789 1695 1107 1750 CAELIVS
1144 1695 1513 1750 CALVINVS
1544 1694 1917 1751 BALBINVS
1944 1716 2027 1740 =
2049 1696 2490 1751 IMPERATOR
2522 1692 2815 1752 CAESAR
2843 1697 2913 1751 D.
2947 1696 3264 1750 CAELIVS

684 1798 1054 1853 CALVINVS
1111 1798 1484 1854 BALBINVS
1555 1798 1960 1854 AVGVSTVS.
2069 1789 2284 1854 Plena
2346 1790 2609 1855 nomina
2677 1790 2849 1854 tituli
2910 1790 3268 1870 ”animique

681 1893 1090 1976 imperatoris
1131 1892 1437 1959 indicant.
1534 1892 1767 1957 Tituli:
1814 1913 1951 1957 una
2009 1913 2149 1957 cum
2190 1892 2289 1959 M.
2343 1891 2570 1958 Clodio
2612 1891 2927 1976 Pupienio
2972 1891 3266 1956 Maximo

679 1995 968 2080 Auyusto
1036 2001 1096 2061 ct
1162 1995 1261 2060 M.
1327 1994 1612 2060 Antonio
1667 1994 2003 2061 Gordiano
2059 1996 2337 2063 Caesare
2399 1995 2769 2060 nominatur
2836 1994 2902 2059 in
2965 1993 3269 2058 miliariis

686 2097 1145 2163 Mauretaniae
1177 2097 1361 2163 VIII
1379 2102 1591 2164 10342
1619 2098 1730 2182 (1).
1762 2101 1970 2162 10343
2000 2097 2115 2182 (2).
2145 2100 2349 2163 10365
2370 2097 2479 2181 63),
2511 2096 2778 2179 Ephem.
2804 2117 2897 2178 ep.
2919 2101 2978 2173 7,
3002 2099 3126 2160 660
3155 2091 3264 2175 (4).

682 2204 804 2267 675
847 2201 971 2285 (5)‚·
1010 2201 1272 2266 nomina
1302 2200 1505 2283 plena
1547 2200 1853 2265 extabant
1892 2201 1962 2264 in
2005 2200 2106 2265 his
2152 2200 2456 2276 omnibus,
2502 2198 2687 2265 hodic
2729 2198 3004 2263 Balbini
3049 2202 3268 2263 extant

682 2308 740 2369 et
785 2308 948 2369 certe
992 2303 1307 2386 descripta
1350 2307 1498 2367 sunt
1536 2304 1607 2368 in
1651 2307 1692 2370 t.
1737 2308 1798 2368 3.
1843 2308 1901 2370 4.
1989 2302 2205 2368 Plane
2264 2302 2475 2368 eodem
2531 2301 2714 2367 modo
2769 2300 3031 2367 nomina
3075 2300 3268 2363 trium

676 2406 899 2490 posita
951 2411 1135 2471 erant
1175 2407 1245 2471 in
1287 2405 1595 2470 miliariis
1644 2404 2097 2488 Cappadociae
2137 2405 2271 2471 III
2304 2404 2376 2470 S.
2421 2409 2601 2471 6913.
2646 2408 2831 2469 6934.
2876 2407 3061 2468 6936.
3108 2404 3269 2466 6953

682 2508 849 2575 male
891 2509 1167 2592 scriptia,
1211 2508 1281 2574 in
1321 2508 1549 2591 quibus
1592 2508 1781 2592 (certe
1826 2508 1897 2573 in
1939 2530 2002 2573 n.
2043 2506 2227 2590 6953)
2269 2509 2531 2573 nomina
2571 2506 2848 2572 Balbini
2889 2511 2947 2570 ct
2993 2504 3271 2587 Pupieni

674 2618 904 2696 postca
948 2633 1136 2677 erasa
1179 2616 1327 2676 sunt
1382 2632 1595 2677 errore
1626 2611 2128 2695 provincialium
2172 2612 2254 2694 cf.
2305 2611 2658 2676 Mommsen
2698 2610 2832 2676 III
2864 2609 2932 2675 S.
2967 2630 3039 2691 p.
3070 2610 3265 2673 1252.

683 2714 1031 2781 Praeterea
1101 2715 1362 2780 nomina
1419 2715 1623 2797 plena
1692 2714 1942 2780 exhibet
2011 2716 2159 2780 item
2232 2716 2570 2779 coniuncta
2642 2734 2793 2778 cum·
2851 2710 3140 2794 Pupieno
3208 2714 3268 2774 et

684 2819 1016 2885 Gordiano
1061 2838 1359 2901 papyrus
1409 2839 1638 2901 qracce
1694 2820 1939 2902 scripta
1994 2817 2487 2900 Mitllieilunyen
2546 2836 2662 2881 aus
2724 2816 2833 2881 der
2893 2812 3267 2895 Samnzlunq

684 2921 795 2987 der
836 2920 1138 3004 Papyrus
1179 2919 1541 3003 Erzherzoy
1586 2921 1836 2986 Rainer
1880 2921 1975 2986 II.
2026 2921 2154 2986 III
2173 2942 2247 3002 p.
2278 2924 2386 2986 23.
2420 2955 2501 2966 —-
2535 2918 2838 2983 Privatus
2881 2919 3268 2981 memoratur

682 3025 752 3088 in
794 3024 984 3106 fastis
1028 3022 1358 3089 Saliorum
1403 3022 1506 3088 VI
1529 3027 1694 3088 1981
1724 3022 1814 3112 (6)
1860 3025 1946 3092 D.
1994 3021 2257 3088 Caelius
2303 3021 2674 3107 Ba[lbinus]
2722 3026 2778 3085 et
2819 3021 2890 3086 in
2934 3003 3266 3084 consulatu

683 3126 882 3192 altero
928 3148 983 3191 a.
1016 3131 1144 3192 213
1155 3147 1176 3190 .·
1224 3126 1303 3191 D.
1337 3123 1597 3190 Caelius
1628 3125 1942 3192 Balbinus
1992 3126 2094 3191 VI
2110 3130 2260 3192 269.
2292 3128 2474 3191 1957.
2507 3130 2696 3202 2001,
2744 3124 2816 3189 Χ
2842 3126 3035 3189 6422.
3071 3123 3262 3197 7225,

682 3229 803 3295 XI
828 3233 1013 3306 2633,
1061 3233 1330 3294 ceterum
1353 3228 1727 3312 plerumque
1768 3228 2088 3295 Balbinus
2132 3230 2309 3311 fasti.

815 3332 1112 3397 Nummi:
1154 3332 1225 3396 in
1269 3332 1543 3397 nummis
1587 3334 1911 3397 commatis
1954 3333 2238 3398 Romani
2275 3353 2519 3414 semper
2564 3332 2799 3395 dicitur
2829 3330 2912 3394 D.
2946 3326 3266 3411 Cael(ius)

683 3434 998 3501 Balbinus
1057 3434 1300 3501 Eckhel
1358 3435 1500 3502 VII
1534 3457 1607 3518 p.
1650 3441 1793 3513 305,
1851 3435 2064 3501 Cohcn
2109 3435 2202 3501 V²
2237 3459 2309 3519 p.
2355 3439 2399 3499 8
2445 3456 2573 3517 sqq.
2635 3435 2821 3520 Δεκμ.
2885 3431 3060 3499 Καιλ.
3109 3432 3264 3499 Καλ.

686 3537 978 3627 Βαλβινος
1040 3539 1111 3603 in
1174 3559 1426 3604 nummo
1491 3537 1706 3603 Amisi
1764 3538 2172 3603 Berolincnsi
2235 3539 2317 3620 cf.
2385 3558 2506 3601 ron
2572 3536 2809 3614 Sallet,
2874 3536 3093 3601 Datcn
3155 3536 3265 3601 der

683 3640 1275 3707 alexandrinischcn
1321 3640 1827 3706 Kaisermiinzen
1857 3662 1929 3723 p.
1960 3646 2042 3706 59
2089 3640 2234 3705 adn.
2330 3640 2415 3705 In
2472 3640 2743 3703 nummis
2798 3638 3266 3703 Alexandrinis

681 3746 821 3811 Δεκ.
855 3742 1011 3809 Kal..
1043 3741 1336 3831 Βαλβινος
1366 3740 1711 3827 Cataloquc
1740 3744 1820 3825 of
1839 3744 1941 3808 the
1967 3742 2174 3809 Greek
2202 3744 2375 3807 coins
2415 3744 2486 3806 in
2532 3743 2630 3805 the
2659 3741 2911 3806 British
2944 3742 3258 3824 Miseum,

554 3912 561 3918 ,
680 3845 1087 3913 Alexandria
1117 3870 1188 3930 p.
1223 3850 1352 3914 239
1393 3869 1457 3912 n.
1489 3851 1669 3914 1841.
1707 3851 1891 3923 1843,
1936 3848 2076 3913 Δεκ.
2115 3844 2289 3913 Καιλ.
2329 3844 2625 3934 Βαλβινος
2667 3845 2795 3910 ibd.
2837 3848 3023 3911 1840.
3070 3847 3257 3911 1842.

679 3954 1072 4016 1844-1846.
1150 3949 1523 4033 Sinyularis
1555 3950 1755 4033 plane
1799 3955 1889 4015 cst
1929 3969 2222 4015 nummus
2264 3948 2748 4013 Alexandrinus
2788 3948 2989 4012 musci
3034 3947 3257 4012 Vindo-

679 4053 967 4119 bonensis·
1005 4051 1247 4117 Eckhcl
1290 4050 1432 4118 VII
1449 4075 1521 4136 p.
1552 4057 1677 4119 307
1718 4053 2062 4136 inscriptus
2108 4050 2181 4118 A.
2216 4050 2289 4117 K.
2322 4053 2462 4117 Δεκ.
2499 4050 2572 4115 Κ.
2607 4048 2715 4123 Αν,
2761 4048 3055 4137 Βαλβινος
3094 4051 3255 4140 Σεβ.,

674 4156 786 4221 sed
842 4156 911 4219 in
965 4154 1081 4220 hoc
1136 4156 1290 4237 quin
1344 4157 1565 4220 vitium
1624 4156 1965 4221 monetarii
2002 4156 2223 4232 subsit,
2263 4160 2604 4237 postquam
2636 4152 2838 4236 plena
2878 4154 3141 4218 nomina
3184 4175 3261 4218 ex

679 4258 883 4323 titulis
915 4279 1287 4341 papyroque
1327 4264 1490 4323 certe
1535 4260 1786 4342 coynita
1829 4259 2147 4337 habemus,
2195 4258 2359 4324 nihil
2403 4258 2664 4323 dubium
2705 4256 2867 4320 mihi
2906 4255 3170 4322 videtur.

805 4359 1003 4445 Apud
1046 4363 1391 4447 scriptores
1436 4361 1676 4426 dicitur
1705 4360 2028 4427 Caecilius
2073 4364 2188 4444 (sic
2234 4366 2292 4426 et
2340 4362 2405 4425 in
2450 4360 2659 4425 codice
2700 4357 3065 4441 Oxonifnse)
3111 4357 3253 4422 Bal-

678 4461 870 4526 binus
931 4462 1086 4528 Vict.
1134 4463 1315 4529 Caes.
1356 4470 1476 4542 26,
1538 4463 1805 4530 Clodius
1865 4464 2179 4529 Balbinus
2245 4466 2353 4529 iit.
2416 4463 2731 4530 Gordian.
2780 4468 2880 4539 10,
2930 4468 3001 4540 1,·
3053 4467 3167 4539 22,
3217 4466 3257 4526 1

677 4565 965 4648 (dubium
1005 4587 1160 4630 num
1204 4572 1263 4631 et
1304 4568 1411 4631 vit.
1461 4567 1819 4632 Maximini
1857 4573 1967 4645 20,
1999 4570 2082 4654 1),
2132 4572 2400 4631 ceterum
2442 4586 2684 4649 semper
2727 4564 3060 4629 Balbinus,

806 4666 1178 4755 Εὐπατρίὸης
1208 4669 1562 4735 Herodian.
1599 4676 1653 4748 7,
1688 4676 1789 4748 10,
1820 4676 1895 4749 4;
1939 4669 2220 4735 familiae
2252 4671 2744 4750 vetustissimae,
2790 4678 2860 4732 ut
2903 4669 3041 4753 ipse
3086 4666 3254 4731 dice-

674 4770 803 4852 bat,
850 4792 891 4834 a
933 4769 1138 4836 Balbo
1171 4772 1470 4838 Cornelio
1503 4773 1898 4860 Theophane
1946 4774 2262 4857 originem
2305 4773 2565 4854 ducens,
2616 4772 2727 4857 qui
2768 4794 2885 4856 per
2915 4769 3035 4839 Cn.
3069 4772 3253 4835 Pom-

676 4876 892 4959 peium
922 4875 1252 4940 civitatem
1291 4887 1631 4958 meruerat,
1680 4898 1829 4941 cum
1874 4886 2042 4941 esset
2084 4898 2240 4941 suae
2283 4877 2531 4960 patriae
2575 4873 3013 4939 nobilissimus
3062 4872 3255 4937 idem·

677 4999 803 5064 que
861 4977 1167 5042 historiae
1225 4978 1503 5063 scriptor
1558 4980 1667 5043 vit.
1731 4978 2018 5042 Maximi
2074 4983 2132 5042 et
2187 4978 2460 5042 Balbini
2504 4983 2559 5054 7,
2604 4982 2645 5041 3
2704 4977 2842 5060 (ubi
2893 4976 3257 5058 conflantur

686 5080 1095 5164 Theophanes
1138 5085 1197 5145 et
1239 5080 1414 5164 filius
1459 5081 1790 5164 adoptivus
1842 5082 1977 5145 eius
2016 5080 2345 5145 Cornelius
2388 5078 2682 5150 Balbus).
2765 5079 3001 5146 Consul
3037 5080 3088 5145 I
3120 5080 3253 5162 suf-

669 5184 873 5265 fectus
932 5204 1099 5248 anno
1157 5184 1399 5249 incerto
1465 5184 1705 5249 sacculi
1744 5184 1838 5250 II
1885 5185 2165 5249 exeuntis
2223 5182 2318 5247 vel
2369 5183 2500 5249 III
2547 5184 2856 5259 ineunti-Q·
2915 5182 3138 5248 consul
3184 5183 3252 5249 II

2737 5284 2796 5337 17
2814 5283 2841 5313 ¹⁸²
