<?xml version="1.0" encoding="UTF-8"?>
<!DOCTYPE html PUBLIC "-//W3C//DTD XHTML 1.0 Transitional//EN"
    "http://www.w3.org/TR/xhtml1/DTD/xhtml1-transitional.dtd">
<html xmlns="http://www.w3.org/1999/xhtml" xml:lang="en" lang="en">
 <head>
  <title>
</title>
<meta http-equiv="Content-Type" content="text/html;charset=utf-8" />
  <meta name='ocr-system' content='tesseract 3.04.00' />
  <meta name='ocr-capabilities' content='ocr_page ocr_carea ocr_par ocr_line ocrx_word'/>
</head>
<body>
  <div class='ocr_page' id='page_1' title='image "./prosopographiai01dessgoog_0202.png"; bbox 0 0 3859 5992; ppageno 0'>
   <div class='ocr_carea' id='block_1_1' title="bbox 567 507 3289 574">
    <p class='ocr_par' dir='ltr' id='par_1_1' title="bbox 567 507 3289 574">
     <span class='ocr_line' id='line_1_1' title="bbox 567 507 3289 574; baseline -0 0"><span class='ocrx_word' id='word_1_1' title='bbox 567 518 924 574; x_wconf 82' lang='lat' dir='ltr'><strong>AVFIDIVS</strong></span> <span class='ocrx_word' id='word_1_2' title='bbox 1865 507 1991 572; x_wconf 84' lang='lat'><strong><em>184</em></strong></span> <span class='ocrx_word' id='word_1_3' title='bbox 2928 516 3289 573; x_wconf 81' lang='lat' dir='ltr'><strong>AVFIDIVS</strong></span> 
     </span>
    </p>
   </div>
   <div class='ocr_carea' id='block_1_2' title="bbox 580 615 818 624">
    <p class='ocr_par' dir='ltr' id='par_1_2' title="bbox 580 615 818 624">
     <span class='ocr_line' id='line_1_2' title="bbox 580 615 818 624; baseline 0 0"><span class='ocrx_word' id='word_1_4' title='bbox 580 615 818 624; x_wconf 95' lang='lat' dir='ltr'><strong><em> </em></strong></span> 
     </span>
    </p>
   </div>
   <div class='ocr_carea' id='block_1_3' title="bbox 573 711 3304 5221">
    <p class='ocr_par' dir='ltr' id='par_1_3' title="bbox 698 711 3294 901">
     <span class='ocr_line' id='line_1_3' title="bbox 825 711 3294 800; baseline -0 -20"><span class='ocrx_word' id='word_1_5' title='bbox 825 713 1071 780; x_wconf 83' lang='lat' dir='ltr'><strong><em>Consul</em></strong></span> <span class='ocrx_word' id='word_1_6' title='bbox 1120 715 1155 780; x_wconf 96' lang='lat' dir='ltr'><strong>I</strong></span> <span class='ocrx_word' id='word_1_7' title='bbox 1214 711 1515 793; x_wconf 82' lang='lat' dir='ltr'><strong><em>suffectus</em></strong></span> <span class='ocrx_word' id='word_1_8' title='bbox 1575 734 1743 779; x_wconf 88' lang='lat' dir='ltr'><strong><em>anno</em></strong></span> <span class='ocrx_word' id='word_1_9' title='bbox 1799 714 2078 791; x_wconf 86' lang='lat' dir='ltr'><strong><em>incerto;</em></strong></span> <span class='ocrx_word' id='word_1_10' title='bbox 2137 711 2487 800; x_wconf 86' lang='lat' dir='ltr'><strong><em>proconsul</em></strong></span> <span class='ocrx_word' id='word_1_11' title='bbox 2546 712 2801 797; x_wconf 88' lang='lat' dir='ltr'><strong><em>(Asiae)</em></strong></span> <span class='ocrx_word' id='word_1_12' title='bbox 2863 736 2922 782; x_wconf 92' lang='lat' dir='ltr'><strong><em>a.</em></strong></span> <span class='ocrx_word' id='word_1_13' title='bbox 2967 714 3090 780; x_wconf 81' lang='lat'><strong><em>221</em></strong></span> <span class='ocrx_word' id='word_1_14' title='bbox 3156 714 3294 793; x_wconf 85' lang='lat' dir='ltr'><strong><em>tit.‚·</em></strong></span> 
     </span>
     <span class='ocr_line' id='line_1_4' title="bbox 698 816 1656 901; baseline -0.001 -20"><span class='ocrx_word' id='word_1_15' title='bbox 698 816 923 882; x_wconf 89' lang='lat' dir='ltr'><strong><em>consul</em></strong></span> <span class='ocrx_word' id='word_1_16' title='bbox 967 818 1035 881; x_wconf 91' lang='lat' dir='ltr'><strong>H</strong></span> <span class='ocrx_word' id='word_1_17' title='bbox 1078 840 1134 882; x_wconf 90' lang='lat' dir='ltr'><strong><em>a.</em></strong></span> <span class='ocrx_word' id='word_1_18' title='bbox 1168 818 1295 882; x_wconf 85' lang='lat'><strong><em>226</em></strong></span> <span class='ocrx_word' id='word_1_19' title='bbox 1336 839 1392 885; x_wconf 88' lang='lat' dir='ltr'><strong><em>v.</em></strong></span> <span class='ocrx_word' id='word_1_20' title='bbox 1437 838 1656 901; x_wconf 83' lang='lat' dir='ltr'><strong><em>supra.</em></strong></span> 
     </span>
    </p>

    <p class='ocr_par' dir='ltr' id='par_1_4' title="bbox 573 918 3297 1413">
     <span class='ocr_line' id='line_1_5' title="bbox 573 918 3297 1003; baseline -0.001 -19"><span class='ocrx_word' id='word_1_21' title='bbox 573 920 741 986; x_wconf 85' lang='lat'>1156</span> <span class='ocrx_word' id='word_1_22' title='bbox 786 919 1087 985; x_wconf 88' lang='lat' dir='ltr'><strong><em>Aufidius</em></strong></span> <span class='ocrx_word' id='word_1_23' title='bbox 1147 920 1508 1001; x_wconf 90' lang='lat' dir='ltr'><strong><em>Modestus,</em></strong></span> <span class='ocrx_word' id='word_1_24' title='bbox 1570 920 2035 1003; x_wconf 86' lang='lat' dir='ltr'><strong><em>grammaticus</em></strong></span> <span class='ocrx_word' id='word_1_25' title='bbox 2092 919 2332 984; x_wconf 88' lang='lat' dir='ltr'><strong><em>citatur</em></strong></span> <span class='ocrx_word' id='word_1_26' title='bbox 2373 941 2413 983; x_wconf 97' lang='lat' dir='ltr'><strong><em>a</em></strong></span> <span class='ocrx_word' id='word_1_27' title='bbox 2457 918 2852 1003; x_wconf 74' lang='lat' dir='ltr'><strong><em>Philaryyro</em></strong></span> <span class='ocrx_word' id='word_1_28' title='bbox 2896 919 2986 984; x_wconf 82' lang='lat' dir='ltr'><strong><em>ad</em></strong></span> <span class='ocrx_word' id='word_1_29' title='bbox 3028 918 3297 1003; x_wconf 73' lang='lat' dir='ltr'><strong><em>Veryi‘lii</em></strong></span> 
     </span>
     <span class='ocr_line' id='line_1_6' title="bbox 702 1020 3290 1105; baseline -0.002 -17"><span class='ocrx_word' id='word_1_30' title='bbox 702 1022 931 1105; x_wconf 77' lang='lat' dir='ltr'><strong><em>Geory.</em></strong></span> <span class='ocrx_word' id='word_1_31' title='bbox 963 1029 1029 1100; x_wconf 86' lang='grc'><strong><em>2,</em></strong></span> <span class='ocrx_word' id='word_1_32' title='bbox 1062 1028 1222 1101; x_wconf 79' lang='lat'><strong><em>497,-</em></strong></span> <span class='ocrx_word' id='word_1_33' title='bbox 1262 1028 1322 1101; x_wconf 85' lang='lat'><strong><em>3,</em></strong></span> <span class='ocrx_word' id='word_1_34' title='bbox 1354 1027 1457 1090; x_wconf 85' lang='lat'><strong><em>53.</em></strong></span> <span class='ocrx_word' id='word_1_35' title='bbox 1525 1022 1820 1087; x_wconf 82' lang='lat' dir='ltr'><strong><em>Eundem</em></strong></span> <span class='ocrx_word' id='word_1_36' title='bbox 1849 1021 2160 1105; x_wconf 73' lang='lat' dir='ltr'><strong><em>intelleyit</em></strong></span> <span class='ocrx_word' id='word_1_37' title='bbox 2184 1021 2486 1090; x_wconf 84' lang='lat' dir='ltr'><strong><em>Martial.</em></strong></span> <span class='ocrx_word' id='word_1_38' title='bbox 2518 1028 2618 1099; x_wconf 88' lang='lat'><strong><em>10,</em></strong></span> <span class='ocrx_word' id='word_1_39' title='bbox 2651 1028 2758 1099; x_wconf 94' lang='grc'>21,</span> <span class='ocrx_word' id='word_1_40' title='bbox 2791 1028 2830 1086; x_wconf 94' lang='grc'>1</span> <span class='ocrx_word' id='word_1_41' title='bbox 2865 1020 3175 1086; x_wconf 84' lang='lat' dir='ltr'><strong><em>‘scribere</em></strong></span> <span class='ocrx_word' id='word_1_42' title='bbox 3205 1029 3290 1103; x_wconf 90' lang='lat' dir='ltr'><strong><em>te,</em></strong></span> 
     </span>
     <span class='ocr_line' id='line_1_7' title="bbox 699 1123 3289 1211; baseline 0 -23"><span class='ocrx_word' id='word_1_43' title='bbox 699 1147 867 1210; x_wconf 90' lang='lat' dir='ltr'><strong><em>quae</em></strong></span> <span class='ocrx_word' id='word_1_44' title='bbox 910 1127 1026 1189; x_wconf 84' lang='lat' dir='ltr'><strong><em>vix</em></strong></span> <span class='ocrx_word' id='word_1_45' title='bbox 1073 1124 1403 1209; x_wconf 88' lang='lat' dir='ltr'><strong><em>intellegat</em></strong></span> <span class='ocrx_word' id='word_1_46' title='bbox 1448 1127 1587 1210; x_wconf 90' lang='lat' dir='ltr'><strong><em>ipse</em></strong></span> <span class='ocrx_word' id='word_1_47' title='bbox 1614 1124 1967 1207; x_wconf 85' lang='lat' dir='ltr'><strong><em>Modestus,</em></strong></span> <span class='ocrx_word' id='word_1_48' title='bbox 2011 1134 2075 1189; x_wconf 87' lang='lat' dir='ltr'><strong><em>et</em></strong></span> <span class='ocrx_word' id='word_1_49' title='bbox 2104 1125 2218 1188; x_wconf 83' lang='lat' dir='ltr'><strong><em>vix</em></strong></span> <span class='ocrx_word' id='word_1_50' title='bbox 2251 1123 2587 1207; x_wconf 85' lang='lat' dir='ltr'><strong><em>Claranus,</em></strong></span> <span class='ocrx_word' id='word_1_51' title='bbox 2632 1123 2793 1211; x_wconf 91' lang='lat' dir='ltr'><strong><em>quid</em></strong></span> <span class='ocrx_word' id='word_1_52' title='bbox 2823 1144 3003 1207; x_wconf 83' lang='lat' dir='ltr'><strong><em>rog0,</em></strong></span> <span class='ocrx_word' id='word_1_53' title='bbox 3039 1123 3289 1210; x_wconf 85' lang='lat' dir='ltr'><strong><em>Crispe,</em></strong></span> 
     </span>
     <span class='ocr_line' id='line_1_8' title="bbox 699 1226 3294 1314; baseline -0.001 -23"><span class='ocrx_word' id='word_1_54' title='bbox 699 1229 881 1293; x_wconf 86' lang='lat' dir='ltr'><strong><em>iuvat</em></strong></span> <span class='ocrx_word' id='word_1_55' title='bbox 895 1227 952 1291; x_wconf 75' lang='lat' dir='ltr'><strong><em>‘P&#39;</em></strong></span> <span class='ocrx_word' id='word_1_56' title='bbox 1004 1232 1087 1310; x_wconf 79' lang='lat' dir='ltr'><strong><em>cf.</em></strong></span> <span class='ocrx_word' id='word_1_57' title='bbox 1117 1248 1172 1295; x_wconf 87' lang='lat' dir='ltr'><strong><em>v.</em></strong></span> <span class='ocrx_word' id='word_1_58' title='bbox 1203 1231 1337 1293; x_wconf 87' lang='grc'><strong><em>5-6</em></strong></span> <span class='ocrx_word' id='word_1_59' title='bbox 1385 1238 1556 1292; x_wconf 84' lang='lat' dir='ltr'><strong><em>‘mea</em></strong></span> <span class='ocrx_word' id='word_1_60' title='bbox 1588 1228 1896 1306; x_wconf 85' lang='lat' dir='ltr'><strong><em>carmina,</em></strong></span> <span class='ocrx_word' id='word_1_61' title='bbox 1930 1226 2179 1313; x_wconf 81' lang='lat' dir='ltr'>Crispe,</span> <span class='ocrx_word' id='word_1_62' title='bbox 2225 1229 2666 1310; x_wconf 76' lang='lat' dir='ltr'><strong>grammaticis</strong></span> <span class='ocrx_word' id='word_1_63' title='bbox 2696 1227 3000 1314; x_wconf 81' lang='lat' dir='ltr'><strong>placeant</strong></span> <span class='ocrx_word' id='word_1_64' title='bbox 3045 1236 3111 1291; x_wconf 91' lang='lat' dir='ltr'><strong><em>et</em></strong></span> <span class='ocrx_word' id='word_1_65' title='bbox 3152 1227 3294 1290; x_wconf 90' lang='lat' dir='ltr'><strong><em>sine</em></strong></span> 
     </span>
     <span class='ocr_line' id='line_1_9' title="bbox 696 1330 2367 1413; baseline -0.001 -19"><span class='ocrx_word' id='word_1_66' title='bbox 696 1331 1183 1413; x_wconf 83' lang='lat' dir='ltr'><strong><em>grammaticis’.</em></strong></span> <span class='ocrx_word' id='word_1_67' title='bbox 1273 1330 1489 1395; x_wconf 88' lang='lat' dir='ltr'><strong><em>Potest</em></strong></span> <span class='ocrx_word' id='word_1_68' title='bbox 1529 1330 1695 1395; x_wconf 82' lang='lat' dir='ltr'><strong><em>idem</em></strong></span> <span class='ocrx_word' id='word_1_69' title='bbox 1742 1350 1871 1395; x_wconf 88' lang='lat' dir='ltr'><strong><em>esse</em></strong></span> <span class='ocrx_word' id='word_1_70' title='bbox 1914 1330 2026 1412; x_wconf 77' lang='lat' dir='ltr'><strong><em>qui</em></strong></span> <span class='ocrx_word' id='word_1_71' title='bbox 2064 1331 2367 1412; x_wconf 70' lang='lat' dir='ltr'><strong><em>sequitur.</em></strong></span> 
     </span>
    </p>

    <p class='ocr_par' dir='ltr' id='par_1_5' title="bbox 574 1431 3296 1722">
     <span class='ocr_line' id='line_1_10' title="bbox 574 1431 3294 1519; baseline -0 -22"><span class='ocrx_word' id='word_1_72' title='bbox 574 1432 739 1498; x_wconf 87' lang='lat'>1157</span> <span class='ocrx_word' id='word_1_73' title='bbox 784 1431 1085 1497; x_wconf 92' lang='lat' dir='ltr'><strong><em>Aufidius</em></strong></span> <span class='ocrx_word' id='word_1_74' title='bbox 1132 1432 1486 1511; x_wconf 89' lang='lat' dir='ltr'><strong><em>Modestus,</em></strong></span> <span class='ocrx_word' id='word_1_75' title='bbox 1533 1433 1778 1498; x_wconf 88' lang='lat' dir='ltr'><strong><em>dictum</em></strong></span> <span class='ocrx_word' id='word_1_76' title='bbox 1825 1434 1962 1497; x_wconf 91' lang='lat' dir='ltr'><strong><em>eius</em></strong></span> <span class='ocrx_word' id='word_1_77' title='bbox 2009 1434 2074 1496; x_wconf 91' lang='lat' dir='ltr'><strong><em>in</em></strong></span> <span class='ocrx_word' id='word_1_78' title='bbox 2118 1432 2429 1514; x_wconf 78' lang='lat' dir='ltr'><strong>Quietum</strong></span> <span class='ocrx_word' id='word_1_79' title='bbox 2475 1431 2585 1515; x_wconf 77' lang='lat' dir='ltr'><strong><em>(cf.</em></strong></span> <span class='ocrx_word' id='word_1_80' title='bbox 2615 1433 2681 1496; x_wconf 99' lang='lat' dir='ltr'><strong><em>A</em></strong></span> <span class='ocrx_word' id='word_1_81' title='bbox 2712 1433 2906 1515; x_wconf 88' lang='grc'>1172)</span> <span class='ocrx_word' id='word_1_82' title='bbox 2952 1431 3294 1519; x_wconf 88' lang='lat' dir='ltr'><strong><em>aequalem</em></strong></span> 
     </span>
     <span class='ocr_line' id='line_1_11' title="bbox 700 1532 3296 1619; baseline -0 -18"><span class='ocrx_word' id='word_1_83' title='bbox 700 1534 1034 1601; x_wconf 85' lang='lat' dir='ltr'>Plutarchi</span> <span class='ocrx_word' id='word_1_84' title='bbox 1081 1535 1415 1603; x_wconf 78' lang='lat' dir='ltr'><em>Plutarch.</em></span> <span class='ocrx_word' id='word_1_85' title='bbox 1462 1537 1807 1619; x_wconf 71' lang='lat' dir='ltr'><strong><em>quaestion.</em></strong></span> <span class='ocrx_word' id='word_1_86' title='bbox 1855 1535 2154 1601; x_wconf 75' lang='lat' dir='ltr'><strong><em>convivat.</em></strong></span> <span class='ocrx_word' id='word_1_87' title='bbox 2201 1539 2268 1612; x_wconf 90' lang='grc'><strong><em>2,</em></strong></span> <span class='ocrx_word' id='word_1_88' title='bbox 2314 1541 2373 1613; x_wconf 90' lang='grc'>1,</span> <span class='ocrx_word' id='word_1_89' title='bbox 2418 1541 2478 1613; x_wconf 90' lang='grc'><strong><em>5,</em></strong></span> <span class='ocrx_word' id='word_1_90' title='bbox 2521 1540 2569 1601; x_wconf 92' lang='grc'>2</span> <span class='ocrx_word' id='word_1_91' title='bbox 2623 1532 2814 1615; x_wconf 84' lang='lat' dir='ltr'><strong><em>(unde</em></strong></span> <span class='ocrx_word' id='word_1_92' title='bbox 2856 1533 3119 1601; x_wconf 85' lang='lat' dir='ltr'><strong><em>eandem</em></strong></span> <span class='ocrx_word' id='word_1_93' title='bbox 3160 1557 3296 1600; x_wconf 89' lang='lat' dir='ltr'><strong><em>rem</em></strong></span> 
     </span>
     <span class='ocr_line' id='line_1_12' title="bbox 703 1636 3292 1722; baseline 0.001 -21"><span class='ocrx_word' id='word_1_94' title='bbox 703 1636 986 1702; x_wconf 79' lang='lat' dir='ltr'><em>Modesti</em></span> <span class='ocrx_word' id='word_1_95' title='bbox 1025 1639 1275 1703; x_wconf 86' lang='lat' dir='ltr'><strong><em>nomine</em></strong></span> <span class='ocrx_word' id='word_1_96' title='bbox 1317 1660 1446 1704; x_wconf 91' lang='lat' dir='ltr'><strong><em>non</em></strong></span> <span class='ocrx_word' id='word_1_97' title='bbox 1490 1640 1689 1704; x_wconf 83' lang='lat' dir='ltr'><strong><em>allato</em></strong></span> <span class='ocrx_word' id='word_1_98' title='bbox 1731 1640 1934 1722; x_wconf 81' lang='lat' dir='ltr'><strong><em>refert</em></strong></span> <span class='ocrx_word' id='word_1_99' title='bbox 1965 1639 2341 1703; x_wconf 76' lang='lat' dir='ltr'><strong><em>Macrobius</em></strong></span> <span class='ocrx_word' id='word_1_100' title='bbox 2370 1644 2490 1703; x_wconf 88' lang='lat' dir='ltr'><strong><em>sat.</em></strong></span> <span class='ocrx_word' id='word_1_101' title='bbox 2531 1643 2586 1716; x_wconf 91' lang='grc'><strong><em>7,</em></strong></span> <span class='ocrx_word' id='word_1_102' title='bbox 2616 1644 2675 1716; x_wconf 86' lang='grc'><strong><em>3,</em></strong></span> <span class='ocrx_word' id='word_1_103' title='bbox 2709 1638 2829 1722; x_wconf 86' lang='lat'><strong><em>15).</em></strong></span> <span class='ocrx_word' id='word_1_104' title='bbox 2889 1638 2993 1721; x_wconf 81' lang='lat' dir='ltr'><strong><em>Cf.</em></strong></span> <span class='ocrx_word' id='word_1_105' title='bbox 3026 1641 3292 1703; x_wconf 76' lang='lat' dir='ltr'><strong><em>n.1156.</em></strong></span> 
     </span>
    </p>

    <p class='ocr_par' dir='ltr' id='par_1_6' title="bbox 575 1739 3295 2132">
     <span class='ocr_line' id='line_1_13' title="bbox 575 1739 3295 1826; baseline 0 -22"><span class='ocrx_word' id='word_1_106' title='bbox 575 1740 740 1806; x_wconf 83' lang='lat'>1158</span> <span class='ocrx_word' id='word_1_107' title='bbox 789 1739 960 1824; x_wconf 82' lang='lat' dir='ltr'><strong><em>[O.‘?]</em></strong></span> <span class='ocrx_word' id='word_1_108' title='bbox 1001 1740 1349 1825; x_wconf 89' lang='lat' dir='ltr'><strong><em>Aufidiu[s]</em></strong></span> <span class='ocrx_word' id='word_1_109' title='bbox 1398 1740 1785 1826; x_wconf 79' lang='lat' dir='ltr'><strong><em>Pant[h]era</em></strong></span> <span class='ocrx_word' id='word_1_110' title='bbox 1829 1742 1924 1825; x_wconf 81' lang='lat' dir='ltr'><strong><em>(in</em></strong></span> <span class='ocrx_word' id='word_1_111' title='bbox 1969 1740 2181 1824; x_wconf 81' lang='lat' dir='ltr'><strong><em>lapide</em></strong></span> <span class='ocrx_word' id='word_1_112' title='bbox 2224 1742 2524 1824; x_wconf 89' lang='lat' dir='ltr'><strong><em>Pantera,</em></strong></span> <span class='ocrx_word' id='word_1_113' title='bbox 2561 1742 3005 1825; x_wconf 75' lang='lat' dir='ltr'><strong><em>praenominis</em></strong></span> <span class='ocrx_word' id='word_1_114' title='bbox 3048 1742 3295 1806; x_wconf 83' lang='lat' dir='ltr'><strong><em>incerta</em></strong></span> 
     </span>
     <span class='ocr_line' id='line_1_14' title="bbox 699 1842 3290 1930; baseline 0.001 -23"><span class='ocrx_word' id='word_1_115' title='bbox 699 1845 965 1927; x_wconf 61' lang='lat' dir='ltr'><strong><em>vestigia</em></strong></span> <span class='ocrx_word' id='word_1_116' title='bbox 1001 1848 1265 1929; x_wconf 75' lang='lat' dir='ltr'><strong><em>extant),</em></strong></span> <span class='ocrx_word' id='word_1_117' title='bbox 1299 1842 1665 1930; x_wconf 81' lang='lat' dir='ltr'><strong><em>praefectus</em></strong></span> <span class='ocrx_word' id='word_1_118' title='bbox 1697 1843 1920 1909; x_wconf 87' lang='lat' dir='ltr'><strong><em>classis</em></strong></span> <span class='ocrx_word' id='word_1_119' title='bbox 1954 1845 2369 1909; x_wconf 82' lang='lat' dir='ltr'><strong><em>Britannicae</em></strong></span> <span class='ocrx_word' id='word_1_120' title='bbox 2400 1845 2543 1911; x_wconf 92' lang='lat' dir='ltr'><strong><em>VII</em></strong></span> <span class='ocrx_word' id='word_1_121' title='bbox 2562 1849 2645 1910; x_wconf 88' lang='grc'><strong><em>18</em></strong></span> <span class='ocrx_word' id='word_1_122' title='bbox 2675 1849 2717 1909; x_wconf 83' lang='lat' dir='ltr'><strong><em>t.</em></strong></span> <span class='ocrx_word' id='word_1_123' title='bbox 2740 1843 3183 1909; x_wconf 84' lang='lat' dir='ltr'><strong><em>Britannicus.</em></strong></span> <span class='ocrx_word' id='word_1_124' title='bbox 3210 1881 3290 1889; x_wconf 92' lang='lat'>—</span> 
     </span>
     <span class='ocr_line' id='line_1_15' title="bbox 700 1945 3295 2034; baseline 0 -24"><span class='ocrx_word' id='word_1_125' title='bbox 700 1946 777 2010; x_wconf 90' lang='lat' dir='ltr'><strong><em>L.</em></strong></span> <span class='ocrx_word' id='word_1_126' title='bbox 823 1946 1124 2011; x_wconf 91' lang='lat' dir='ltr'><strong><em>Aufidius</em></strong></span> <span class='ocrx_word' id='word_1_127' title='bbox 1170 1946 1515 2029; x_wconf 86' lang='lat' dir='ltr'><strong><em>Panthera,</em></strong></span> <span class='ocrx_word' id='word_1_128' title='bbox 1565 1946 1842 2029; x_wconf 83' lang='lat' dir='ltr'><strong><em>Sassina,</em></strong></span> <span class='ocrx_word' id='word_1_129' title='bbox 1900 1947 2266 2031; x_wconf 82' lang='lat' dir='ltr'><strong><em>praefectus</em></strong></span> <span class='ocrx_word' id='word_1_130' title='bbox 2308 1945 2449 2011; x_wconf 87' lang='lat' dir='ltr'><strong><em>alae</em></strong></span> <span class='ocrx_word' id='word_1_131' title='bbox 2492 1948 2527 2013; x_wconf 96' lang='lat' dir='ltr'><strong>I</strong></span> <span class='ocrx_word' id='word_1_132' title='bbox 2570 1946 2807 2034; x_wconf 88' lang='lat' dir='ltr'><strong><em>leiae</em></strong></span> <span class='ocrx_word' id='word_1_133' title='bbox 2852 1950 3295 2011; x_wconf 89' lang='lat' dir='ltr'><strong><em>contariorum</em></strong></span> 
     </span>
     <span class='ocr_line' id='line_1_16' title="bbox 702 2048 2718 2132; baseline 0.001 -19"><span class='ocrx_word' id='word_1_134' title='bbox 702 2048 1016 2113; x_wconf 90' lang='lat' dir='ltr'><strong><em>miliariae</em></strong></span> <span class='ocrx_word' id='word_1_135' title='bbox 1057 2071 1115 2116; x_wconf 90' lang='lat' dir='ltr'><strong><em>a.</em></strong></span> <span class='ocrx_word' id='word_1_136' title='bbox 1167 2049 1287 2114; x_wconf 84' lang='lat'><strong><em>133</em></strong></span> <span class='ocrx_word' id='word_1_137' title='bbox 1330 2054 1717 2114; x_wconf 85' lang='lat' dir='ltr'><strong><em>memoratur</em></strong></span> <span class='ocrx_word' id='word_1_138' title='bbox 1759 2050 1891 2114; x_wconf 93' lang='lat' dir='ltr'><strong><em>III</em></strong></span> <span class='ocrx_word' id='word_1_139' title='bbox 1926 2048 1996 2114; x_wconf 79' lang='lat' dir='ltr'><strong><em>S.</em></strong></span> <span class='ocrx_word' id='word_1_140' title='bbox 2045 2048 2197 2132; x_wconf 81' lang='lat' dir='ltr'><strong><em>dipl.</em></strong></span> <span class='ocrx_word' id='word_1_141' title='bbox 2244 2048 2376 2113; x_wconf 70' lang='lat' dir='ltr'><strong><em>md.</em></strong></span> <span class='ocrx_word' id='word_1_142' title='bbox 2422 2049 2718 2115; x_wconf 88' lang='lat' dir='ltr'><strong><em>XLVII.</em></strong></span> 
     </span>
    </p>

    <p class='ocr_par' dir='ltr' id='par_1_7' title="bbox 577 2150 3294 2543">
     <span class='ocr_line' id='line_1_17' title="bbox 577 2150 3289 2237; baseline 0 -21"><span class='ocrx_word' id='word_1_143' title='bbox 577 2150 743 2216; x_wconf 83' lang='lat'>1159</span> <span class='ocrx_word' id='word_1_144' title='bbox 787 2161 1138 2216; x_wconf 82' lang='lat' dir='ltr'><strong>AVFIDIVS</strong></span> <span class='ocrx_word' id='word_1_145' title='bbox 1197 2160 1688 2215; x_wconf 86' lang='lat' dir='ltr'><strong>SEVERIANVS.</strong></span> <span class='ocrx_word' id='word_1_146' title='bbox 1781 2150 2178 2216; x_wconf 86' lang='lat' dir='ltr'><strong><em>‘Observare</em></strong></span> <span class='ocrx_word' id='word_1_147' title='bbox 2231 2161 2445 2217; x_wconf 90' lang='lat' dir='ltr'><strong><em>autem</em></strong></span> <span class='ocrx_word' id='word_1_148' title='bbox 2502 2150 2955 2237; x_wconf 82' lang='lat' dir='ltr'><strong><em>proconsulem</em></strong></span> <span class='ocrx_word' id='word_1_149' title='bbox 3018 2161 3289 2237; x_wconf 76' lang='lat' dir='ltr'><strong><em>oportet,</em></strong></span> 
     </span>
     <span class='ocr_line' id='line_1_18' title="bbox 701 2252 3294 2341; baseline 0 -23"><span class='ocrx_word' id='word_1_150' title='bbox 701 2276 783 2318; x_wconf 93' lang='lat' dir='ltr'><strong><em>ne</em></strong></span> <span class='ocrx_word' id='word_1_151' title='bbox 839 2255 908 2318; x_wconf 93' lang='lat' dir='ltr'><strong><em>in</em></strong></span> <span class='ocrx_word' id='word_1_152' title='bbox 966 2253 1262 2341; x_wconf 87' lang='lat' dir='ltr'><strong><em>hospitiis</em></strong></span> <span class='ocrx_word' id='word_1_153' title='bbox 1321 2252 1708 2340; x_wconf 89' lang='lat' dir='ltr'><strong><em>praebendis</em></strong></span> <span class='ocrx_word' id='word_1_154' title='bbox 1769 2264 1995 2317; x_wconf 87' lang='lat' dir='ltr'><strong><em>oneret</em></strong></span> <span class='ocrx_word' id='word_1_155' title='bbox 2048 2255 2481 2338; x_wconf 89' lang='lat' dir='ltr'><strong><em>provinciam,</em></strong></span> <span class='ocrx_word' id='word_1_156' title='bbox 2544 2264 2618 2319; x_wconf 90' lang='lat' dir='ltr'><strong><em>ut</em></strong></span> <span class='ocrx_word' id='word_1_157' title='bbox 2675 2255 3030 2340; x_wconf 86' lang='lat' dir='ltr'><strong><em>imperator</em></strong></span> <span class='ocrx_word' id='word_1_158' title='bbox 3071 2264 3294 2320; x_wconf 88' lang='lat' dir='ltr'><strong><em>noster</em></strong></span> 
     </span>
     <span class='ocr_line' id='line_1_19' title="bbox 700 2356 3286 2443; baseline 0 -21"><span class='ocrx_word' id='word_1_159' title='bbox 700 2379 848 2422; x_wconf 91' lang='lat' dir='ltr'><strong><em>cum</em></strong></span> <span class='ocrx_word' id='word_1_160' title='bbox 899 2367 1084 2443; x_wconf 91' lang='lat' dir='ltr'><strong><em>patre</em></strong></span> <span class='ocrx_word' id='word_1_161' title='bbox 1127 2356 1395 2422; x_wconf 89' lang='lat' dir='ltr'><strong><em>Aufidio</em></strong></span> <span class='ocrx_word' id='word_1_162' title='bbox 1442 2356 1795 2422; x_wconf 86' lang='lat' dir='ltr'><strong><em>Severiano</em></strong></span> <span class='ocrx_word' id='word_1_163' title='bbox 1842 2358 2194 2441; x_wconf 86' lang='lat' dir='ltr'><strong><em>rescripsit’</em></strong></span> <span class='ocrx_word' id='word_1_164' title='bbox 2247 2356 2561 2439; x_wconf 64' lang='lat' dir='ltr'><strong><em>VhJianus</em></strong></span> <span class='ocrx_word' id='word_1_165' title='bbox 2603 2357 2852 2441; x_wconf 76' lang='lat' dir='ltr'><strong><em>Diyest.</em></strong></span> <span class='ocrx_word' id='word_1_166' title='bbox 2883 2362 2942 2434; x_wconf 92' lang='lat'><strong><em>1,</em></strong></span> <span class='ocrx_word' id='word_1_167' title='bbox 2975 2363 3074 2436; x_wconf 88' lang='lat'><strong><em>16,</em></strong></span> <span class='ocrx_word' id='word_1_168' title='bbox 3107 2363 3147 2424; x_wconf 99' lang='lat'><strong><em>4</em></strong></span> <span class='ocrx_word' id='word_1_169' title='bbox 3177 2379 3286 2442; x_wconf 85' lang='lat' dir='ltr'><strong><em>pr.</em></strong></span> 
     </span>
     <span class='ocr_line' id='line_1_20' title="bbox 701 2458 2859 2543; baseline 0.001 -20"><span class='ocrx_word' id='word_1_170' title='bbox 701 2458 1054 2525; x_wconf 83' lang='lat' dir='ltr'><strong><em>Proconsul</em></strong></span> <span class='ocrx_word' id='word_1_171' title='bbox 1084 2461 1459 2543; x_wconf 85' lang='lat' dir='ltr'><strong><em>provinciae</em></strong></span> <span class='ocrx_word' id='word_1_172' title='bbox 1500 2460 1710 2525; x_wconf 88' lang='lat' dir='ltr'><strong><em>nescio</em></strong></span> <span class='ocrx_word' id='word_1_173' title='bbox 1755 2460 1935 2523; x_wconf 84' lang='lat' dir='ltr'><strong><em>cuius</em></strong></span> <span class='ocrx_word' id='word_1_174' title='bbox 1977 2459 2091 2524; x_wconf 87' lang='lat' dir='ltr'><strong><em>sub</em></strong></span> <span class='ocrx_word' id='word_1_175' title='bbox 2139 2458 2370 2525; x_wconf 83' lang='lat' dir='ltr'><strong><em>Severo</em></strong></span> <span class='ocrx_word' id='word_1_176' title='bbox 2412 2465 2473 2525; x_wconf 87' lang='lat' dir='ltr'><strong><em>et</em></strong></span> <span class='ocrx_word' id='word_1_177' title='bbox 2511 2460 2859 2525; x_wconf 73' lang='lat' dir='ltr'><strong><em>Antonino,</em></strong></span> 
     </span>
    </p>

    <p class='ocr_par' dir='ltr' id='par_1_8' title="bbox 622 2561 2127 2630">
     <span class='ocr_line' id='line_1_21' title="bbox 622 2561 2127 2630; baseline 0.003 -4"><span class='ocrx_word' id='word_1_178' title='bbox 622 2597 699 2607; x_wconf 92' lang='lat'>—</span> <span class='ocrx_word' id='word_1_179' title='bbox 747 2563 824 2626; x_wconf 90' lang='lat' dir='ltr'><strong><em>L.</em></strong></span> <span class='ocrx_word' id='word_1_180' title='bbox 867 2562 1101 2627; x_wconf 90' lang='lat' dir='ltr'><strong><em>Arrius</em></strong></span> <span class='ocrx_word' id='word_1_181' title='bbox 1147 2561 1490 2627; x_wconf 91' lang='lat' dir='ltr'><strong><em>Plarianus</em></strong></span> <span class='ocrx_word' id='word_1_182' title='bbox 1535 2561 1836 2626; x_wconf 88' lang='lat' dir='ltr'><strong><em>Aufidius</em></strong></span> <span class='ocrx_word' id='word_1_183' title='bbox 1881 2561 2127 2630; x_wconf 77' lang='lat' dir='ltr'><strong><em>Turbo,</em></strong></span> 
     </span>
    </p>

    <p class='ocr_par' dir='ltr' id='par_1_9' title="bbox 577 2663 3298 3551">
     <span class='ocr_line' id='line_1_22' title="bbox 577 2663 3292 2750; baseline 0.001 -21"><span class='ocrx_word' id='word_1_184' title='bbox 577 2665 744 2730; x_wconf 85' lang='lat'>1160</span> <span class='ocrx_word' id='word_1_185' title='bbox 790 2674 853 2729; x_wconf 91' lang='lat' dir='ltr'><strong><em>C.</em></strong></span> <span class='ocrx_word' id='word_1_186' title='bbox 884 2674 1235 2729; x_wconf 85' lang='lat' dir='ltr'><strong>AVFIDIVS</strong></span> <span class='ocrx_word' id='word_1_187' title='bbox 1266 2672 1735 2744; x_wconf 82' lang='lat' dir='ltr'><strong>VICTORINVS,</strong></span> <span class='ocrx_word' id='word_1_188' title='bbox 1770 2685 1897 2728; x_wconf 92' lang='lat' dir='ltr'><strong><em>cos.</em></strong></span> <span class='ocrx_word' id='word_1_189' title='bbox 1930 2664 2000 2729; x_wconf 91' lang='lat' dir='ltr'><strong><em>II</em></strong></span> <span class='ocrx_word' id='word_1_190' title='bbox 2029 2685 2087 2731; x_wconf 88' lang='lat' dir='ltr'><strong><em>a.</em></strong></span> <span class='ocrx_word' id='word_1_191' title='bbox 2123 2665 2247 2729; x_wconf 87' lang='lat'><strong><em>183</em></strong></span> <span class='ocrx_word' id='word_1_192' title='bbox 2277 2686 2426 2728; x_wconf 91' lang='lat' dir='ltr'><strong><em>cum</em></strong></span> <span class='ocrx_word' id='word_1_193' title='bbox 2457 2663 2811 2730; x_wconf 86' lang='lat' dir='ltr'><strong><em>Commodo</em></strong></span> <span class='ocrx_word' id='word_1_194' title='bbox 2841 2666 3143 2750; x_wconf 77' lang='lat' dir='ltr'><strong><em>Augusto</em></strong></span> <span class='ocrx_word' id='word_1_195' title='bbox 3176 2667 3292 2733; x_wconf 91' lang='lat' dir='ltr'><strong><em>IV.</em></strong></span> 
     </span>
     <span class='ocr_line' id='line_1_23' title="bbox 704 2764 3294 2849; baseline 0.001 -17"><span class='ocrx_word' id='word_1_196' title='bbox 704 2766 1106 2832; x_wconf 86' lang='lat' dir='ltr'><strong><em>Memoratur</em></strong></span> <span class='ocrx_word' id='word_1_197' title='bbox 1163 2768 1234 2830; x_wconf 91' lang='lat' dir='ltr'><strong><em>in</em></strong></span> <span class='ocrx_word' id='word_1_198' title='bbox 1295 2765 1477 2831; x_wconf 87' lang='lat' dir='ltr'><strong><em>titulo</em></strong></span> <span class='ocrx_word' id='word_1_199' title='bbox 1537 2764 1920 2830; x_wconf 74' lang='lat' dir='ltr'><strong><em>Pisaurensi</em></strong></span> <span class='ocrx_word' id='word_1_200' title='bbox 1972 2768 2217 2849; x_wconf 76' lang='lat' dir='ltr'><strong><em>nepotis</em></strong></span> <span class='ocrx_word' id='word_1_201' title='bbox 2274 2766 2476 2832; x_wconf 84' lang='lat' dir='ltr'><strong><em>Orelli</em></strong></span> <span class='ocrx_word' id='word_1_202' title='bbox 2517 2772 2696 2832; x_wconf 86' lang='grc'>1176.</span> <span class='ocrx_word' id='word_1_203' title='bbox 2784 2767 2869 2833; x_wconf 91' lang='lat' dir='ltr'><strong><em>In</em></strong></span> <span class='ocrx_word' id='word_1_204' title='bbox 2928 2768 3294 2834; x_wconf 82' lang='lat' dir='ltr'><strong><em>consulatu:</em></strong></span> 
     </span>
     <span class='ocr_line' id='line_1_24' title="bbox 704 2867 3287 2953; baseline 0.001 -18"><span class='ocrx_word' id='word_1_205' title='bbox 704 2869 779 2937; x_wconf 83' lang='lat' dir='ltr'><strong><em>O.</em></strong></span> <span class='ocrx_word' id='word_1_206' title='bbox 828 2868 1133 2935; x_wconf 87' lang='lat' dir='ltr'><strong><em>Aufidius</em></strong></span> <span class='ocrx_word' id='word_1_207' title='bbox 1178 2869 1556 2934; x_wconf 89' lang='lat' dir='ltr'><strong><em>Victorinus</em></strong></span> <span class='ocrx_word' id='word_1_208' title='bbox 1603 2869 1706 2934; x_wconf 84' lang='lat' dir='ltr'><strong><em>VI</em></strong></span> <span class='ocrx_word' id='word_1_209' title='bbox 1734 2873 1926 2945; x_wconf 79' lang='lat'><strong><em>2099,</em></strong></span> <span class='ocrx_word' id='word_1_210' title='bbox 1992 2867 2112 2953; x_wconf 69' lang='lat' dir='ltr'><strong><em>[Q]</em></strong></span> <span class='ocrx_word' id='word_1_211' title='bbox 2174 2868 2476 2934; x_wconf 88' lang='lat' dir='ltr'><strong><em>Aufidius</em></strong></span> <span class='ocrx_word' id='word_1_212' title='bbox 2534 2870 2910 2935; x_wconf 88' lang='lat' dir='ltr'><strong><em>Victorinus</em></strong></span> <span class='ocrx_word' id='word_1_213' title='bbox 2973 2870 3074 2938; x_wconf 82' lang='lat' dir='ltr'><strong><em>VI</em></strong></span> <span class='ocrx_word' id='word_1_214' title='bbox 3103 2877 3287 2949; x_wconf 84' lang='lat'><strong><em>3741,</em></strong></span> 
     </span>
     <span class='ocr_line' id='line_1_25' title="bbox 704 2971 3293 3057; baseline 0.001 -19"><span class='ocrx_word' id='word_1_215' title='bbox 704 2971 1006 3038; x_wconf 87' lang='lat' dir='ltr'><strong><em>Aufidius</em></strong></span> <span class='ocrx_word' id='word_1_216' title='bbox 1041 2972 1416 3037; x_wconf 87' lang='lat' dir='ltr'><strong><em>Victorinus</em></strong></span> <span class='ocrx_word' id='word_1_217' title='bbox 1446 2971 1800 3037; x_wconf 81' lang='lat' dir='ltr'><strong><em>Bullettino</em></strong></span> <span class='ocrx_word' id='word_1_218' title='bbox 1843 2973 2168 3037; x_wconf 84' lang='lat' dir='ltr'><strong><em>comunale</em></strong></span> <span class='ocrx_word' id='word_1_219' title='bbox 2206 2971 2310 3038; x_wconf 84' lang='lat' dir='ltr'><strong><em>VI</em></strong></span> <span class='ocrx_word' id='word_1_220' title='bbox 2328 2972 2540 3057; x_wconf 89' lang='grc'>(1878)</span> <span class='ocrx_word' id='word_1_221' title='bbox 2570 2977 2700 3039; x_wconf 89' lang='grc'><strong><em>263</em></strong></span> <span class='ocrx_word' id='word_1_222' title='bbox 2739 2995 2802 3038; x_wconf 90' lang='lat' dir='ltr'><strong><em>n.</em></strong></span> <span class='ocrx_word' id='word_1_223' title='bbox 2835 2978 2976 3052; x_wconf 85' lang='lat'><strong><em>131,</em></strong></span> <span class='ocrx_word' id='word_1_224' title='bbox 3024 2980 3293 3040; x_wconf 83' lang='lat' dir='ltr'><strong><em>ceterum</em></strong></span> 
     </span>
     <span class='ocr_line' id='line_1_26' title="bbox 704 3073 3292 3160; baseline 0.002 -20"><span class='ocrx_word' id='word_1_225' title='bbox 704 3076 1081 3141; x_wconf 89' lang='lat' dir='ltr'><strong><em>Victorinus</em></strong></span> <span class='ocrx_word' id='word_1_226' title='bbox 1115 3075 1294 3157; x_wconf 81' lang='lat' dir='ltr'><strong><em>fasti.</em></strong></span> <span class='ocrx_word' id='word_1_227' title='bbox 1325 3112 1404 3121; x_wconf 92' lang='lat'><strong><em>—-</em></strong></span> <span class='ocrx_word' id='word_1_228' title='bbox 1436 3074 1507 3141; x_wconf 87' lang='lat' dir='ltr'><strong><em>C.</em></strong></span> <span class='ocrx_word' id='word_1_229' title='bbox 1540 3074 1840 3140; x_wconf 88' lang='lat' dir='ltr'><strong><em>Aufidius</em></strong></span> <span class='ocrx_word' id='word_1_230' title='bbox 1862 3073 2110 3139; x_wconf 78' lang='lat' dir='ltr'><strong><em>Fronto</em></strong></span> <span class='ocrx_word' id='word_1_231' title='bbox 2142 3074 2229 3139; x_wconf 83' lang='lat' dir='ltr'><strong><em>ad</em></strong></span> <span class='ocrx_word' id='word_1_232' title='bbox 2260 3074 2358 3139; x_wconf 81' lang='grc' dir='ltr'><strong><em>Μ’.</em></strong></span> <span class='ocrx_word' id='word_1_233' title='bbox 2387 3073 2727 3141; x_wconf 83' lang='lat' dir='ltr'><strong><em>Caesarem</em></strong></span> <span class='ocrx_word' id='word_1_234' title='bbox 2754 3081 2815 3153; x_wconf 88' lang='lat'><strong><em>4,</em></strong></span> <span class='ocrx_word' id='word_1_235' title='bbox 2845 3081 2930 3141; x_wconf 85' lang='lat'><strong><em>13</em></strong></span> <span class='ocrx_word' id='word_1_236' title='bbox 2961 3099 3035 3160; x_wconf 91' lang='lat' dir='ltr'><strong><em>p.</em></strong></span> <span class='ocrx_word' id='word_1_237' title='bbox 3070 3081 3148 3143; x_wconf 87' lang='lat'><strong><em>75</em></strong></span> <span class='ocrx_word' id='word_1_238' title='bbox 3180 3077 3292 3155; x_wconf 70' lang='lat' dir='ltr'><strong><em>N„</em></strong></span> 
     </span>
     <span class='ocr_line' id='line_1_27' title="bbox 703 3176 3294 3261; baseline 0 -17"><span class='ocrx_word' id='word_1_239' title='bbox 703 3177 1413 3244; x_wconf 90' lang='lat' dir='ltr'><strong><em>Aufidius·Victorinus</em></strong></span> <span class='ocrx_word' id='word_1_240' title='bbox 1447 3180 1564 3255; x_wconf 70' lang='lat' dir='ltr'><strong><em>tit„</em></strong></span> <span class='ocrx_word' id='word_1_241' title='bbox 1611 3176 1860 3243; x_wconf 80' lang='lat' dir='ltr'><strong><em>Fronto</em></strong></span> <span class='ocrx_word' id='word_1_242' title='bbox 1903 3179 1972 3241; x_wconf 84' lang='lat' dir='ltr'><strong><em>in</em></strong></span> <span class='ocrx_word' id='word_1_243' title='bbox 2015 3178 2534 3260; x_wconf 79' lang='lat' dir='ltr'><strong><em>inscriptionibus</em></strong></span> <span class='ocrx_word' id='word_1_244' title='bbox 2568 3178 2986 3261; x_wconf 80' lang='lat' dir='ltr'><strong><em>epistularum</em></strong></span> <span class='ocrx_word' id='word_1_245' title='bbox 3029 3179 3119 3244; x_wconf 79' lang='lat' dir='ltr'><strong><em>ad</em></strong></span> <span class='ocrx_word' id='word_1_246' title='bbox 3153 3202 3294 3245; x_wconf 69' lang='lat' dir='ltr'><strong><em>etun</em></strong></span> 
     </span>
     <span class='ocr_line' id='line_1_28' title="bbox 709 3279 3291 3366; baseline 0.001 -21"><span class='ocrx_word' id='word_1_247' title='bbox 709 3280 1010 3345; x_wconf 80' lang='lat' dir='ltr'><strong><em>datarum</em></strong></span> <span class='ocrx_word' id='word_1_248' title='bbox 1054 3279 1143 3345; x_wconf 86' lang='lat' dir='ltr'><strong><em>ad</em></strong></span> <span class='ocrx_word' id='word_1_249' title='bbox 1184 3282 1367 3345; x_wconf 86' lang='lat' dir='ltr'><strong><em>amic.</em></strong></span> <span class='ocrx_word' id='word_1_250' title='bbox 1416 3288 1470 3357; x_wconf 88' lang='lat'><strong><em>1,</em></strong></span> <span class='ocrx_word' id='word_1_251' title='bbox 1514 3285 1573 3347; x_wconf 91' lang='grc'><strong><em>7.</em></strong></span> <span class='ocrx_word' id='word_1_252' title='bbox 1607 3280 1734 3363; x_wconf 88' lang='grc'>(12.</span> <span class='ocrx_word' id='word_1_253' title='bbox 1768 3284 1867 3344; x_wconf 89' lang='grc'>13.</span> <span class='ocrx_word' id='word_1_254' title='bbox 1897 3284 1980 3345; x_wconf 89' lang='lat'><strong><em>14</em></strong></span> <span class='ocrx_word' id='word_1_255' title='bbox 2023 3281 2091 3344; x_wconf 90' lang='lat' dir='ltr'><strong><em>in</em></strong></span> <span class='ocrx_word' id='word_1_256' title='bbox 2134 3279 2340 3345; x_wconf 82' lang='lat' dir='ltr'><strong><em>indice</em></strong></span> <span class='ocrx_word' id='word_1_257' title='bbox 2384 3279 2847 3366; x_wconf 83' lang='lat' dir='ltr'><strong><em>epistularum),</em></strong></span> <span class='ocrx_word' id='word_1_258' title='bbox 2891 3282 3000 3346; x_wconf 79' lang='lat' dir='ltr'><strong><em>vit.</em></strong></span> <span class='ocrx_word' id='word_1_259' title='bbox 3050 3283 3291 3360; x_wconf 84' lang='lat' dir='ltr'><strong><em>Marci,</em></strong></span> 
     </span>
     <span class='ocr_line' id='line_1_29' title="bbox 704 3381 3298 3469; baseline 0.001 -21"><span class='ocrx_word' id='word_1_260' title='bbox 704 3382 1011 3466; x_wconf 74' lang='lat' dir='ltr'><strong><em>Diyesta,·</em></strong></span> <span class='ocrx_word' id='word_1_261' title='bbox 1055 3383 1430 3448; x_wconf 86' lang='lat' dir='ltr'><strong><em>Victorinus</em></strong></span> <span class='ocrx_word' id='word_1_262' title='bbox 1461 3383 1595 3449; x_wconf 88' lang='lat' dir='ltr'><strong><em>Dio</em></strong></span> <span class='ocrx_word' id='word_1_263' title='bbox 1633 3388 1737 3460; x_wconf 87' lang='grc'><strong><em>72,</em></strong></span> <span class='ocrx_word' id='word_1_264' title='bbox 1771 3389 1889 3461; x_wconf 87' lang='grc'>11;</span> <span class='ocrx_word' id='word_1_265' title='bbox 1930 3381 2236 3447; x_wconf 88' lang='lat' dir='ltr'><strong><em>Aufidius</em></strong></span> <span class='ocrx_word' id='word_1_266' title='bbox 2279 3381 2375 3446; x_wconf 84' lang='lat' dir='ltr'><strong><em>vel</em></strong></span> <span class='ocrx_word' id='word_1_267' title='bbox 2418 3383 2794 3447; x_wconf 88' lang='lat' dir='ltr'><strong><em>Victorinus</em></strong></span> <span class='ocrx_word' id='word_1_268' title='bbox 2826 3385 3077 3466; x_wconf 75' lang='lat' dir='ltr'><strong><em>passim</em></strong></span> <span class='ocrx_word' id='word_1_269' title='bbox 3122 3385 3298 3469; x_wconf 76' lang='lat' dir='ltr'><strong><em>apud</em></strong></span> 
     </span>
     <span class='ocr_line' id='line_1_30' title="bbox 703 3484 1113 3551; baseline 0 -1"><span class='ocrx_word' id='word_1_270' title='bbox 703 3484 1113 3551; x_wconf 85' lang='lat' dir='ltr'><strong><em>Frontonem.</em></strong></span> 
     </span>
    </p>

    <p class='ocr_par' dir='ltr' id='par_1_10' title="bbox 707 3586 3304 5221">
     <span class='ocr_line' id='line_1_31' title="bbox 833 3586 3294 3669; baseline 0 -16"><span class='ocrx_word' id='word_1_271' title='bbox 833 3588 940 3653; x_wconf 82' lang='lat' dir='ltr'><strong><em>Ex</em></strong></span> <span class='ocrx_word' id='word_1_272' title='bbox 967 3587 1245 3653; x_wconf 90' lang='lat' dir='ltr'><strong><em>Vmbria</em></strong></span> <span class='ocrx_word' id='word_1_273' title='bbox 1288 3588 1601 3653; x_wconf 89' lang='lat' dir='ltr'><strong><em>oriundus</em></strong></span> <span class='ocrx_word' id='word_1_274' title='bbox 1648 3589 1729 3669; x_wconf 82' lang='lat' dir='ltr'><strong><em>cf.</em></strong></span> <span class='ocrx_word' id='word_1_275' title='bbox 1762 3586 1991 3653; x_wconf 87' lang='lat' dir='ltr'><strong><em>Front.</em></strong></span> <span class='ocrx_word' id='word_1_276' title='bbox 2032 3588 2121 3652; x_wconf 82' lang='lat' dir='ltr'><strong><em>ad</em></strong></span> <span class='ocrx_word' id='word_1_277' title='bbox 2148 3587 2246 3652; x_wconf 83' lang='lat' dir='ltr'><strong><em>M.</em></strong></span> <span class='ocrx_word' id='word_1_278' title='bbox 2285 3587 2625 3653; x_wconf 83' lang='lat' dir='ltr'><strong><em>Caesarem</em></strong></span> <span class='ocrx_word' id='word_1_279' title='bbox 2651 3592 2710 3665; x_wconf 88' lang='lat'><strong><em>4,</em></strong></span> <span class='ocrx_word' id='word_1_280' title='bbox 2744 3593 2825 3653; x_wconf 97' lang='grc'>13</span> <span class='ocrx_word' id='word_1_281' title='bbox 2859 3587 2956 3654; x_wconf 68' lang='lat' dir='ltr'><strong><em>‘Q</em></strong></span> <span class='ocrx_word' id='word_1_282' title='bbox 2987 3590 3294 3656; x_wconf 87' lang='lat' dir='ltr'><strong><em>Aufidius</em></strong></span> 
     </span>
     <span class='ocr_line' id='line_1_32' title="bbox 708 3689 3295 3775; baseline 0.001 -19"><span class='ocrx_word' id='word_1_283' title='bbox 708 3728 786 3737; x_wconf 93' lang='lat'><strong>—</strong></span> <span class='ocrx_word' id='word_1_284' title='bbox 836 3729 921 3739; x_wconf 90' lang='lat'>—</span> <span class='ocrx_word' id='word_1_285' title='bbox 966 3703 1163 3775; x_wconf 87' lang='lat' dir='ltr'><strong><em>negat</em></strong></span> <span class='ocrx_word' id='word_1_286' title='bbox 1206 3714 1275 3755; x_wconf 90' lang='lat' dir='ltr'><strong><em>se</em></strong></span> <span class='ocrx_word' id='word_1_287' title='bbox 1323 3690 1646 3755; x_wconf 85' lang='lat' dir='ltr'><strong><em>hominem</em></strong></span> <span class='ocrx_word' id='word_1_288' title='bbox 1691 3691 2027 3755; x_wconf 87' lang='lat' dir='ltr'><strong><em>iustiorem</em></strong></span> <span class='ocrx_word' id='word_1_289' title='bbox 2071 3712 2152 3754; x_wconf 83' lang='lat' dir='ltr'><strong><em>ex</em></strong></span> <span class='ocrx_word' id='word_1_290' title='bbox 2197 3689 2471 3755; x_wconf 89' lang='lat' dir='ltr'><strong><em>Vmbria</em></strong></span> <span class='ocrx_word' id='word_1_291' title='bbox 2516 3689 2721 3756; x_wconf 91' lang='lat' dir='ltr'><strong><em>ullum</em></strong></span> <span class='ocrx_word' id='word_1_292' title='bbox 2768 3689 2966 3756; x_wconf 90' lang='lat' dir='ltr'><strong><em>alium</em></strong></span> <span class='ocrx_word' id='word_1_293' title='bbox 3019 3692 3295 3758; x_wconf 88' lang='lat' dir='ltr'><strong><em>Romam</em></strong></span> 
     </span>
     <span class='ocr_line' id='line_1_33' title="bbox 707 3792 3292 3879; baseline 0 -20"><span class='ocrx_word' id='word_1_294' title='bbox 707 3795 1007 3878; x_wconf 85' lang='lat' dir='ltr'><strong><em>venisse‘,</em></strong></span> <span class='ocrx_word' id='word_1_295' title='bbox 1029 3795 1460 3879; x_wconf 79' lang='lat' dir='ltr'><strong><em>probabiliter</em></strong></span> <span class='ocrx_word' id='word_1_296' title='bbox 1490 3794 1896 3859; x_wconf 70' lang='lat' dir='ltr'><strong><em>Pisaurensis</em></strong></span> <span class='ocrx_word' id='word_1_297' title='bbox 1924 3795 2006 3875; x_wconf 76' lang='lat' dir='ltr'><strong><em>cf.</em></strong></span> <span class='ocrx_word' id='word_1_298' title='bbox 2043 3795 2138 3857; x_wconf 89' lang='lat' dir='ltr'><strong><em>tit.</em></strong></span> <span class='ocrx_word' id='word_1_299' title='bbox 2170 3794 2436 3876; x_wconf 80' lang='lat' dir='ltr'><strong><em>nepotis.</em></strong></span> <span class='ocrx_word' id='word_1_300' title='bbox 2483 3793 2804 3859; x_wconf 88' lang='lat' dir='ltr'><strong><em>Senatorii</em></strong></span> <span class='ocrx_word' id='word_1_301' title='bbox 2838 3792 3104 3877; x_wconf 89' lang='lat' dir='ltr'><strong><em>ordinis,</em></strong></span> <span class='ocrx_word' id='word_1_302' title='bbox 3146 3817 3292 3860; x_wconf 89' lang='lat' dir='ltr'><strong><em>con-</em></strong></span> 
     </span>
     <span class='ocr_line' id='line_1_34' title="bbox 708 3895 3295 3985; baseline 0.002 -22"><span class='ocrx_word' id='word_1_303' title='bbox 708 3897 1064 3985; x_wconf 86' lang='lat' dir='ltr'><strong><em>discipulus</em></strong></span> <span class='ocrx_word' id='word_1_304' title='bbox 1110 3909 1174 3963; x_wconf 89' lang='lat' dir='ltr'><strong><em>et</em></strong></span> <span class='ocrx_word' id='word_1_305' title='bbox 1218 3899 1464 3963; x_wconf 89' lang='lat' dir='ltr'><strong><em>amicus</em></strong></span> <span class='ocrx_word' id='word_1_306' title='bbox 1509 3897 1598 3961; x_wconf 90' lang='lat' dir='ltr'><strong><em>M.</em></strong></span> <span class='ocrx_word' id='word_1_307' title='bbox 1631 3895 1883 3962; x_wconf 91' lang='lat' dir='ltr'><strong><em>Aurelii</em></strong></span> <span class='ocrx_word' id='word_1_308' title='bbox 1929 3898 2038 3961; x_wconf 83' lang='lat' dir='ltr'><strong><em>vit.</em></strong></span> <span class='ocrx_word' id='word_1_309' title='bbox 2076 3897 2300 3960; x_wconf 86' lang='lat' dir='ltr'><strong><em>Marci</em></strong></span> <span class='ocrx_word' id='word_1_310' title='bbox 2323 3900 2382 3973; x_wconf 84' lang='lat'><strong><em>3,</em></strong></span> <span class='ocrx_word' id='word_1_311' title='bbox 2416 3900 2459 3960; x_wconf 83' lang='lat'><em>8</em></span> <span class='ocrx_word' id='word_1_312' title='bbox 2502 3897 2584 3979; x_wconf 81' lang='lat' dir='ltr'><strong><em>cf.</em></strong></span> <span class='ocrx_word' id='word_1_313' title='bbox 2616 3895 2846 3965; x_wconf 87' lang='lat' dir='ltr'><strong><em>Front.</em></strong></span> <span class='ocrx_word' id='word_1_314' title='bbox 2882 3898 2971 3963; x_wconf 82' lang='lat' dir='ltr'><strong><em>ad</em></strong></span> <span class='ocrx_word' id='word_1_315' title='bbox 3001 3899 3102 3964; x_wconf 81' lang='lat' dir='ltr'><strong><em>M.</em></strong></span> <span class='ocrx_word' id='word_1_316' title='bbox 3136 3899 3295 3967; x_wconf 80' lang='lat' dir='ltr'><strong><em>an-</em></strong></span> 
     </span>
     <span class='ocr_line' id='line_1_35' title="bbox 708 3997 3297 4083; baseline 0 -18"><span class='ocrx_word' id='word_1_317' title='bbox 708 4023 917 4067; x_wconf 82' lang='lat' dir='ltr'><strong><em>sarem</em></strong></span> <span class='ocrx_word' id='word_1_318' title='bbox 954 4007 1014 4078; x_wconf 91' lang='lat'><strong><em>1,</em></strong></span> <span class='ocrx_word' id='word_1_319' title='bbox 1049 4005 1093 4066; x_wconf 98' lang='grc'>8</span> <span class='ocrx_word' id='word_1_320' title='bbox 1121 4023 1195 4083; x_wconf 92' lang='lat' dir='ltr'><strong><em>p.</em></strong></span> <span class='ocrx_word' id='word_1_321' title='bbox 1226 4005 1315 4066; x_wconf 82' lang='grc'><strong><em>24</em></strong></span> <span class='ocrx_word' id='word_1_322' title='bbox 1347 3999 1433 4064; x_wconf 90' lang='lat' dir='ltr'><strong><em>N.</em></strong></span> <span class='ocrx_word' id='word_1_323' title='bbox 1525 3998 1764 4064; x_wconf 83' lang='lat' dir='ltr'><strong><em>Consul</em></strong></span> <span class='ocrx_word' id='word_1_324' title='bbox 1804 4000 1856 4064; x_wconf 95' lang='lat' dir='ltr'><strong><em>I</em></strong></span> <span class='ocrx_word' id='word_1_325' title='bbox 1887 3997 2188 4079; x_wconf 82' lang='lat' dir='ltr'><strong><em>suffectus</em></strong></span> <span class='ocrx_word' id='word_1_326' title='bbox 2229 4003 2531 4082; x_wconf 77' lang='lat' dir='ltr'><strong><em>reynante</em></strong></span> <span class='ocrx_word' id='word_1_327' title='bbox 2576 3999 2700 4065; x_wconf 88' lang='lat' dir='ltr'><strong><em>Pio</em></strong></span> <span class='ocrx_word' id='word_1_328' title='bbox 2742 4001 2838 4066; x_wconf 86' lang='lat' dir='ltr'><strong><em>vel</em></strong></span> <span class='ocrx_word' id='word_1_329' title='bbox 2879 4002 2995 4066; x_wconf 86' lang='lat' dir='ltr'><strong><em>sub</em></strong></span> <span class='ocrx_word' id='word_1_330' title='bbox 3040 4003 3297 4067; x_wconf 75' lang='lat' dir='ltr'><strong><em>initium</em></strong></span> 
     </span>
     <span class='ocr_line' id='line_1_36' title="bbox 709 4102 3294 4188; baseline 0.001 -20"><span class='ocrx_word' id='word_1_331' title='bbox 709 4106 964 4188; x_wconf 87' lang='lat' dir='ltr'><strong><em>imperii</em></strong></span> <span class='ocrx_word' id='word_1_332' title='bbox 1029 4104 1255 4168; x_wconf 80' lang='lat' dir='ltr'><strong><em>Marci</em></strong></span> <span class='ocrx_word' id='word_1_333' title='bbox 1325 4103 1600 4183; x_wconf 82' lang='lat' dir='ltr'><strong><em>fortasse</em></strong></span> <span class='ocrx_word' id='word_1_334' title='bbox 1666 4124 1726 4166; x_wconf 93' lang='lat' dir='ltr'><strong><em>a.</em></strong></span> <span class='ocrx_word' id='word_1_335' title='bbox 1789 4105 1910 4167; x_wconf 88' lang='lat'><strong><em>155</em></strong></span> <span class='ocrx_word' id='word_1_336' title='bbox 1974 4103 2057 4185; x_wconf 82' lang='lat' dir='ltr'><strong><em>cf.</em></strong></span> <span class='ocrx_word' id='word_1_337' title='bbox 2119 4102 2183 4165; x_wconf 88' lang='lat' dir='ltr'><strong><em>A</em></strong></span> <span class='ocrx_word' id='word_1_338' title='bbox 2243 4106 2428 4167; x_wconf 80' lang='lat'><strong><em>1142.</em></strong></span> <span class='ocrx_word' id='word_1_339' title='bbox 2538 4102 2826 4185; x_wconf 86' lang='lat' dir='ltr'><strong><em>Legatus</em></strong></span> <span class='ocrx_word' id='word_1_340' title='bbox 2900 4104 3294 4172; x_wconf 85' lang='lat' dir='ltr'><strong><em>Germaniae</em></strong></span> 
     </span>
     <span class='ocr_line' id='line_1_37' title="bbox 709 4203 3293 4293; baseline 0.002 -23"><span class='ocrx_word' id='word_1_341' title='bbox 709 4208 1116 4292; x_wconf 90' lang='lat' dir='ltr'><strong><em>(superioris)</em></strong></span> <span class='ocrx_word' id='word_1_342' title='bbox 1163 4206 1294 4271; x_wconf 89' lang='lat' dir='ltr'><strong><em>Dio</em></strong></span> <span class='ocrx_word' id='word_1_343' title='bbox 1343 4211 1446 4282; x_wconf 86' lang='grc'><strong><em>72,</em></strong></span> <span class='ocrx_word' id='word_1_344' title='bbox 1486 4210 1602 4282; x_wconf 88' lang='grc'>11;</span> <span class='ocrx_word' id='word_1_345' title='bbox 1647 4204 1839 4287; x_wconf 89' lang='lat' dir='ltr'><strong><em>(anno</em></strong></span> <span class='ocrx_word' id='word_1_346' title='bbox 1883 4205 2019 4287; x_wconf 81' lang='lat' dir='ltr'><strong><em>fere</em></strong></span> <span class='ocrx_word' id='word_1_347' title='bbox 2062 4204 2212 4288; x_wconf 83' lang='grc'>162)</span> <span class='ocrx_word' id='word_1_348' title='bbox 2259 4216 2484 4269; x_wconf 90' lang='lat' dir='ltr'><strong><em>contra</em></strong></span> <span class='ocrx_word' id='word_1_349' title='bbox 2527 4203 2813 4287; x_wconf 87' lang='lat' dir='ltr'><strong><em>Chattos,</em></strong></span> <span class='ocrx_word' id='word_1_350' title='bbox 2867 4208 2979 4293; x_wconf 90' lang='lat' dir='ltr'><strong><em>qui</em></strong></span> <span class='ocrx_word' id='word_1_351' title='bbox 3025 4207 3095 4272; x_wconf 92' lang='lat' dir='ltr'><strong><em>in</em></strong></span> <span class='ocrx_word' id='word_1_352' title='bbox 3132 4207 3293 4275; x_wconf 82' lang='lat' dir='ltr'><strong><em>Ger-</em></strong></span> 
     </span>
     <span class='ocr_line' id='line_1_38' title="bbox 710 4308 3296 4393; baseline 0.002 -19"><span class='ocrx_word' id='word_1_353' title='bbox 710 4310 995 4374; x_wconf 91' lang='lat' dir='ltr'><strong><em>maniam</em></strong></span> <span class='ocrx_word' id='word_1_354' title='bbox 1039 4332 1116 4374; x_wconf 87' lang='lat' dir='ltr'><strong><em>ac</em></strong></span> <span class='ocrx_word' id='word_1_355' title='bbox 1163 4310 1455 4374; x_wconf 87' lang='lat' dir='ltr'><strong><em>Raetiam</em></strong></span> <span class='ocrx_word' id='word_1_356' title='bbox 1504 4309 1902 4393; x_wconf 89' lang='lat' dir='ltr'><strong><em>irruperant,</em></strong></span> <span class='ocrx_word' id='word_1_357' title='bbox 1951 4309 2185 4372; x_wconf 90' lang='lat' dir='ltr'><strong><em>missus</em></strong></span> <span class='ocrx_word' id='word_1_358' title='bbox 2231 4317 2328 4372; x_wconf 89' lang='lat' dir='ltr'><strong><em>est</em></strong></span> <span class='ocrx_word' id='word_1_359' title='bbox 2370 4309 2478 4374; x_wconf 85' lang='lat' dir='ltr'><strong><em>vit.</em></strong></span> <span class='ocrx_word' id='word_1_360' title='bbox 2528 4308 2753 4372; x_wconf 85' lang='lat' dir='ltr'><strong><em>Marci</em></strong></span> <span class='ocrx_word' id='word_1_361' title='bbox 2798 4312 2859 4387; x_wconf 90' lang='grc'><strong><em>8,</em></strong></span> <span class='ocrx_word' id='word_1_362' title='bbox 2904 4313 2980 4388; x_wconf 89' lang='grc'><strong><em>8,·</em></strong></span> <span class='ocrx_word' id='word_1_363' title='bbox 3023 4310 3113 4375; x_wconf 82' lang='lat' dir='ltr'><strong><em>ad</em></strong></span> <span class='ocrx_word' id='word_1_364' title='bbox 3153 4334 3296 4378; x_wconf 82' lang='lat' dir='ltr'><strong><em>eam</em></strong></span> 
     </span>
     <span class='ocr_line' id='line_1_39' title="bbox 712 4409 3294 4495; baseline 0.002 -18"><span class='ocrx_word' id='word_1_365' title='bbox 712 4413 1084 4495; x_wconf 77' lang='lat' dir='ltr'><strong><em>leyationem</em></strong></span> <span class='ocrx_word' id='word_1_366' title='bbox 1119 4416 1403 4495; x_wconf 84' lang='lat' dir='ltr'><strong><em>spectare</em></strong></span> <span class='ocrx_word' id='word_1_367' title='bbox 1431 4410 1677 4475; x_wconf 82' lang='lat' dir='ltr'><strong><em>videtur</em></strong></span> <span class='ocrx_word' id='word_1_368' title='bbox 1706 4409 1979 4494; x_wconf 86' lang='lat' dir='ltr'><strong><em>epistula</em></strong></span> <span class='ocrx_word' id='word_1_369' title='bbox 2006 4409 2356 4475; x_wconf 89' lang='lat' dir='ltr'><strong><em>Frontonis</em></strong></span> <span class='ocrx_word' id='word_1_370' title='bbox 2386 4409 2474 4474; x_wconf 83' lang='lat' dir='ltr'><strong><em>ad</em></strong></span> <span class='ocrx_word' id='word_1_371' title='bbox 2502 4411 2685 4474; x_wconf 87' lang='lat' dir='ltr'><strong><em>amic.</em></strong></span> <span class='ocrx_word' id='word_1_372' title='bbox 2719 4416 2776 4486; x_wconf 90' lang='lat'><strong><em>1,</em></strong></span> <span class='ocrx_word' id='word_1_373' title='bbox 2811 4415 2867 4475; x_wconf 91' lang='grc'><strong><em>7.</em></strong></span> <span class='ocrx_word' id='word_1_374' title='bbox 2937 4414 3294 4481; x_wconf 89' lang='lat' dir='ltr'><strong><em>Proconsul</em></strong></span> 
     </span>
     <span class='ocr_line' id='line_1_40' title="bbox 707 4511 3297 4604; baseline 0.001 -24"><span class='ocrx_word' id='word_1_375' title='bbox 707 4515 974 4581; x_wconf 91' lang='lat' dir='ltr'><strong><em>Africae</em></strong></span> <span class='ocrx_word' id='word_1_376' title='bbox 1015 4514 1149 4580; x_wconf 88' lang='lat' dir='ltr'><strong><em>Dio</em></strong></span> <span class='ocrx_word' id='word_1_377' title='bbox 1196 4520 1299 4591; x_wconf 88' lang='grc'><strong><em>72,</em></strong></span> <span class='ocrx_word' id='word_1_378' title='bbox 1343 4519 1461 4592; x_wconf 89' lang='grc'>11;</span> <span class='ocrx_word' id='word_1_379' title='bbox 1515 4512 1736 4578; x_wconf 91' lang='lat' dir='ltr'><strong><em>consul</em></strong></span> <span class='ocrx_word' id='word_1_380' title='bbox 1781 4514 1850 4578; x_wconf 91' lang='grc' dir='ltr'><strong><em>Π</em></strong></span> <span class='ocrx_word' id='word_1_381' title='bbox 1893 4536 1952 4581; x_wconf 92' lang='lat' dir='ltr'><strong><em>a.</em></strong></span> <span class='ocrx_word' id='word_1_382' title='bbox 2003 4514 2126 4579; x_wconf 85' lang='lat'><strong><em>183</em></strong></span> <span class='ocrx_word' id='word_1_383' title='bbox 2162 4533 2217 4580; x_wconf 84' lang='grc' dir='ltr'><strong><em>υ.</em></strong></span> <span class='ocrx_word' id='word_1_384' title='bbox 2263 4533 2481 4596; x_wconf 89' lang='lat' dir='ltr'><strong><em>supra,</em></strong></span> <span class='ocrx_word' id='word_1_385' title='bbox 2531 4511 2631 4577; x_wconf 88' lang='lat' dir='ltr'><strong><em>bis</em></strong></span> <span class='ocrx_word' id='word_1_386' title='bbox 2674 4512 2900 4578; x_wconf 91' lang='lat' dir='ltr'><strong><em>consul</em></strong></span> <span class='ocrx_word' id='word_1_387' title='bbox 2937 4517 3071 4595; x_wconf 89' lang='lat' dir='ltr'><strong><em>tit.,·</em></strong></span> <span class='ocrx_word' id='word_1_388' title='bbox 3114 4539 3297 4604; x_wconf 91' lang='lat' dir='ltr'><strong><em>prae-</em></strong></span> 
     </span>
     <span class='ocr_line' id='line_1_41' title="bbox 708 4615 3296 4701; baseline 0.002 -18"><span class='ocrx_word' id='word_1_389' title='bbox 708 4617 917 4683; x_wconf 86' lang='lat' dir='ltr'><strong><em>fectus</em></strong></span> <span class='ocrx_word' id='word_1_390' title='bbox 963 4618 1108 4683; x_wconf 89' lang='lat' dir='ltr'><strong><em>urbi</em></strong></span> <span class='ocrx_word' id='word_1_391' title='bbox 1157 4618 1286 4696; x_wconf 85' lang='lat' dir='ltr'><strong><em>tit.,·</em></strong></span> <span class='ocrx_word' id='word_1_392' title='bbox 1318 4618 1477 4682; x_wconf 89' lang='lat' dir='ltr'><strong><em>obiit</em></strong></span> <span class='ocrx_word' id='word_1_393' title='bbox 1520 4638 1689 4681; x_wconf 88' lang='lat' dir='ltr'><strong><em>anno</em></strong></span> <span class='ocrx_word' id='word_1_394' title='bbox 1734 4616 1871 4680; x_wconf 89' lang='lat' dir='ltr'><strong><em>fere</em></strong></span> <span class='ocrx_word' id='word_1_395' title='bbox 1915 4616 2036 4682; x_wconf 89' lang='grc'>185</span> <span class='ocrx_word' id='word_1_396' title='bbox 2074 4615 2207 4680; x_wconf 89' lang='lat' dir='ltr'><strong><em>Dio</em></strong></span> <span class='ocrx_word' id='word_1_397' title='bbox 2239 4616 2279 4681; x_wconf 85' lang='lat' dir='ltr'><strong><em>l.</em></strong></span> <span class='ocrx_word' id='word_1_398' title='bbox 2313 4616 2350 4681; x_wconf 81' lang='lat' dir='ltr'><strong><em>l.</em></strong></span> <span class='ocrx_word' id='word_1_399' title='bbox 2427 4615 2919 4698; x_wconf 80' lang='lat' dir='ltr'><strong><em>Praefecturam</em></strong></span> <span class='ocrx_word' id='word_1_400' title='bbox 2963 4640 3082 4701; x_wconf 77' lang='lat' dir='ltr'><strong><em>quo</em></strong></span> <span class='ocrx_word' id='word_1_401' title='bbox 3127 4642 3296 4689; x_wconf 88' lang='lat' dir='ltr'><strong><em>anno</em></strong></span> 
     </span>
     <span class='ocr_line' id='line_1_42' title="bbox 710 4718 3299 4805; baseline 0.002 -18"><span class='ocrx_word' id='word_1_402' title='bbox 710 4721 974 4805; x_wconf 84' lang='lat' dir='ltr'><strong><em>adeptus</em></strong></span> <span class='ocrx_word' id='word_1_403' title='bbox 1003 4722 1105 4799; x_wconf 89' lang='lat' dir='ltr'><strong><em>sit,</em></strong></span> <span class='ocrx_word' id='word_1_404' title='bbox 1139 4720 1271 4786; x_wconf 89' lang='lat' dir='ltr'><strong><em>Dio</em></strong></span> <span class='ocrx_word' id='word_1_405' title='bbox 1300 4741 1430 4786; x_wconf 90' lang='lat' dir='ltr'><strong><em>non</em></strong></span> <span class='ocrx_word' id='word_1_406' title='bbox 1456 4725 1724 4798; x_wconf 85' lang='lat' dir='ltr'><strong><em>narrat,·</em></strong></span> <span class='ocrx_word' id='word_1_407' title='bbox 1765 4718 2103 4784; x_wconf 82' lang='lat' dir='ltr'><strong><em>secundum</em></strong></span> <span class='ocrx_word' id='word_1_408' title='bbox 2128 4739 2312 4784; x_wconf 84' lang='lat' dir='ltr'><strong><em>usum</em></strong></span> <span class='ocrx_word' id='word_1_409' title='bbox 2342 4718 2516 4784; x_wconf 82' lang='lat' dir='ltr'><strong><em>illius</em></strong></span> <span class='ocrx_word' id='word_1_410' title='bbox 2545 4721 2777 4783; x_wconf 86' lang='lat' dir='ltr'><strong><em>aetatis</em></strong></span> <span class='ocrx_word' id='word_1_411' title='bbox 2804 4722 2942 4785; x_wconf 84' lang='lat' dir='ltr'><strong><em>veri</em></strong></span> <span class='ocrx_word' id='word_1_412' title='bbox 2971 4723 3178 4789; x_wconf 63' lang='lat' dir='ltr'><strong><em>siintte</em></strong></span> <span class='ocrx_word' id='word_1_413' title='bbox 3206 4731 3299 4791; x_wconf 83' lang='lat' dir='ltr'><strong><em>est</em></strong></span> 
     </span>
     <span class='ocr_line' id='line_1_43' title="bbox 712 4822 3298 4909; baseline 0.001 -19"><span class='ocrx_word' id='word_1_414' title='bbox 712 4825 1008 4909; x_wconf 83' lang='lat' dir='ltr'><strong><em>adeptum</em></strong></span> <span class='ocrx_word' id='word_1_415' title='bbox 1037 4845 1166 4890; x_wconf 88' lang='lat' dir='ltr'><strong><em>esse</em></strong></span> <span class='ocrx_word' id='word_1_416' title='bbox 1197 4824 1408 4890; x_wconf 84' lang='lat' dir='ltr'><strong><em>eodem</em></strong></span> <span class='ocrx_word' id='word_1_417' title='bbox 1454 4829 1726 4907; x_wconf 83' lang='lat' dir='ltr'><strong><em>tempore</em></strong></span> <span class='ocrx_word' id='word_1_418' title='bbox 1769 4828 1956 4904; x_wconf 79' lang='lat' dir='ltr'><strong><em>atque</em></strong></span> <span class='ocrx_word' id='word_1_419' title='bbox 1991 4822 2383 4887; x_wconf 80' lang='lat' dir='ltr'><strong><em>consulatum</em></strong></span> <span class='ocrx_word' id='word_1_420' title='bbox 2426 4822 2695 4886; x_wconf 85' lang='lat' dir='ltr'><strong><em>alterum</em></strong></span> <span class='ocrx_word' id='word_1_421' title='bbox 2738 4823 2834 4887; x_wconf 83' lang='lat' dir='ltr'><strong><em>vel</em></strong></span> <span class='ocrx_word' id='word_1_422' title='bbox 2862 4825 3070 4906; x_wconf 85' lang='lat' dir='ltr'><strong><em>paulo</em></strong></span> <span class='ocrx_word' id='word_1_423' title='bbox 3115 4833 3298 4908; x_wconf 86' lang='lat' dir='ltr'><strong><em>ante‚·</em></strong></span> 
     </span>
     <span class='ocr_line' id='line_1_44' title="bbox 711 4925 3295 5012; baseline 0.001 -19"><span class='ocrx_word' id='word_1_424' title='bbox 711 4934 953 5012; x_wconf 83' lang='lat' dir='ltr'><strong><em>tempus</em></strong></span> <span class='ocrx_word' id='word_1_425' title='bbox 973 4929 1196 4993; x_wconf 84' lang='lat' dir='ltr'><strong><em>mortis</em></strong></span> <span class='ocrx_word' id='word_1_426' title='bbox 1217 4927 1362 4993; x_wconf 83' lang='lat' dir='ltr'><strong><em>inde</em></strong></span> <span class='ocrx_word' id='word_1_427' title='bbox 1386 4928 1682 5011; x_wconf 74' lang='lat' dir='ltr'><strong><em>efficitur,</em></strong></span> <span class='ocrx_word' id='word_1_428' title='bbox 1705 4926 1876 5009; x_wconf 80' lang='lat' dir='ltr'><strong><em>quod</em></strong></span> <span class='ocrx_word' id='word_1_429' title='bbox 1898 4947 2037 4991; x_wconf 84' lang='lat' dir='ltr'><strong><em>eum</em></strong></span> <span class='ocrx_word' id='word_1_430' title='bbox 2064 4925 2273 4990; x_wconf 80' lang='lat' dir='ltr'><strong><em>eodem</em></strong></span> <span class='ocrx_word' id='word_1_431' title='bbox 2294 4926 2429 5008; x_wconf 81' lang='lat' dir='ltr'><strong><em>fere</em></strong></span> <span class='ocrx_word' id='word_1_432' title='bbox 2454 4931 2727 5009; x_wconf 85' lang='lat' dir='ltr'><strong><em>tempore</em></strong></span> <span class='ocrx_word' id='word_1_433' title='bbox 2750 4931 2937 5009; x_wconf 81' lang='lat' dir='ltr'><strong><em>atque</em></strong></span> <span class='ocrx_word' id='word_1_434' title='bbox 2952 4926 3295 4996; x_wconf 85' lang='lat' dir='ltr'><strong><em>Perennem</em></strong></span> 
     </span>
     <span class='ocr_line' id='line_1_45' title="bbox 707 5027 3295 5115; baseline 0 -19"><span class='ocrx_word' id='word_1_435' title='bbox 707 5032 804 5097; x_wconf 84' lang='lat' dir='ltr'><strong><em>vel</em></strong></span> <span class='ocrx_word' id='word_1_436' title='bbox 820 5031 1028 5115; x_wconf 88' lang='lat' dir='ltr'><strong><em>paulo</em></strong></span> <span class='ocrx_word' id='word_1_437' title='bbox 1059 5037 1206 5097; x_wconf 89' lang='lat' dir='ltr'><strong><em>ante</em></strong></span> <span class='ocrx_word' id='word_1_438' title='bbox 1237 5030 1598 5113; x_wconf 83' lang='lat' dir='ltr'><strong><em>defunctum</em></strong></span> <span class='ocrx_word' id='word_1_439' title='bbox 1628 5049 1754 5095; x_wconf 89' lang='lat' dir='ltr'><strong><em>esse</em></strong></span> <span class='ocrx_word' id='word_1_440' title='bbox 1784 5052 1860 5095; x_wconf 73' lang='lat' dir='ltr'><strong><em>ea:</em></strong></span> <span class='ocrx_word' id='word_1_441' title='bbox 1889 5028 2104 5095; x_wconf 87' lang='lat' dir='ltr'><strong><em>Dione</em></strong></span> <span class='ocrx_word' id='word_1_442' title='bbox 2135 5034 2423 5112; x_wconf 85' lang='lat' dir='ltr'><strong><em>apparet.</em></strong></span> <span class='ocrx_word' id='word_1_443' title='bbox 2456 5066 2533 5074; x_wconf 89' lang='lat'>—</span> <span class='ocrx_word' id='word_1_444' title='bbox 2566 5027 2960 5094; x_wconf 85' lang='lat' dir='ltr'><strong><em>Constitutio</em></strong></span> <span class='ocrx_word' id='word_1_445' title='bbox 2998 5030 3295 5097; x_wconf 85' lang='lat' dir='ltr'><strong><em>divorum</em></strong></span> 
     </span>
     <span class='ocr_line' id='line_1_46' title="bbox 721 5129 3304 5221; baseline 0 -20"><span class='ocrx_word' id='word_1_446' title='bbox 721 5136 935 5202; x_wconf 84' lang='lat' dir='ltr'><strong><em>Marci</em></strong></span> <span class='ocrx_word' id='word_1_447' title='bbox 981 5146 1044 5201; x_wconf 85' lang='lat' dir='ltr'><strong><em>et</em></strong></span> <span class='ocrx_word' id='word_1_448' title='bbox 1089 5133 1426 5202; x_wconf 84' lang='lat' dir='ltr'><strong><em>Commodi</em></strong></span> <span class='ocrx_word' id='word_1_449' title='bbox 1484 5134 1600 5219; x_wconf 88' lang='lat' dir='ltr'><strong><em>(sic</em></strong></span> <span class='ocrx_word' id='word_1_450' title='bbox 1641 5133 1712 5197; x_wconf 84' lang='lat' dir='ltr'><strong><em>in</em></strong></span> <span class='ocrx_word' id='word_1_451' title='bbox 1755 5131 1964 5199; x_wconf 84' lang='lat' dir='ltr'><strong><em>codice</em></strong></span> <span class='ocrx_word' id='word_1_452' title='bbox 2004 5131 2388 5209; x_wconf 73' lang='lat' dir='ltr'><strong><em>lastiniam,</em></strong></span> <span class='ocrx_word' id='word_1_453' title='bbox 2447 5129 2585 5195; x_wconf 81' lang='lat' dir='ltr'><strong><em>divi</em></strong></span> <span class='ocrx_word' id='word_1_454' title='bbox 2628 5130 2834 5196; x_wconf 89' lang='lat' dir='ltr'><strong><em>Marci</em></strong></span> <span class='ocrx_word' id='word_1_455' title='bbox 2879 5132 2952 5197; x_wconf 90' lang='lat' dir='ltr'><strong><em>in</em></strong></span> <span class='ocrx_word' id='word_1_456' title='bbox 2992 5131 3304 5221; x_wconf 69' lang='lat' dir='ltr'><strong><em>Diqestis)</em></strong></span> 
     </span>
    </p>
   </div>
  </div>
 </body>
</html>
