3859 5992
523 589 662 647 OOC
672 592 766 647 GE
776 591 894 649 IVS
1822 583 1949 651 427
2878 595 3238 654 COCCEIVS

644 790 823 856 Bure
845 792 1071 874 posuit
1103 814 1203 856 res
1233 792 1493 878 publica
1539 791 1878 876 [co]loniae
1914 795 1929 859 ἔ
1957 795 1972 858 1
2000 795 2015 859 ἔ
2042 795 2057 858 ἔ
2086 796 2101 859 !
2130 795 2145 858 ἔ
2184 793 2550 877 Augustae3
2590 814 2815 858 nomen
2844 795 3126 861 coloniae
3158 798 3239 861 ab

645 895 936 977 Auyusto
965 895 1177 959 nescio
1206 915 1327 976 quo
1360 895 1687 959 deductum
1716 916 1970 960 erasum
1999 901 2105 961 est.
2183 897 2468 960 Isitteras
2510 895 2685 960 tituli
2726 896 3084 962 W'lmanns
3126 901 3240 981 qui

647 996 810 1061 vidit
853 997 1029 1061 tertii
1069 996 1311 1061 saeculi
1350 996 1675 1062 iudicavit.
1705 1036 1791 1045 —
1819 998 1995 1063 Arta
2025 999 2393 1064 necessitate
2423 999 2791 1064 coniunctus
2820 1020 2959 1064 cum
2987 1000 3242 1067 Anim'is

648 1098 918 1164 Faustis
961 1119 1162 1181 supra
1200 1098 1266 1163 A
1307 1105 1635 1165 439-442.

520 1203 647 1267 962
692 1203 769 1267 L.
816 1201 1132 1268 Cocceius
1175 1202 1447 1287 Auctus,
1495 1203 1573 1269 L.
1606 1201 1866 1286 (Coccei
1914 1205 2005 1283 et)
2053 1203 2127 1269 C.
2175 1203 2465 1268 Postumi
2508 1202 2798 1287 libertus,
2846 1204 3240 1272 architectus

652 1306 867 1391 posuit
919 1309 961 1372 t.
1009 1303 1432 1370 Puteolanum
1483 1305 1557 1371 X
1597 1311 1775 1371 1614.
1865 1306 2182 1372 Cocceius
2244 1306 2636 1371 architectus
2691 1317 2901 1372 aetate
2959 1307 3239 1392 Augusti

653 1418 949 1493 cryptam
998 1409 1165 1472 inter
1209 1408 1545 1473 Avernum
1590 1407 1803 1474 lacum
1848 1420 1914 1473 et
1955 1408 2194 1474 Cumas
2239 1409 2394 1473 fecit
2439 1409 2677 1475 Strabo
2721 1414 2781 1485 5,
2827 1415 2886 1486 4,
2929 1415 2969 1475 5
3001 1433 3070 1494 Ρ.
3113 1417 3242 1479 245

642 1511 771 1591 (τοῦ
819 1508 1117 1598 Κοκκηίου
1162 1517 1266 1577 τοῦ
1310 1516 1663 1599 ποιήσαντος
1706 1515 1810 1598 τὴν
1855 1515 2114 1600 διώρυγα
2171 1514 2402 1599 ἐκείνην
2453 1537 2517 1577 τε
2576 1515 2675 1578 καὶ
2726 1514 2820 1577 ἐπὶ
2867 1511 3028 1580 Νέαν
3073 1516 3240 1582 πόλιν

651 1613 719 1678 ἐκ
781 1614 1198 1700 Δικαιαρχείας
1257 1616 1352 1680 ἐπὶ
1416 1622 1541 1687 ταῖς
1609 1613 1846 1694 Βαίαις,
1906 1616 2021 1679 ubi
2075 1615 2269 1681 ‘herba
2326 1620 2606 1680 extrema
2659 1635 2814 1680 num
2872 1635 3037 1681 sana
3091 1621 3237 1703 sint,

651 1715 1026 1802 dubitatur).

522 1817 649 1882 963
695 1827 757 1885 C.
806 1828 1165 1884 COCCEIVS
1217 1829 1526 1904 BALBVS,
1586 1822 1968 1908 αὐτοκράτωρ
2032 1850 2112 1874 2-
2172 1822 2525 1907 imperator
2575 1820 2836 1903 publice
2892 1822 3242 1888 honoratus

655 1926 697 1984 t.
742 1921 960 1988 Attico
1005 1920 1160 1988 OIA
1199 1923 1330 1988 III
1360 1928 1501 1989 571.
1573 1923 1942 2008 Imperator
1986 1929 2147 1988 certe
2190 1924 2367 1988 intra
2412 1946 2472 1989 a.
2505 1929 2848 1990 709-727
2875 1955 2957 1979 =
2985 1930 3244 1993 45-27

653 2046 713 2088 a.
755 2023 826 2089 0.
871 2026 953 2108 ef.
986 2026 1359 2103 Mommsen,
1395 2026 1795 2092 Staatsrecht
1824 2027 1908 2092 1⁸
1942 2049 2014 2110 Ρ.
2045 2031 2191 2103 125,
2238 2027 2512 2108 fortasse
2551 2027 2794 2109 leyatus
2824 2027 2924 2092 M.
2949 2027 3240 2094 Antonii.

522 2126 651 2191 964
694 2136 1050 2193 COCCEIVS
1085 2138 1510 2212 CASSIANVS‚
1542 2129 1939 2194 clarissimus
1970 2131 2094 2210 vir,
2131 2132 2241 2216 qui
2276 2128 2583 2194 Rufinam
2614 2132 2964 2213 ingenuam
2997 2130 3242 2196 honore

650 2227 842 2315 pleno
888 2230 1225 2317 dilexerat,
1272 2242 1561 2297 mortuus
1606 2243 1818 2298 aetate
1865 2232 2164 2318 Septimii
2210 2231 2437 2298 Severi
2482 2242 2546 2297 et
2582 2233 2897 2298 Antonini
2929 2231 3244 2318 Papinia-

648 2352 770 2398 nus
814 2334 1060 2417 Diyest.
1090 2339 1190 2412 34,
1224 2339 1284 2413 9,
1314 2340 1414 2412 16,
1449 2341 1508 2401 1.

523 2435 649 2500 965
694 2436 782 2504 Μ.
831 2435 1203 2521 Cocc(eius)
1249 2437 1575 2521 Genitalis,
1638 2439 1743 2502 vir
1784 2438 2120 2521 egregius,
2175 2447 2560 2523 procurator
2601 2435 3051 2521 Augustorum
3096 2461 3240 2525 pro·

650 2539 906 2604 vinciae
948 2540 1199 2605 Daciae
1245 2540 1701 2605 Porolissensis
1746 2540 1879 2606 III
1914 2540 1986 2606 S.
2035 2545 2203 2607 7662
2247 2545 2290 2605 t.
2340 2539 2757 2623 NapocensiS.

524 2639 652 2706 966
697 2640 1010 2707 Cocceius
1068 2642 1360 2708 Iulianus
1421 2643 1770 2728 Synesius,
1839 2641 2317 2726 Antiochenus‚
2385 2645 2416 2708 ὁ
2475 2646 2776 2728 κράτιστος
2835 2638 3239 2730 δουκηνάριος,

652 2747 924 2810 maritus
968 2744 1193 2811 Aeliae
1253 2745 1621 2828 Matronae,
1687 2756 1872 2832 pater
1916 2744 2150 2810 Coccei
2196 2745 2515 2809 Benniani
2561 2744 2612 2809 I
2613 2743 2728 2810 GI
2759 2749 2926 2810 1347
2966 2751 3009 2812 t.
3050 2748 3240 2813 urba-

650 2869 787 2913 nus.
835 2885 924 2895 —
965 2849 1288 2914 Incertum
1333 2853 1455 2926 est,
1501 2870 1652 2913 num
1695 2848 1860 2913 idem
1903 2849 1989 2913 sit
2032 2848 2347 2915 Cocceius
2392 2846 2717 2932 Iulianus,
2780 2847 3275 2916 frumentarius=

653 2951 827 3015 vices
873 2972 1072 3036 agens
1117 2952 1430 3038 principis
1476 2952 1970 3038 peregrinorum
2016 2951 2119 3017 VI
2148 2955 2336 3017 3326.

525 3052 651 3118 967
699 3063 1058 3119 COCCEIVS
1108 3054 1437 3138 [1]VSTVS‚
1482 3054 1828 3141 proconsul
1874 3053 2351 3137 (Macedoniae)
2395 3058 2782 3119 memoratur
2823 3055 2894 3119 in
2937 3059 2981 3119 t.
3013 3076 3242 3138 yraece

652 3158 889 3241 scripto
929 3157 1203 3239 Heuzey,
1250 3159 1343 3222 Le
1390 3157 1581 3222 Mont
1622 3156 1882 3240 Olympo
1927 3162 1986 3221 et
2028 3156 2448 3221 l’Aearnam‘e
2480 3177 2552 3239 Ρ.
2582 3160 2710 3220 487
2749 3178 2812 3222 n.
2845 3162 2948 3223 49.

547 3295 626 3304 -
697 3308 755 3324 ..
801 3268 1177 3324 LABEmvs
1227 3269 1305 3323 lv
1483 3258 1891 3343 [c]ocoslvs
1938 3268 2256 3322 LEP1Dvs
2301 3256 2756 3341 PRoc[VLvs].

524 3361 650 3427 968
697 3361 1011 3428 Cocceius
1042 3361 1503 3445 Minic[ianus],
1552 3360 1883 3426 rationalis
1916 3371 1981 3425 et
2012 3409 2196 3429 .....
2245 3360 2349 3426 VI
2373 3365 2536 3425 9031
2575 3365 2616 3424 t.
2647 3360 2935 3424 urbanus
2964 3360 3244 3437 nmtilua

653 3486 830 3548 quem
874 3467 1150 3531 correoeit
1193 3464 1440 3530 Hitlsen
1481 3464 1818 3529 Romische
1865 3463 2359 3547 Mittheiltmyen
2395 3463 2530 3528 III
2562 3461 2779 3543 (1888)
2812 3483 2885 3544 Ρ.
2918 3466 3071 3528 232.

524 3567 651 3632 969
694 3578 773 3633 Μ.
835 3576 1197 3633 COCCEIVS
1257 3575 1519 3633 NEPOS.
1631 3566 1880 3633 Titulus
1935 3568 2068 3632 eius
2126 3566 2471 3631 Ravennas
2525 3565 2646 3631 XI
2676 3570 2789 3642 13,
2857 3586 3236 3648 quamquam

651 3671 856 3736 medio
901 3692 1054 3736 aevo
1092 3671 1419 3735 restitutus
1462 3668 1731 3746 videtur,
1780 3669 2034 3734 omnino
2075 3669 2362 3734 smeerus
2405 3673 2514 3737 est.
2548 3705 2626 3714 —
2659 3667 2750 3733 M.
2782 3668 2849 3752 f.,
2902 3667 3076 3732 tribu
3106 3667 3245 3733 Pol.

782 3774 953 3839 Xvir
1007 3772 1290 3839 stlitibus
1351 3771 1749 3857 iudicandiS,
1819 3773 1996 3836 sevir
2061 3773 2353 3857 equitum
2410 3773 2878 3855 Romanorum,
2949 3771 3248 3836 tribunus

657 3875 938 3941 militum
991 3875 1265 3959 legionis
1310 3876 1412 3941 XI
1456 3874 1803 3959 Claudiae,
1865 3883 2202 3961 quaestor,
2264 3872 2517 3958 legatus
2562 3896 2679 3959 pro
2719 3897 2821 3960 pr.
2867 3876 3245 3959 provinciae

660 3978 942 4063 Siciliae,
990 3979 1288 4044 tribunus
1333 3978 1542 4065 plebis
1594 3978 1971 4062 designatus
2017 3977 2255 4043 titulus

529 4084 657 4150 970
702 4093 768 4147 L.
830 4090 1189 4147 COCCEIVS
1252 4091 1543 4165 NERVA,
1608 4079 1828 4146 consul
1877 4079 2245 4164 (suffectus)
2291 4102 2461 4145 anno
2509 4081 2632 4146 715
2676 4109 2761 4134 =
2804 4081 2887 4145 39
2932 4102 2990 4143 a.
3038 4077 3112 4144 C.
3164 4115 3243 4126 —

660 4184 782 4270 [L.]
842 4184 1154 4251 Cocceius
1212 4185 1370 4267 fasti
1424 4184 1699 4248 minores
1759 4182 1944 4248 VIII
1979 4180 2129 4248 CIL
2168 4183 2251 4249 1³
2285 4205 2357 4266 Ρ.
2405 4187 2486 4248 65
2542 4184 2612 4247 in
2673 4182 3037 4248 consulatus
3080 4181 3250 4246 indi-

659 4290 937 4366 catione‚·
980 4288 1058 4353 L.
1106 4286 1417 4353 Cocceius
1460 4286 1683 4351 Nerva
1720 4284 2085 4368 Porphyrio
2118 4307 2191 4368 Ρ.
2222 4290 2350 4352 215
2394 4285 2489 4351 ed.
2524 4286 2763 4369 Meyer,
2812 4285 2890 4349 L.
2937 4283 3249 4350 Cocceius

658 4391 943 4475 Appiam.
992 4391 1131 4458 bell.
1179 4392 1293 4456 civ.
1336 4396 1395 4469 5,
1439 4395 1541 4467 60,
1590 4389 1903 4455 Cocceius
1950 4389 2126 4473 apud
2168 4390 2534 4456 Horatium.

787 4494 1055 4558 Amicus
1115 4493 1413 4559 Caesaris
1472 4503 1536 4558 et
1594 4493 1683 4559 M.
1729 4492 2000 4557 Antonii
2061 4503 2304 4558 aestate
2362 4493 2517 4558 anni
2564 4492 2688 4557 713
2733 4521 2815 4545 =
2861 4492 2935 4558 41
3006 4490 3088 4556 ab
3136 4490 3247 4556 illo

662 4596 743 4660 ad
790 4597 1148 4662 Antonium
1193 4598 1262 4661 in
1308 4596 1504 4682 Syria
1546 4606 1844 4680 agentem
1889 4598 2123 4661 missus
2168 4596 2432 4679 (scilicet
2474 4596 2550 4661 ob
2595 4593 2959 4660 seditionem
3003 4595 3081 4659 L.
3112 4593 3252 4660 An-

661 4700 845 4785 tonii)
890 4709 955 4763 et
998 4700 1358 4766 Antonium
1420 4721 1590 4764 anno
1652 4700 1949 4785 sequenti
2005 4700 2071 4762 in
2115 4698 2373 4764 Italiam
2432 4698 2773 4763 comitatus
2824 4695 3000 4783 apud
3044 4698 3251 4762 Brun-

660 4801 897 4867 disium
956 4804 1304 4868 amicitiam
1355 4812 1420 4867 et
1463 4801 1696 4866 foedus
1743 4802 1912 4867 inter
1955 4802 2330 4866 triumviros
2375 4802 2738 4887 composuit
2771 4798 3058 4884 ΑΡΡίωη.
3108 4799 3247 4867 bell.

665 4906 778 4970 civ.
809 4910 869 4982 5,
901 4910 1133 4970 60-64.
1209 4904 1451 4971 Consul
1498 4926 1668 4968 anno
1702 4905 1826 4971 715
1851 4914 1944 4957 ‘=
1973 4905 2056 4969 39
2087 4925 2141 4970 v.
2172 4924 2390 4987 supra.
2464 4904 2657 4968 Anno
2692 4907 2815 4966 717
2838 4932 2922 4956 =
2950 4906 3037 4967 37
3076 4902 3251 4967 Mae-

664 5029 856 5072 cenas
898 5018 964 5073 et
992 5007 1307 5074 Cocceius
1346 5009 1550 5073 ‘missi
1582 5007 1834 5091 magnis
1865 5005 1948 5070 de
1979 5007 2171 5072 rebus
2205 5016 2474 5094 uterque
2511 5006 2730 5089 legati,
2775 5026 3038 5071 aversos
3083 5003 3254 5069 soliti

663 5131 1048 5197 componere
1085 5113 1349 5176 amicos’
1386 5109 1809 5176 Brundisium
1854 5108 2127 5195 profecti
2174 5120 2327 5174 sunt
2355 5109 2590 5174 Horat.
2623 5113 2744 5176 sat.
2775 5112 2833 5185 1,
2865 5112 2906 5173 5
2934 5128 2989 5174 υ.
3014 5112 3108 5174 27
3123 5127 3252 5190 sqq.

666 5223 731 5277 et
756 5211 985 5278 foedus
1016 5214 1187 5277 inter
1217 5215 1594 5279 triumviros
1633 5221 2032 5278 renovarunt
2060 5211 2377 5298 (Tarentz)
2410 5212 2774 5296 Porphyrio
2804 5211 2844 5276 l.
2879 5210 2920 5275 l.
2952 5209 3030 5274 T.
3065 5209 3255 5273 Livio
