3859 5992
617 524 996 581 AVRELIVS
1907 518 2037 584 204
2951 526 3324 582 AVRELIVS

872 722 1066 789 Hunc
1086 746 1217 789 non
1235 723 1438 789 solum
1464 725 1726 789 nomina
1746 725 2009 790 Aurelii
2033 723 2255 792 Cottae
2274 725 2626 809 sumpsisse,
2648 723 2761 789 sed
2783 724 2974 789 etiam
2995 722 3327 807 adoptione

745 827 816 891 in
860 826 1111 891 domum
1139 826 1483 892 Aureliam
1526 826 1858 892 transiisse
1901 848 2043 892 cum
2086 828 2412 910 confirmet
2451 825 2798 892 scholiasta
2839 825 3068 904 Persii,
3110 847 3322 909 quam-

741 951 934 1013 quam
975 929 1237 995 Ovidius
1268 934 1513 994 tantum
1544 929 1945 995 naturalium
1977 931 2487 1013 propinquorum
2515 931 2814 1006 meminit,
2856 950 2985 994 non
3009 928 3183 995 video
3212 949 3323 993 cur

741 1032 1101 1115 neyandum
1138 1034 1241 1097 sit.
1332 1032 1580 1117 Optime
1617 1035 1783 1098 enim
1814 1033 2254 1098 consuetudini
2280 1033 2604 1098 clararum
2628 1033 2910 1116 qetitium
2938 1033 3073 1098 eius
3099 1030 3323 1096 aetatis

746 1137 1045 1213 convenit,
1091 1140 1164 1200 ut
1202 1135 1531 1214 Corvinus,
1577 1157 1718 1201 cum
1748 1135 1904 1201 duos
1932 1135 2104 1219 filios
2132 1135 2409 1213 baberet,
2457 1135 2738 1202 alterwm
2774 1134 3041 1201 Aurelio
3077 1133 3322 1201 cuidam

747 1238 969 1305 Cottae
1007 1239 1145 1303 viro
1188 1239 1394 1304 nobili
1435 1239 1654 1304 liberis
1696 1241 1944 1304 carenti
1985 1241 2054 1304 in
2095 1238 2495 1322 adoptionem
2537 1238 2735 1307 daret.

874 1341 964 1408 M.
1031 1341 1074 1406 f.
1135 1340 1271 1406 Dio
1327 1341 1519 1407 indes:
1570 1342 1610 1406 l.
1655 1346 1756 1409 57.
1860 1341 2105 1408 Consul
2163 1365 2333 1407 anno
2394 1343 2479 1408 20
2539 1343 2716 1424 fasti.
2817 1340 3185 1408 Sententiae
3240 1338 3323 1404 ab

746 1467 820 1508 eo
867 1445 935 1508 in
980 1455 1210 1510 senatu
1253 1444 1466 1509 dictae
1511 1466 1680 1509 anno
1732 1447 1810 1510 16
1862 1444 2011 1510 Tac.
2060 1467 2121 1510 a.
2160 1449 2227 1523 2,
2258 1450 2368 1522 32,
2414 1468 2471 1509 a.
2511 1446 2596 1511 24
2637 1444 2768 1511 ibd.
2800 1449 2859 1521 4,
2892 1446 3000 1521 20,
3046 1464 3213 1508 anno
3243 1442 3324 1507 29

746 1546 870 1612 ibd.
902 1552 963 1625 5,
992 1551 1066 1627 3,·
1111 1558 1451 1613 accusatus
1497 1570 1537 1612 a
1580 1546 1845 1612 Tiberio
1891 1547 2197 1613 defensus
2242 1571 2300 1616 a.
2346 1550 2429 1614 32
2475 1548 2604 1613 ibd.
2647 1553 2706 1625 6,
2746 1552 2808 1616 5.
2849 1552 2909 1612 7.
2983 1547 3198 1630 Egens
3240 1543 3321 1609 ob

744 1648 990 1733 luxum,
1039 1673 1155 1737 per
1185 1650 1434 1735 flagitia
1470 1650 1732 1716 infamis
1760 1651 1889 1716 ibd.
1920 1656 1980 1728 6,
2019 1657 2074 1716 7.
2147 1651 2544 1717 Liberalitas
2571 1651 2995 1734 praedicatur
3034 1648 3104 1714 in
3145 1645 3324 1712 titulo

743 1752 989 1831 liberte,
1046 1755 1118 1818 in
1172 1754 1533 1818 hominibus
1588 1754 1908 1819 nobilibus
1955 1759 2014 1819 et
2059 1754 2431 1820 liberalibus
2475 1749 2733 1833 (aetatis
2775 1753 3076 1836 Auyustz)
3129 1750 3324 1816 nomi-

740 1861 938 1921 natur
968 1856 1254 1921 Iuvenal.
1299 1862 1355 1934 7,
1387 1861 1487 1933 95,
1534 1856 1633 1942 (ut
1674 1857 1856 1941 vulyo
1886 1862 2163 1940 putatur
2206 1859 2398 1921 etiam
2440 1862 2499 1934 5,
2532 1861 2656 1921 108
2696 1856 2807 1921 sed
2847 1855 2970 1932 hic,
3011 1854 3126 1919 ubi
3164 1873 3325 1918 com-

738 1963 1071 2044 ponuntur
1104 1959 1390 2038 ‘Seneca,
1423 1958 1579 2025 Piso
1612 1960 1826 2037 bonus,
1870 1960 2081 2026 Cotta‘
2116 1961 2348 2025 rectius
2385 1959 2544 2024 mibi
2571 1958 2646 2024 de
2674 1960 3032 2042 posteriore
3060 1955 3324 2040 quodam

740 2061 926 2129 Cotta
971 2062 1397 2128 Claudiorum
1441 2063 1674 2127 aetatis
1718 2063 2125 2147 coyitandum
2169 2082 2297 2128 esse
2338 2062 2588 2128 videtur
2631 2064 2713 2145 cf.
2756 2061 2823 2125 A
2867 2060 3075 2144 1235).
3162 2058 3325 2124 Tam

741 2167 1006 2231 vitiosos
1054 2164 1272 2231 oculos
1317 2168 1386 2230 in
1426 2176 1758 2231 senectute
1804 2165 2066 2249 habuit,
2131 2176 2202 2230 ut
2261 2163 2608 2252 palpebrae
2653 2167 2792 2230 eius
2837 2167 2904 2228 in
2949 2164 3325 2228 exteriorem

745 2278 994 2355 partem
1041 2277 1484 2351 verterentur3
1530 2267 1657 2333 fuit
1697 2269 1869 2333 enim
1912 2278 1978 2333 et
2025 2267 2239 2333 multis
2271 2265 2528 2332 deditus
2557 2268 2732 2332 vitiis
2763 2265 2953 2334 schol.
2984 2265 3211 2331 Persii.
3245 2302 3325 2313 —

741 2372 1025 2438 Patruus
1069 2373 1276 2435 maior
1322 2368 1566 2434 Lolliae
1611 2368 1928 2435 Paulinae
1967 2371 2116 2437 Tac.
2158 2392 2220 2435 a.
2259 2376 2364 2446 12,
2396 2374 2509 2437 22.
2545 2406 2627 2416 -
2662 2370 2984 2435 Incertum
3025 2373 3135 2446 est,
3178 2387 3327 2433 num

742 2474 907 2539 idem
952 2473 1399 2557 intelleqendus
1432 2475 1520 2538 sit
1568 2473 1956 2539 Messalinus
2002 2496 2038 2538 e
2081 2473 2531 2539 consularibus
2579 2473 2868 2558 patriciis
2915 2469 3321 2536 hirudinibus

739 2579 989 2642 occisus
1026 2576 1201 2642 Plin.
1231 2600 1293 2641 n.
1322 2576 1383 2642 h.
1413 2582 1523 2655 32,
1556 2582 1703 2644 123.

873 2688 1139 2753 Amicus
1171 2687 1411 2771 Ovidii,
1459 2691 1572 2776 qui
1620 2688 1704 2754 ad
1751 2711 1899 2753 eum
1944 2690 2204 2776 scripsit
2246 2689 2552 2776 epistulas
2598 2711 2682 2754 ex
2723 2689 2930 2754 Ponto
2963 2691 3023 2764 1,
3050 2690 3093 2752 5
3106 2705 3128 2764 ,·
3167 2690 3225 2762 1,
3255 2687 3331 2762 9,-

737 2799 803 2869 2,
848 2796 923 2868 3;
979 2796 1045 2868 2,
1088 2795 1165 2868 8,·
1221 2796 1281 2867 3,
1328 2798 1410 2870 2;
1465 2796 1523 2868 3,
1571 2796 1631 2857 5.
1737 2790 2123 2856 Orationem
2180 2789 2264 2855 ab
2319 2813 2394 2855 eo
2456 2792 2520 2855 in
2580 2789 2821 2855 iudicio
2880 2785 3324 2854 centumvirali

739 2893 1033 2959 habitam
1080 2892 1240 2977 legit
1292 2892 1570 2959 Ovidius
1623 2893 1845 2959 Tomis
1903 2915 1983 2958 ex
2038 2892 2247 2959 Ponto
2298 2898 2359 2970 3,
2410 2897 2469 2971 5,
2519 2899 2562 2958 7
2601 2912 2767 2976 sqq.,·
2830 2892 3120 2956 carmina
3179 2889 3330 2954 fecit

736 2996 864 3063 ibd.
895 3002 955 3073 3,
987 2999 1045 3074 5,
1075 3001 1160 3062 37
1184 3017 1311 3080 sqq.
1358 2999 1441 3080 cf.
1472 3003 1531 3073 4,
1562 3003 1662 3074 16,
1693 3003 1794 3064 41.
1862 2997 2113 3062 Auctor
2157 2995 2353 3062 Plinii
2394 2996 2570 3065 Plin.
2613 3018 2677 3062 n.
2721 2995 2783 3061 h.
2829 2995 2959 3063 ind.
3006 2993 3048 3059 l.
3094 2999 3193 3059 14.
3223 2998 3321 3058 152

741 3102 1084 3164 inventum
1129 3101 1580 3185 coquinarium
1625 3103 1764 3166 eius
1808 3099 1938 3166 ibd.
1981 3105 2076 3177 10,
2121 3104 2228 3166 52.

865 3210 1171 3275 Diversos
1215 3231 1345 3276 esse
1383 3211 1638 3277 Cottam
1667 3211 2090 3277 Messalinum
2127 3215 2188 3277 et
2218 3211 2316 3280 M
2348 3210 2685 3276 Aurelium
2721 3209 2972 3276 Cottam
3015 3208 3324 3275 consulem

740 3336 800 3378 a.
845 3319 934 3380 20
979 3318 1039 3378 et
1081 3313 1246 3378 bunc
1291 3314 1540 3396 quidem
1581 3314 1791 3398 filium
1833 3314 2012 3380 illius
2055 3315 2284 3379 statuit
2327 3312 2696 3400 Nipperdey
2740 3312 2829 3378 ad
2874 3312 3022 3378 Tac.
3070 3334 3128 3376 a.
3173 3316 3233 3389 3,
3277 3317 3326 3379 2

738 3438 814 3480 ea
854 3438 944 3493 re,
1002 3421 1076 3480 ut
1134 3417 1380 3499 opinor,
1440 3421 1676 3494 motus,
1740 3417 1908 3500 quod
1966 3416 2227 3482 Tacitus
2286 3417 2598 3482 consulem
2652 3416 2743 3481 M.
2788 3414 3130 3482 Aurelium
3172 3420 3231 3492 3,
3276 3420 3327 3481 2

739 3517 1077 3584 Aurelium
1118 3518 1375 3585 Cottam
1418 3524 1477 3596 3,
1520 3525 1606 3584 17
1646 3519 1818 3597 dicit,
1868 3525 2095 3585 contra
2140 3519 2310 3584 alias
2352 3539 2594 3602 semper
2633 3521 2838 3585 utitur
2866 3518 3060 3585 Cotta
3087 3517 3324 3582 Messa-

733 3618 886 3687 lino,
990 3621 1124 3687 Sed
1175 3627 1249 3686 ut
1293 3643 1614 3704 ponamus
1681 3623 1972 3689 Tacitum
2032 3644 2104 3687 re
2167 3644 2319 3687 vera
2383 3622 2540 3687 duos
2603 3622 2882 3687 homines
2943 3620 3326 3704 distinyuere

734 3723 1002 3789 voluisse
1021 3774 1037 3801 ,
1106 3725 1395 3790 Tacitum
1454 3746 1699 3791 errasse
1755 3724 2161 3791 statuendum
2210 3730 2317 3792 est.
2406 3724 2594 3790 Fieri
2634 3727 2798 3790 enim
2839 3726 2947 3789 vir
2975 3724 3210 3808 potuit,
3253 3727 3327 3787 ut

740 3825 928 3891 Cotta
975 3826 1369 3892 Messalinus
1425 3850 1485 3894 a.
1531 3833 1619 3894 20
1667 3827 1927 3894 baberet
1972 3828 2181 3913 filium
2239 3830 2470 3893 aetatis
2528 3827 2899 3904 consularis,
2947 3828 3174 3910 quippe
3216 3827 3329 3908 qui

736 3930 867 4011 ipse
897 3930 1209 3995 diceretur
1244 3932 1544 3995 ‘iuvenis‘
1582 3932 1664 3996 ab
1710 3930 1935 3998 Ovidio
1981 3933 2050 3996 in
2095 3930 2383 4014 epistulis
2420 3952 2496 3994 ex
2526 3929 2729 3995 Ponto
2764 3931 2943 3994 intra
2980 3951 3040 3997 a.
3072 3933 3329 3995 12-17

732 4034 991 4114 scriptis
1031 4039 1097 4108 2,
1142 4037 1204 4109 3,
1245 4037 1358 4111 55,·
1400 4038 1459 4110 3,
1506 4039 1573 4111 2,
1622 4039 1676 4101 7.
1718 4038 1818 4098 37.
1904 4033 2064 4098 Cum
2106 4037 2314 4098 autem
2360 4033 2594 4115 absque
2636 4054 2709 4098 eo
2750 4031 2970 4096 domus
3000 4030 3327 4098 Cottarum

735 4134 1079 4198 interitura
1120 4134 1339 4215 fuerit,
1385 4156 1464 4200 ne
1505 4135 1580 4200 de
1625 4135 1756 4201 alio
1800 4135 2048 4217 quidem
2080 4134 2265 4201 Cotta
2309 4154 2430 4200 cos.
2478 4156 2540 4202 a.
2578 4138 2665 4201 20
2708 4135 2982 4217 coyitari
3009 4137 3240 4217 potest.

611 4252 775 4317 1237
823 4251 1129 4317 Aurelius
1164 4253 1270 4317 Da
1293 4304 1307 4318 .
1336 4305 1350 4318 .
1380 4305 1394 4320 .
1420 4305 1468 4337 .,
1520 4254 1882 4342 [pra]e8(es)
1915 4255 2347 4341 prov(ineiae)
2379 4253 2641 4338 Ma[ur.]
2673 4252 2890 4339 [Sitit]
2924 4253 3193 4337 Ephcm.
3231 4273 3325 4336 cp.

734 4358 793 4430 5,
842 4359 961 4419 941
1007 4360 1050 4420 t.
1098 4355 1446 4437 Sitifensis.

611 4472 773 4538 1238
814 4473 902 4539 M.
936 4472 1243 4538 Aurelius
1274 4474 1604 4553 Decimus,
1650 4478 1754 4540 vir
1798 4477 2306 4562 perfectissimus
2353 4477 2669 4563 p(raeses)
2703 4474 3134 4563 p(rovinciae)
3164 4472 3325 4555 N(u·

730 4575 994 4657 midiae)
1057 4599 1111 4644 a.
1176 4577 1455 4642 2831‘284
1517 4580 1586 4643 in
1645 4583 1687 4642 t.
1752 4579 2118 4645 Numidicis
2178 4579 2364 4645 VIII
2396 4584 2592 4645 2529.
2649 4583 2836 4645 2530.
2893 4582 3079 4644 2643.
3139 4581 3324 4643 2663.

732 4683 902 4746 2678
918 4678 1029 4761 (9).
1079 4684 1266 4745 2717.
1311 4685 1504 4747 4221.
1552 4684 1748 4747 4222.
1795 4684 1980 4747 4578.
2029 4686 2213 4759 7002,
2278 4681 2462 4747 VIII
2493 4682 2564 4748 S.
2610 4684 2841 4757 18288,
2901 4703 2984 4745 ex
3035 4681 3328 4766 principe

732 4783 1220 4870 peregrinorum
1270 4782 1454 4848 VIII
1476 4788 1672 4849 2529.
1717 4788 1903 4850 2663.
1949 4787 2120 4849 2678
2136 4783 2251 4868 (ἓ).
2296 4787 2483 4849 4578.
2530 4788 2717 4861 7002,
2766 4783 2951 4849 VIII
2986 4782 3057 4848 S.
3092 4785 3327 4850 18288.

605 4904 770 4968 1239
816 4899 1180 4985 Aur(elius)
1233 4903 1608 4988 DionysiuS,
1659 4913 2045 4989 procurator
2088 4903 2366 4987 Augusti
2413 4904 2546 4968 III
2575 4908 2696 4969 535
2739 4908 2781 4969 t.
2829 4900 3213 4970 Corinthius.

608 5026 776 5090 1240
819 5032 899 5086 Μ.
931 5024 1367 5108 AVROELIVS)
1400 5032 1842 5107 DVBITATVS,
1887 5026 1994 5088 vir
2028 5024 2444 5106 clarissimus,
2484 5022 2779 5109 plurimis
2822 5020 3094 5087 militiae
3135 5021 3328 5087 hono-

740 5125 919 5193 ribus
965 5125 1230 5192 funetus
1278 5125 1546 5192 V4870.
