3859 5992
602 563 983 622 AVRELIVS
1897 552 2023 617 206
2944 554 3324 616 AVRELIVS

736 760 850 826 filii
898 770 1110 826 statua
1154 761 1210 824 ei
1254 758 1519 823 decreta
1564 767 1662 821 est
1703 757 1830 823 ibd.
1869 761 1930 833 5,
1977 761 2044 822 2.
2135 754 2529 820 Nominatur
2583 755 2688 823 VI
2717 761 2899 835 9355,
2945 758 3065 822 ubi
3103 779 3329 823 memo-

738 868 927 928 ratur
991 861 1385 945 das-pensator
1449 860 1759 924 Boioniae
1824 856 2146 923 Procillae
2211 867 2276 922 et
2342 856 2570 922 Aureli
2637 857 2855 924 Fulvi.
2919 896 3003 907 —
3069 860 3332 925 Videtur

740 965 955 1030 consul
996 964 1361 1029 ordinamus
1403 963 1602 1044 fuisse
1647 983 1707 1025 a.
1737 964 1839 1038 89,
1891 962 2069 1025 ouius·
2114 962 2273 1024 anni
2314 960 2598 1025 consules
2637 963 3055 1026 nominantur
3082 961 3330 1026 Fulvus

741 1078 806 1131 et
834 1066 1176 1131 Atratinus
1219 1064 1322 1131 VI
1340 1068 1508 1130 9326
1550 1063 1721 1147 (item
1764 1067 1927 1127 recte
1961 1061 2505 1145 Chronoyraphus
2544 1063 2627 1145 of.
2659 1062 2912 1146 fastos),
2945 1065 3331 1148 praesertim

741 1190 881 1234 owm
922 1173 1189 1252 praeter
1234 1167 1555 1248 familiam
1598 1166 2003 1249 imperatoris
2046 1164 2160 1229 Pii
2210 1163 2394 1229 nulla
2438 1165 2575 1229 alia
2625 1185 2782 1247 qens
2821 1165 3060 1232 nobilis
3099 1169 3330 1231 aetatis

738 1271 1187 1355 imperatoriae
1232 1268 1436 1333 adhuc
1480 1268 1840 1345 innotuerit,
1887 1268 1994 1331 eui
2034 1271 2192 1332 esset
2234 1287 2569 1350 coynomen
2610 1266 2834 1336 Fulvi.

617 1393 781 1458 1255
829 1399 895 1454 T.
927 1396 1301 1453 AVRELIVS
1332 1396 1640 1470 FVLVVS,
1677 1385 1902 1452 consul
1937 1386 1971 1450 I
1998 1409 2053 1450 a.
2085 1387 2168 1451 85
2200 1408 2353 1451 eum
2384 1388 2776 1472 imperatore
2807 1387 3185 1454 Domitiano
3210 1389 3333 1456 XI.

746 1493 1151 1558 Memoratur
1204 1491 1273 1554 in
1331 1489 1533 1555 titulis
1580 1489 1863 1573 yemellis
1907 1489 2140 1554 Ziatae
2182 1489 2529 1554 Armeniae
2571 1490 2840 1555 maioris
2882 1491 3155 1573 repertis
3196 1491 3332 1556 HJ

745 1597 815 1663 S.
862 1599 1023 1660 6741
1067 1591 1176 1676 (1).
1221 1598 1389 1658 6742
1432 1592 1561 1675 (2);
1618 1594 1688 1656 in
1730 1593 1914 1656 tertio
1967 1591 2242 1656 eiusdem
2287 1592 2460 1657 tituli
2502 1592 2780 1676 extemplo
2826 1592 2961 1658 III
2994 1592 3066 1658 S.
3108 1597 3332 1659 674211

740 1698 1004 1762 nomina
1044 1695 1233 1759 huius
1267 1695 1597 1777 perierunt
1625 1698 1892 1776 praeter
1936 1691 2211 1778 [Fu]lvo.

871 1800 957 1864 In
1014 1796 1378 1862 consulatu:
1433 1795 1683 1861 Fulvus
1742 1796 1919 1877 fasti.
1967 1836 2044 1845 —
2105 1797 2183 1866 Τ.
2229 1796 2539 1861 Aurelius
2592 1795 2842 1862 Fulvus
2907 1802 2946 1862 t.
2995 1803 3053 1863 1.
3098 1803 3183 1875 2,·
3225 1800 3332 1868 vit.

751 1901 866 1966 Pii
893 1906 952 1976 1,
984 1904 1032 1965 2
1045 1920 1064 1976 ;
1104 1898 1356 1963 Fulvus
1388 1896 1689 1980 (Fulvius
1731 1896 2037 1979 traditur)
2073 1896 2383 1963 Aurelius
2422 1898 2570 1963 Tac.
2602 1898 2663 1963 h.
2694 1903 2754 1977 1,
2789 1904 2888 1965 79.
2943 1937 3013 1947 -
3061 1899 3336 1984 Origine

746 2002 1202 2069 Nemausensis
1244 2002 1353 2064 vit.
1402 1999 1515 2064 Pii
1558 2000 1598 2064 l.
1647 1999 1686 2064 l.
1773 2000 2062 2083 Legatus
2106 1998 2277 2085 Aug.
2331 2000 2604 2084 legionis
2657 2002 2758 2067 III
2811 2002 3105 2069 Gallicae
3147 2025 3206 2070 a.
3251 2004 3338 2067 64

748 2111 789 2170 t.
840 2111 897 2172 1.
942 2111 1024 2183 2,·
1089 2126 1147 2170 a.
1193 2104 1277 2169 69
1334 2101 1585 2185 legatus
1643 2101 1917 2187 legionis
1978 2102 2266 2168 eiusdem
2327 2104 2409 2170 ob
2468 2126 2573 2169 res
2631 2103 2949 2170 adversus
3004 2106 3337 2171 Sarmatas

742 2209 908 2273 bene
958 2218 1171 2291 gestas
1217 2206 1300 2270 ab
1345 2207 1732 2292 imperatore
1777 2204 2036 2271 Othone
2089 2205 2541 2272 consularibus
2601 2210 2998 2274 ornamentis
3056 2207 3337 2275 donatus

754 2312 902 2379 Tac.
949 2310 989 2375 l.
1039 2310 1114 2387 l.‚·
1171 2306 1396 2373 consul
1441 2309 1475 2373 I
1519 2332 1577 2373 a.
1624 2309 1707 2375 85
1759 2310 1954 2391 fasti,·
1999 2331 2114 2396 per
2158 2308 2437 2375 honores
2490 2309 2781 2376 diversos
2834 2311 2917 2376 ad
2979 2312 3336 2377 secundum

747 2411 1152 2478 consulatum
1216 2424 1280 2475 et
1338 2411 1812 2497 praefecturam
1864 2411 2047 2477 urbis
2103 2414 2401 2498 pervenit
2444 2410 2776 2491 (incertum
2820 2435 2941 2496 quo
2987 2420 3182 2501 anno)
3226 2417 3337 2480 vit.

748 2515 862 2580 Pii
904 2515 944 2582 l.
991 2515 1030 2582 Z.
1077 2552 1153 2560 —
1203 2515 1398 2578 Pater
1448 2513 1698 2579 Aurelii
1760 2513 1953 2579 Fulvi
2012 2514 2294 2579 consulis
2354 2515 2440 2597 (a.
2487 2516 2571 2580 89
2591 2514 2688 2600 P),
2751 2539 2914 2581 avus
2958 2517 3035 2582 T.
3083 2516 3337 2583 Aurelii

748 2617 940 2683 Fulvi
985 2617 1161 2682 Arrii
1209 2616 1461 2680 Boionii
1510 2617 1825 2681 Antonini
1871 2620 1983 2703 qui
2032 2618 2378 2704 imperavit
2419 2617 2549 2683 ibd.

624 2741 788 2805 1256
833 2748 912 2801 M.
958 2745 1332 2800 Avnnmvs
1392 2746 1681 2801 FVvas
1732 2746 2201 2822 ANTONINVS,
2264 2736 2437 2803 filius
2497 2740 2650 2826 imp.
2697 2737 2997 2806 Caesaris
3040 2739 3117 2807 Τ.
3161 2740 3336 2806 Aelii

750 2839 1068 2906 Hadriani
1106 2838 1421 2903 Antonini
1468 2838 1639 2922 Aug.
1688 2840 1790 2904 Pii
1836 2861 1895 2925 p.
1945 2862 2006 2925 p.
2054 2839 2156 2906 VI
2186 2844 2313 2907 988
2371 2845 2411 2909 t.
2457 2841 2834 2924 sepulcralis
2893 2845 2964 2908 in
3019 2845 3338 2910 mausoleo

749 2943 1100 3010 Hadriani.
1188 2941 1291 3007 De
1334 2946 1606 3026 tempore
1648 2945 1872 3008 mortis
1913 2943 2053 3007 vide
2102 2944 2166 3008 in
2195 2949 2411 3027 patre.

627 3065 792 3131 1257
839 3071 1294 3127 T.AVREL1VS
1318 3072 1605 3127 FVLVVS
1632 3071 1982 3128 BOIONIVS
2000 3072 2272 3128 ARRIVS
2296 3073 2728 3130 ANTONINVS
2754 3095 2838 3120 =
2859 3075 3013 3130 IMP.
3043 3076 3340 3132 CAESAR

750 3177 816 3231 T.
862 3173 1133 3229 AELIVS
1178 3174 1613 3229 HADRIANVS
1658 3174 2093 3229 ANTONINVS
2139 3176 2310 3232 AVG.
2359 3176 2540 3234 PIVS.
2619 3166 2927 3234 Privatus
2953 3175 3344 3235 memoratur

748 3271 820 3334 in
880 3267 1057 3332 titulo
1109 3267 1430 3351 Ephesino
1491 3266 1593 3333 CI
1593 3266 1655 3333 G
1697 3272 1865 3333 2965
1909 3297 1996 3321 =
2039 3269 2291 3333 Lebas-
2311 3268 2741 3353 Waddinyton
2799 3276 2921 3337 146
2965 3270 3055 3357 (1)
3116 3277 3208 3350 et,
3266 3277 3342 3338 ut

747 3372 1013 3447 videtur,
1060 3373 1128 3435 in
1172 3371 1395 3454 teyulis
1440 3373 1597 3435 anni
1640 3376 1759 3436 134
1795 3371 1867 3435 X
1889 3376 2074 3447 8048,
2120 3376 2211 3438 32
2240 3372 2357 3455 (2),
2401 3372 2474 3438 X
2488 3371 2550 3437 V
2581 3377 2669 3439 92
2699 3371 2806 3458 (3).
2850 3378 2934 3439 93
2962 3374 3072 3458 (4).
3116 3380 3198 3440 94
3226 3376 3339 3461 (5).

752 3481 832 3542 95
875 3476 982 3559 (6).
1071 3474 1226 3539 Post
1284 3474 1707 3557 adoptionem,
1769 3474 1881 3539 sed
1938 3480 2085 3540 ante
2141 3481 2403 3540 mortem
2445 3475 2783 3541 Hadriani
2843 3478 2904 3541 ei
2945 3480 3154 3562 positi
3192 3486 3340 3545 sunt

754 3585 796 3645 t.
845 3579 1131 3643 urbanus
1176 3578 1277 3643 VI
1303 3582 1431 3643 988
1472 3579 1590 3663 (7),
1637 3576 1919 3642 Dacicus
1964 3577 3002 3664 Archaoloyisoh-Epiyraphische
3049 3581 3338 3647 Miahei-

753 3684 981 3766 lunqen
1039 3700 1156 3745 aus
1213 3680 1600 3747 Oesterreieh
1644 3681 1716 3745 X
1732 3680 1871 3746 VII
1907 3681 2120 3766 (1894)
2154 3703 2227 3764 p.
2259 3687 2394 3747 224
2439 3681 2549 3764 (8).
2637 3683 2962 3748 Incertum
3014 3691 3135 3763 est,
3186 3707 3339 3752 num

752 3786 840 3851 ad
880 3806 1019 3850 eum
1049 3786 1372 3867 pertineat
1416 3790 1459 3850 t.
1516 3785 1813 3868 Tifernus
1864 3784 2200 3850 Tz'bem'nus
2244 3786 2327 3866 cf.
2372 3784 2437 3848 A
2480 3789 2630 3851 892.

878 3888 1086 3953 Natus
1117 3897 1216 3951 est
1245 3887 1308 3952 d.
1346 3888 1420 3952 19
1453 3891 1689 3953 mensis
1722 3888 2122 3975 Septembris
2154 3910 2211 3954 a.
2237 3887 2320 3952 86
2352 3888 2417 3951 in
2451 3887 2609 3953 villa
2636 3888 2982 3953 Lanuvina
3007 3892 3142 3955 vita
3169 3897 3229 3969 1,
3259 3896 3339 3970 8,·

753 3993 917 4059 diem
957 3990 1238 4056 natalem
1279 3994 1659 4072 confirmant
1695 3991 1859 4072 fasti
1885 3989 2215 4055 Phdocali
2241 3991 2323 4056 12
2347 4012 2418 4072 p.
2450 3996 2587 4056 272
2615 3997 2672 4056 et
2720 3990 2822 4056 VI
2840 3996 3068 4058 10234.
3131 3993 3335 4060 Filius

750 4093 1001 4161 Aurelii
1028 4092 1218 4158 Fulvi
1244 4092 1525 4157 consulis
1556 4094 1641 4177 (a.
1664 4097 1747 4158 89
1761 4092 1819 4175 ,9)
1846 4105 1911 4157 et
1935 4093 2166 4158 Arriae
2197 4091 2508 4175 Fadillae,
2534 4115 2735 4179 nepos
2754 4094 2829 4160 Τ.
2856 4095 3109 4161 Aurelii
3141 4096 3335 4162 Fulvi

752 4196 1054 4281 (consulis
1097 4196 1147 4261 I
1181 4217 1242 4263 a.
1285 4195 1429 4278 85);
1467 4219 1583 4282 per
1625 4207 1896 4261 matrem
1936 4217 2137 4281 nepos
2183 4195 2360 4260 Arrii
2407 4195 2721 4260 Antonini
2767 4194 2913 4275 (co-3.
2944 4198 2996 4263 I
3030 4221 3092 4264 a.
3124 4199 3230 4282 69)
3275 4210 3339 4264 et

751 4300 1065 4365 Boioniae
1114 4297 1467 4377 Procillae3
1528 4300 1800 4363 vitricus
1859 4301 1997 4363 eius
2042 4298 2246 4363 lulius
2293 4298 2552 4384 Lupus,
2614 4322 2797 4364 soror
2855 4303 3112 4366 uterina
3168 4301 3340 4367 Iulia

752 4402 1007 4469 Fadilla
1047 4404 1181 4467 vita
1223 4408 1263 4468 1
1304 4404 1413 4487 (of.
1444 4407 1707 4466 stemma
1750 4402 1917 4484 quod
1958 4402 2241 4484 subieci).
2304 4402 2382 4467 T.
2412 4400 2718 4467 Aurelius
2749 4402 2997 4467 Fulvus
3028 4406 3338 4471 Boionius

754 4506 1122 4571 Antoninus
1163 4509 1298 4570 vita
1342 4511 1399 4583 1,
1449 4511 1488 4569 1
1535 4506 1675 4588 (ubi
1714 4504 1881 4571 male
1925 4505 2188 4569 additur
2232 4505 2433 4586 Pius),
2496 4504 2571 4569 T.
2621 4504 2925 4570 Aurelius
2969 4506 3337 4573 Antoninus

750 4610 1022 4675 Fulvius
1067 4608 1204 4689 (sio)
1250 4609 1530 4692 Eutrop.
1576 4612 1636 4687 8,
1687 4615 1740 4686 7,
1803 4608 1881 4675 Τ.
1928 4607 2297 4673 Antoninus
2354 4607 2630 4672 Fulvius
2690 4608 2999 4673 Boionius
3044 4609 3131 4676 id.
3169 4614 3229 4687 8,
3274 4609 3335 4687 8,

754 4712 1061 4778 Aurelius
1093 4715 1461 4779 Antoninus
1494 4711 1625 4778 Dio
1657 4719 1754 4791 69,
1788 4717 1895 4789 20,
1947 4711 2161 4777 Victor
2200 4711 2380 4781 Caes,
2412 4716 2511 4789 15,
2549 4718 2608 4789 1,
2653 4712 3025 4777 Antoninus
3063 4712 3338 4779 Fulvius

752 4840 867 4882 seu
909 4818 1217 4882 Boionius
1263 4817 1474 4882 dietus
1520 4817 1818 4900 Epitome
1862 4822 1961 4892 15,
2009 4822 2065 4892 1,
2129 4815 2362 4880 Arrius
2423 4814 2792 4879 Antoninus
2839 4815 2974 4879 vita
3013 4820 3074 4893 4,
3120 4821 3185 4894 2,
3228 4816 3337 4881 vit.

749 4921 1085 4986 Hadriani
1126 4926 1245 4997 24,
1292 4927 1365 4998 1,
1427 4926 1698 4985 oetfrum
1755 4919 2125 4986 Antoninus
2180 4918 2354 5001 apud
2407 4920 2763 5001 serthoreS.
2868 4918 2952 4983 In
3009 4922 3340 4986 consulatu

750 5026 1005 5107 primo:
1048 5024 1125 5088 T.
1162 5023 1466 5088 Aurelius
1498 5023 1746 5089 Fulvus
1788 5023 1888 5088 VI
1905 5028 2097 5088 2080.
2130 5027 2313 5087 9100.
2345 5026 2575 5097 27041,
2608 5022 2683 5086 Τ.
2716 5019 3028 5087 Aurelius
3057 5023 3338 5110 F[ulvus

751 5126 1009 5210 Arrius]
1055 5175 1245 5193 .....
1276 5127 1647 5193 Antoninus
1692 5126 1877 5192 VIII
1893 5131 2086 5192 8239.
2111 5162 2200 5173 -
2237 5126 2314 5191 Τ.
2349 5123 2655 5190 Aurelius
2688 5122 2938 5188 Fulvus
2968 5125 3337 5193 Antoninus

3791 460 3803 553 *A
