3859 5992
586 533 1080 588 ARTAVASDES
1881 522 2005 586 150
2748 610 2751 611 γ
2804 531 3296 588 ARTAVASDES

585 731 710 795 955
755 727 1172 805 Artavasdes,
1204 750 1323 792 rex
1350 726 1710 793 Medorum.
1751 728 1948 811 Regis
1971 727 2359 793 Artavazdis
2387 728 2871 792 Monumentum
2884 727 3299 811 Ancyranum

718 832 829 896 lat.
861 837 918 909 6,
952 837 1032 897 11
1065 861 1145 884 =
1183 828 1534 919 Ἀρταβάζου
1568 851 1779 912 9ναεο.
1812 835 1913 908 17,
1950 836 2049 908 16,
2094 830 2346 895 Artaba
2370 880 2385 895 .
2414 882 2428 896 .
2478 830 2588 895 lat.
2619 834 2678 907 5,
2711 836 2801 896 29
2832 861 2914 884 --
2946 829 3295 918 Ἀρταβάζου

707 955 914 1018 yracc.
941 939 1039 1012 15,
1066 939 1125 1010 9,
1155 931 1628 1020 Ἀρταο[υάσδης]
1648 953 1859 1016 yraec.
1883 938 1986 1009 17,
2011 938 2052 997 1
2065 953 2086 1012 ,·
2117 930 2542 1020 Ἀρταουάσδην
2566 932 2698 998 Dio
2719 939 2820 1010 49,
2852 939 2959 1000 25.
3006 934 3304 1011 (Nummi

710 1037 898 1102 huius
954 1058 1082 1103 non
1138 1041 1392 1115 extant;
1449 1036 1520 1101 in
1561 1037 1834 1100 nummis
1876 1036 2329 1101 Armeniorum
2385 1038 2553 1120 reyis
2606 1036 2879 1101 eiusdem
2920 1037 3199 1101 nominis
3241 1041 3300 1102 et

712 1141 943 1204 aetatis
1011 1140 1327 1204 invenitur
1388 1135 1775 1226 Ἀρταυάσὸου
1841 1138 2152 1222 Lanqlois
2168 1189 2183 1215 ,
2249 1139 2760 1221 Numa-motique
2823 1139 2897 1204 cle
2953 1138 3299 1205 l’Armenic

715 1265 786 1326 p.
830 1242 954 1327 34).
1044 1241 1145 1307 De
1187 1243 1546 1325 fraymento
1592 1241 1767 1306 tituli
1808 1241 1913 1307 VI
1944 1245 2127 1318 1798,
2175 1242 2342 1324 Quocl
2384 1247 2721 1325 antequam
2755 1241 3012 1325 plenius
3054 1243 3296 1306 innote-

705 1351 921 1422 sceret,
984 1345 1070 1409 ad
1123 1344 1288 1409 hunc
1344 1343 1589 1409 rettulit
1633 1344 2009 1422 Mommsen,
2070 1344 2204 1409 Res
2241 1366 2304 1429 9.
2352 1344 2484 1410 divi
2524 1345 2695 1429 Auy.
2732 1367 2803 1428 p.
2835 1350 2956 1409 111
2973 1344 3021 1422 ²,
3085 1345 3169 1426 cf.
3224 1343 3293 1410 C.

712 1448 952 1513 Iulium
995 1446 1430 1512 Artaba-salem
1472 1467 1534 1511 n.
1565 1451 1710 1512 959.

841 1549 1049 1615 Filius
1088 1548 1518 1615 Ariobarzani
1564 1550 1733 1633 regis
1767 1548 2057 1616 Monam.
2087 1550 2329 1633 ΛΜΨ.
2360 1556 2420 1627 6,
2455 1556 2561 1616 12.
2634 1549 2715 1615 A.
2748 1551 2871 1615 718
2906 1579 2988 1603 =
3017 1551 3100 1614 36
3132 1572 3189 1614 a.
3221 1548 3295 1615 C.

714 1653 1040 1719 Antonius
1086 1674 1235 1717 cum
1279 1651 1524 1716 bellum
1555 1662 1778 1716 contra
1810 1653 2086 1718 Parthos
2118 1655 2426 1718 movisset
2454 1662 2718 1718 auctore
2748 1650 3115 1719 Artavasde
3144 1673 3296 1735 rege

713 1758 887 1822 socio
919 1755 1287 1838 Armeniae,
1337 1755 1447 1841 qui
1497 1755 1865 1820 inimicitias
1916 1777 2065 1820 cum
2109 1776 2262 1839 rege
2292 1755 2485 1821 Medo
2518 1756 2901 1839 cognomine
2933 1753 3298 1837 exercebat,

716 1860 1073 1924 exercitum
1119 1859 1186 1922 in
1216 1857 1496 1922 Mediam
1542 1856 1734 1922 duxit
1763 1856 1895 1923 Dio
1922 1863 2024 1935 49,
2057 1863 2146 1925 25
2156 1878 2178 1936 ;
2221 1857 2333 1923 ubi
2382 1879 2530 1923 cum
2575 1858 2688 1923 diu
2738 1858 2982 1922 frustra
3010 1858 3299 1943 Praaspa

712 1959 897 2046 (Dio)
942 1962 1079 2025 sive
1122 1960 1445 2025 Phraarta
1488 1958 1883 2043 (Plutarch.)
1929 1972 2128 2046 caput
2171 1962 2353 2045 regni
2396 1960 2780 2043 obsedisset,
2829 1983 2869 2024 a
2911 1959 3193 2025 Phraate
3236 1968 3300 2024 et

710 2063 1077 2130 Artavasde
1107 2062 1300 2128 Medo
1342 2060 1740 2127 obsidionem
1786 2062 2037 2127 solvere
2075 2074 2336 2128 coactus
2368 2085 2518 2128 cum
2550 2084 2789 2146 magna
2817 2083 3085 2128 suorum
3114 2060 3297 2126 clade

709 2167 776 2232 in
821 2167 1199 2233 Armeniam
1243 2165 1514 2230 recessit
1556 2163 1689 2229 Dio
1717 2169 1818 2243 49,
1852 2170 2091 2243 25-31,
2136 2165 2476 2231 Plutarch.
2508 2166 2747 2231 Antan.
2777 2169 3011 2242 38-50,
3059 2165 3299 2230 Strabo

712 2276 793 2336 11
825 2292 899 2353 p.
928 2274 1074 2336 524.
1107 2273 1255 2336 532.
1329 2266 1412 2333 A.
1448 2267 1572 2332 719
1605 2297 1687 2321 =
1717 2269 1799 2334 35
1831 2267 2234 2333 Artavasdes
2273 2268 2505 2333 Medus
2550 2290 2696 2333 cum
2730 2268 2996 2333 Phraati
3034 2279 3300 2354 propter

715 2372 995 2460 praedae
1039 2371 1427 2436 divisionem
1471 2380 1897 2455 succenseret,
1946 2373 2219 2436 iniurias
2260 2372 2342 2436 ab
2373 2371 2683 2437 Armenio
2714 2382 3012 2458 acceptas
3043 2370 3299 2435 ulturus

714 2497 913 2562 opera
968 2474 1337 2539 Polemonis
1396 2474 1739 2538 amicitiam
1801 2473 2072 2539 Antonii
2130 2476 2457 2561 quaesivit
2509 2474 2642 2539 Dio
2682 2479 2783 2551 49,
2814 2478 2914 2551 33,
2962 2472 3297 2539 Plutarch.

714 2578 954 2646 Antan.
983 2582 1090 2644 52.
1168 2576 1248 2642 A.
1275 2577 1398 2642 720
1430 2605 1514 2630 =
1544 2578 1626 2642 34
1671 2577 1956 2641 amicitia
2002 2578 2171 2642 inter
2214 2587 2563 2663 utrumque
2592 2579 2948 2663 composita
2977 2576 3300 2641 Antonius

716 2681 987 2767 Iotapen
1046 2679 1246 2744 filiam
1308 2681 1446 2743 eius
1490 2677 1871 2744 Alexandro
1930 2679 2064 2744 filio
2123 2703 2207 2745 ex
2251 2678 2598 2766 Cleopatra
2641 2678 2893 2745 sublato
2957 2679 3303 2766 despondit

711 2784 846 2850 Dio
875 2788 977 2860 49,
1007 2788 1108 2849 40.
1183 2781 1265 2848 A.
1301 2782 1421 2848 721
1456 2811 1540 2835 =
1570 2783 1652 2847 33
1699 2781 2025 2846 Antonius
2085 2805 2230 2847 cum
2292 2785 2525 2848 iterum
2585 2784 2652 2847 in
2714 2783 3022 2847 Armenia
3080 2793 3303 2865 ageret

716 2886 902 2972 quasi
947 2884 1201 2951 Parthis
1246 2882 1487 2949 bellum
1528 2881 1868 2967 inlaturuS,
1916 2883 2268 2949 Artavasdi
2314 2894 2564 2970 partem
2593 2883 2940 2949 Armeniae
2982 2886 3301 2950 concessit

715 2998 781 3053 et
806 2989 1078 3074 Iotapen
1107 2986 1486 3052 Alexandro
1525 2997 1871 3073 nupturam
1902 2986 2371 3052 Alexandriam
2400 3010 2618 3052 secum
2651 2987 2871 3070 duxit3
2901 2987 3300 3053 Artavasdes

713 3114 866 3156 usus
927 3089 1269 3173 militibus,
1332 3112 1494 3175 quos
1551 3089 1876 3155 Antonius
1931 3092 1996 3153 in
2040 3090 2354 3156 Armenia
2412 3090 2779 3177 reliquerat,
2842 3090 3191 3156 Phraatem
3236 3100 3300 3156 et

706 3195 1021 3260 Artaxem
1068 3203 1294 3257 contra
1336 3215 1407 3257 se
1453 3192 1775 3278 profectos
1821 3194 2101 3278 primum
2146 3195 2338 3277 vicit,
2391 3192 2542 3258 dein
2587 3204 2930 3279 postquam
2973 3194 3297 3259 Antonius

709 3295 960 3361 auxilia
1018 3296 1102 3361 ad
1158 3294 1398 3362 bellum
1460 3305 1686 3359 contra
1729 3295 2075 3361 Caesarem
2118 3296 2475 3379 gerendum
2525 3298 2838 3379 evocavit,
2902 3298 3040 3384 ipse
3082 3298 3298 3362 victus

712 3411 1069 3487 captusque
1099 3411 1197 3465 est
1222 3398 1357 3465 Dio
1385 3404 1488 3476 49,
1520 3404 1600 3464 44
1646 3404 1918 3482 tempore
1962 3400 2097 3481 fere
2136 3399 2287 3464 belli
2312 3399 2590 3466 Actiaci.
2661 3399 2842 3481 Quod
2869 3422 2913 3465 a
2941 3400 3298 3466 Plutarcho

708 3504 948 3569 Antan.
996 3508 1076 3568 60
1127 3508 1516 3568 memoratur
1573 3503 1741 3568 inter
1783 3502 2058 3567 Antonii
2102 3503 2355 3568 auxilia
2410 3524 2625 3587 reyum
2674 3504 3097 3569 barbarorum
3138 3504 3298 3590 παρὰ

711 3614 814 3673 τοῦ
845 3605 1073 3695 Μήδων
1120 3606 1412 3697 βασιλέως
1448 3606 1865 3694 ἀπεσταλμένη
1904 3607 2175 3695 βοήθεια,
2219 3606 2578 3689 explicatur
2620 3608 3018 3671 accuratiore
3063 3605 3298 3671 Dionis

712 3712 838 3794 (49,
878 3709 983 3791 44)
1030 3710 1469 3775 enarratione:
1527 3709 1615 3792 (a.
1654 3711 1803 3793 721)
1851 3711 2267 3795 συμμαχήσειν
2325 3733 2391 3774 τε
2434 3707 2546 3796 γὰρ
2592 3711 2909 3795 ἀλλήλοις,
2970 3712 3001 3775 ὁ
3049 3711 3156 3795 μὲν
3202 3711 3298 3775 ἐπὶ

710 3815 845 3884 τοὺς
889 3811 1183 3899 Πάρθους,
1230 3814 1262 3877 ὁ
1310 3813 1375 3878 δὲ
1421 3810 1516 3877 ἐπὶ
1560 3813 1657 3877 τὸν
1704 3808 1981 3898 Καίσαρα
2026 3812 2363 3890 συνέθεντο,
2423 3814 2522 3877 καὶ
2566 3813 2661 3877 ἐπὶ
2704 3813 2894 3899 τούτῳ
2939 3817 3299 3899 στρατιώτας

708 3917 775 3983 τέ
819 3940 976 3986 τινας
1020 3915 1341 3982 ἀντέδοσάν
1387 3936 1662 4002 σφισι-
1696 3950 1773 3958 -
1821 3924 2049 4000 postea
2087 3912 2447 3980 Antonium
2478 3914 2716 3980 milites
2753 3938 2902 3980 suos
2939 3937 3299 3997 revocasse,

711 4041 839 4084 non
885 4016 1263 4100 reddidisse,
1311 4040 1472 4104 quos
1516 4026 1859 4102 acceperat
1902 4015 1985 4081 ab
2029 4016 2413 4084 Artavasde.

841 4122 999 4186 Post
1039 4119 1281 4185 bellum
1326 4118 1668 4184 Actiacum
1713 4118 2113 4184 Artavasdes
2160 4121 2377 4184 nescio
2423 4142 2550 4206 quo
2597 4120 2789 4185 modo
2837 4144 2871 4185 e
2917 4123 3298 4206 captivitate

711 4223 969 4309 elapsus
1015 4222 1098 4287 ad
1128 4222 1495 4306 Augustum
1527 4223 1723 4304 venit,
1771 4224 1884 4307 qui
1934 4224 1989 4285 ei
2038 4223 2309 4308 Iotapen
2342 4222 2541 4286 filiam
2577 4224 2862 4288 restituit
2892 4222 3022 4289 Dic
3051 4229 3152 4301 51,
3183 4230 3300 4305 16,-

712 4327 881 4390 inter
945 4346 1162 4409 reges,
1232 4325 1344 4411 qui
1414 4323 1737 4410 supplices
1804 4323 1886 4388 ad
1955 4323 2325 4408 Augustum
2393 4324 2860 4409 confugerunt,
2928 4327 3300 4392 nominatur

712 4428 1000 4493 Monam.
1032 4427 1273 4510 Ancyr.
1322 4447 1372 4492 c.
1402 4430 1508 4493 32.
1577 4426 1953 4491 Armeniam
1994 4428 2301 4493 minorem
2345 4449 2483 4492 eum
2529 4428 2610 4492 ab
2654 4428 2946 4512 Auyusto
2990 4432 3301 4513 accepisse

705 4531 991 4614 sequitur
1035 4552 1112 4595 esc
1156 4529 1368 4596 Dione
1408 4534 1509 4608 54,
1542 4534 1582 4595 9
1623 4531 1934 4611 referente
1977 4529 2351 4613 Augustum
2393 4552 2562 4595 anno
2595 4531 2720 4596 734
2749 4561 2834 4585 ==
2863 4533 2947 4597 20
2976 4530 3298 4598 Archelao
3380 4618 3384 4622 ι

707 4633 1087 4700 Armeniam
1134 4634 1444 4698 minorem
1492 4632 1797 4715 donasse,
1861 4633 1951 4697 ὅτι
1993 4634 2026 4699 ὁ
2071 4631 2281 4720 Μῆδος
2323 4636 2356 4701 ὁ
2401 4637 2529 4721 πρὶν
2575 4635 2757 4721 αὐτῆς
2802 4636 3130 4722 βασιλεύων
3182 4634 3303 4701 ἐτε-

711 4739 948 4823 θνήκεις
1008 4757 1158 4802 nwm
1205 4741 1473 4820 praeter
1527 4757 1725 4801 unum
1786 4734 1989 4800 locum
2043 4741 2167 4820 (49,
2214 4741 2300 4803 25
2337 4738 2453 4802 ubi
2507 4759 2731 4802 nomen
2777 4737 3070 4822 ponitur)
3130 4738 3306 4822 apud

709 4838 984 4905 Dionem
1029 4839 1423 4906 Artavasdes
1478 4839 1580 4905 hic
1634 4838 1709 4904 de
1767 4860 1886 4921 quo
1949 4839 2192 4922 agitur,
2249 4859 2490 4923 semper
2547 4841 2952 4924 significatur
2996 4845 3027 4908 ὁ
3069 4839 3296 4928 Μῆδος.

714 4942 1018 5007 Mortuus
1060 4942 1259 5027 igitur
1301 4943 1417 5008 sub
1464 4963 1700 5007 annum
1747 4945 1866 5006 734
1913 4970 1995 4995 =
2038 4946 2127 5006 20
2172 4964 2232 5007 a.
2277 4940 2348 5007 0.

583 5045 709 5111 956
768 5044 1167 5111 Artavasdes
1235 5046 1350 5129 (sic
1425 5046 1714 5120 TacituS,
1803 5040 2153 5131 Ἀρταβάζου
2216 5043 2403 5129 Dio),
2472 5066 2590 5110 rex
2655 5044 3024 5111 Armeniae.
3140 5047 3299 5111 ‘Nec

714 5148 983 5232 Tigrani
1028 5146 1166 5236 (11)
1210 5170 1251 5213 a
1293 5149 1393 5215 Ti.
1441 5147 1700 5214 Nerone
1760 5147 1825 5211 in
1881 5167 2155 5231 regnum
2206 5147 2480 5214 deducto
2535 5148 2624 5231 (a.
2673 5153 2793 5214 734
2835 5179 2916 5204 =
2962 5155 3052 5216 20
3096 5172 3157 5215 a.
3200 5148 3298 5237 0.)
