3859 5992
636 528 953 611 cnomvs
1932 521 2060 584 424
2946 526 3342 583 CLvslmvs

761 727 1013 814 peperit
1071 725 1312 792 Seneca
1372 729 1744 789 controvers.
1790 729 1873 789 10
1914 725 2135 807 praef.
2180 728 2408 790 14-16.
2507 723 2909 806 Sententiae,
2966 724 3337 807 divisiones,

758 829 1005 895 colores
1052 829 1191 892 eius
1223 827 1473 910 passim
1517 825 1695 909 apud
1732 826 2052 894 Senecam.
2097 863 2182 872 ——
2225 824 2433 890 Filius
2477 828 2614 890 eius
2659 828 2740 909 cf.
2785 848 2849 892 n.
2894 832 3037 892 940.

896 930 1278 997 Coniectura
1306 949 1583 1012 prorsus
1623 931 1869 993 incerta
1914 928 2003 993 ad
2041 929 2205 993 hunc
2246 929 2489 993 rettulit
2518 928 2835 1012 Boryhesi
2868 951 3010 1012 opp.
3042 930 3134 995 II
3150 953 3227 1014 p.
3264 936 3342 996 71

753 1054 1037 1100 nummos
1082 1052 1309 1098 aureos
1365 1036 1427 1096 et
1484 1037 1812 1114 aryenteos
1856 1053 1917 1096 a.
1967 1037 2085 1096 711
2130 1061 2212 1086 ==
2255 1035 2337 1096 43
2380 1051 2574 1114 οπεος,
2620 1032 2732 1114 qui
2774 1033 2842 1096 in
2872 1037 3068 1115 parte
3112 1055 3340 1099 aversa

755 1137 1050 1219 insa-‘epti
1102 1139 1250 1200 sunt
1291 1135 1366 1200 P.
1412 1133 1680 1200 Clodius
1724 1133 1813 1197 M.
1858 1134 1905 1202 f.
1952 1133 2274 1212 Babelon,
2326 1134 2668 1199 Monnaies
2711 1134 2786 1200 de
2829 1134 2897 1199 la
2938 1135 3340 1220 Republique

754 1241 1072 1306 Romaim
1102 1240 1153 1305 I
1171 1262 1243 1322 p.
1273 1244 1413 1308 355.

627 1343 754 1409 940
800 1342 1068 1409 Clodius
1125 1343 1479 1425 Turrinus,
1541 1340 1712 1406 filius
1771 1343 1974 1427 patris
2029 1342 2460 1425 cognominis,
2522 1339 2670 1405 filiis
2717 1341 3000 1408 Senecae
3059 1342 3334 1407 rhetoris

753 1445 1035 1510 fraterno
1081 1466 1301 1509 amore
1337 1446 1751 1526 coniunctus3
1789 1443 1969 1508 dedit
2012 1454 2078 1509 et
2120 1446 2257 1530 ipse
2294 1443 2568 1508 dicendo
2615 1466 2892 1529 operam,
2931 1444 3334 1510 ‘adulescens

642 1594 648 1599 -
752 1570 1043 1614 summae
1103 1546 1507 1634 eloquentiae
1563 1547 1856 1624 futurus,
1924 1549 2048 1612 nisi
2118 1547 2338 1613 mallet
2395 1570 2700 1612 exercere
2757 1559 3072 1635 quantum
3137 1547 3335 1613 habet

753 1674 946 1737 quam
991 1652 1298 1736 consequi
1343 1660 1655 1736 quantum
1699 1660 1932 1737 potest’
1968 1650 2204 1717 Seneca
2248 1656 2619 1717 controvers
2652 1657 2731 1717 10
2761 1652 2978 1735 praef.
3011 1656 3241 1717 14-16.

622 1754 740 1819 941
794 1754 1061 1820 Clodius
1121 1753 1376 1817 Tuscus
1422 1753 1541 1835 (sic
1595 1752 1860 1830 Gellius,
1907 1753 2143 1836 Lydus,
2192 1754 2367 1821 Serv.
2416 1754 2596 1837 Very.
2639 1753 2800 1819 Aen.
2833 1760 2938 1830 12,
2984 1759 3122 1831 657,
3170 1753 3334 1818 alibi

752 1856 1066 1939 Clodius),
1119 1857 1596 1939 grammaticus,
1644 1857 1829 1920 cuius
1875 1857 2318 1920 commentarii
2363 1857 2646 1922 citantur
2687 1856 2857 1922 Serv.
2901 1856 3063 1921 Aen.
3101 1863 3158 1932 1,
3206 1862 3330 1934 52,-

745 1966 811 2037 2,
833 1964 1003 2037 229,·
1037 1964 1139 2036 12,
1163 1962 1300 2040 657,
1339 1956 1606 2024 Clodius
1636 1958 1855 2023 scriba
1882 1961 2490 2023 commentariorum
2521 1957 2689 2023 libro
2724 1968 2954 2045 quarto
2990 1959 3079 2024 id.
3103 1964 3162 2035 1,
3185 1963 3325 2024 176.

750 2063 1029 2148 Scripsit
1058 2072 1123 2126 et
1152 2060 1568 2146 ephemerida
1596 2064 1792 2127 totius
1823 2064 1995 2137 anni,
2038 2084 2229 2148 quam
2265 2063 2331 2126 in
2362 2083 2664 2144 graecum
2696 2059 3024 2126 transtulit
3051 2061 3327 2125 Ioannes

749 2164 976 2251 Lydus
1021 2165 1103 2246 cf.
1136 2163 1297 2247 Lyd.
1332 2162 1405 2228 de
1451 2165 1706 2228 ostentis
1737 2187 1807 2248 p.
1838 2169 1962 2229 114
2005 2164 2097 2232 ed.
2145 2163 2582 2230 Wachsmuth:
2633 2166 2921 2251 ἐφημερὶς
2962 2169 3067 2228 τοῦ
3110 2167 3328 2235 παντὸς

749 2268 1016 2334 ἐνιαυτοῦ
1074 2267 1257 2353 ἤγουν
1317 2267 1639 2352 σημείωσις
1694 2268 1983 2333 ἐπιτολῶν
2027 2292 2090 2333 τε
2146 2270 2243 2333 καὶ
2286 2270 2525 2353 δυσμῶν
2570 2274 2687 2332 τῶν
2734 2268 2798 2333 ἐν
2845 2268 3081 2353 οὐρανῷ
3126 2291 3328 2353 φαινο-

755 2372 952 2457 μένων
985 2372 1053 2435 ἐκ
1081 2376 1184 2435 τοῦ
1217 2367 1516 2434 Κλαυδίου
1550 2367 1690 2452 (820)
1717 2375 1821 2434 τοῦ
1852 2369 2120 2435 Θυΰσκου
2150 2369 2291 2436 καθ’
2321 2372 2599 2457 ἑρμηνίαν
2644 2370 2789 2456 πρὸς
2833 2368 2982 2440 λέξιν
3028 2373 3089 2433 et
3116 2391 3189 2452 p.
3214 2374 3329 2435 155

749 2477 845 2539 καὶ
875 2479 1057 2539 ταῦτα
1089 2475 1195 2557 μὲν
1227 2475 1258 2538 ὁ
1291 2470 1561 2543 Κλώδιος
1604 2471 1673 2537 ἐκ
1715 2480 1834 2538 τῶν
1880 2472 2042 2558 παρὰ
2071 2471 2358 2545 Θοὺσκοις
2396 2476 2572 2559 ἱερῶν
2605 2476 2752 2559 πρὸς
2795 2472 2968 2543 λέξιν.
3042 2471 3326 2537 Litterae

753 2576 964 2642 Sinnii
1018 2575 1352 2661 Capitonis
1410 2576 1840 2659 (yramnzatici
1896 2576 2127 2640 aetatis
2182 2575 2485 2662 Auyustz')
2543 2574 2627 2640 ad
2686 2574 2987 2641 Clodium
3043 2574 3321 2639 Tuscum

755 2680 1039 2743 citantur
1079 2677 1241 2745 Gell.
1272 2681 1332 2754 5,
1364 2682 1475 2754 20,
1506 2683 1574 2743 2.

621 2783 746 2847 942
792 2780 1155 2865 [CLODIVJS
1186 2789 1568 2845 VESTALIS.
1648 2781 1716 2846 T.
1747 2780 2259 2847 Foroclodiensis
2301 2782 2560 2847 mutilus
2588 2782 2715 2848 XI
2731 2786 2923 2847 3311:
2969 2831 3152 2846 .....
3199 2802 3323 2846 cos.

752 2883 898 2967 [C.‘?
946 2882 1237 2967 Clodiqu
1282 2882 1355 2949 C.
1403 2883 1447 2947 f.
1493 2881 1776 2947 Vestalis
1833 2883 2067 2967 solius)
2129 2884 2347 2968 [X]vir
2390 2884 2491 2949 stl.
2540 2884 2670 2953 iud.
2715 2907 2777 2949 m
2784 2934 2981 2950 .....
3069 2883 3319 2949 ‘Filius‘

747 2986 850 3051 hic
887 3007 1123 3068 qaoque
1168 2983 1277 3068 (cf.
1322 2984 1387 3048 A
1423 2990 1528 3051 62.
1575 2991 1699 3050 637
1750 2985 1806 3052 0
1840 2991 1981 3073 153)
2042 2986 2328 3052 additum
2380 2986 2542 3051 mihi
2594 2987 2840 3052 videtur
2898 2987 2987 3052 ad
3035 2987 3241 3071 filium
3285 3008 3325 3051 a

743 3094 938 3171 patre
998 3089 1358 3171 coynomine
1416 3088 1916 3171 distinyuendum
1937 3139 1953 3166 ,
2012 3092 2122 3171 qai
2175 3092 2244 3154 in
2293 3089 2475 3154 titulo
2520 3090 2944 3171 praecessisse
2982 3088 3225 3153 videtur
3268 3094 3325 3153 et

754 3192 858 3255 cm·
899 3191 1130 3255 ibidem
1166 3191 1417 3274 positus
1462 3196 1553 3255 est
1593 3190 1715 3256 XI
1744 3195 1965 3257 331οα
2009 3192 2091 3274 cf.
2136 3213 2198 3269 n,
2241 3196 2379 3257 943.

622 3293 748 3357 943
795 3304 856 3361 ο.
904 3302 1221 3357 CLODIVS
1267 3303 1665 3378 VESTALIS,
1729 3293 1802 3360 C.
1850 3293 1913 3377 f.‚
1963 3293 2306 3380 proconsul
2351 3294 2472 3360 XI
2502 3298 2662 3359 3310
2708 3300 2750 3359 t.
2796 3293 3322 3370 Forododieusae's,

750 3418 929 3480 quem
975 3400 1327 3480 posuerunt
1369 3395 1791 3462 Claudienses
1849 3419 1935 3461 ex
1978 3397 2391 3482 praefectura
2436 3395 2713 3462 Claudia
2754 3396 2989 3461 urbani
3036 3408 3324 3483 patrone.

750 3498 863 3563 Ad
917 3497 1177 3563 eundem
1230 3498 1550 3580 referendi
1605 3503 1752 3563 sunt
1805 3500 2051 3564 nummi
2108 3500 2290 3564 aurei
2332 3504 2391 3564 et
2448 3500 2731 3582 arqentei
2773 3500 3066 3583 inscripti
3104 3501 3174 3565 in
3217 3499 3327 3564 ad-

748 3621 932 3666 versa
975 3602 1050 3668 C.
1100 3600 1364 3667 Clodius
1409 3600 1482 3667 C.
1530 3601 1594 3684 f.,
1655 3603 1725 3666 in
1781 3621 2007 3667 aversa
2049 3601 2328 3667 Vestalis
2373 3602 2697 3679 Babelon,
2758 3600 3101 3666 Monnaies
3145 3601 3218 3667 de
3263 3602 3328 3666 la

753 3704 1146 3788 Republiqwe
1173 3704 1488 3769 Romaine
1515 3705 1565 3768 I
1572 3727 1643 3788 p.
1666 3710 1805 3783 354,
1849 3707 1989 3769 cusi
2015 3706 2191 3769 intra
2223 3725 2422 3770 annos
2451 3706 2585 3787 fere
2617 3708 2944 3769 717-738
2973 3734 3053 3758 =
3083 3709 3327 3770 37-16

755 3830 815 3873 a.
859 3808 927 3876 C.
975 3809 1057 3889 cf.
1102 3807 1457 3872 Mommsen
1503 3806 1847 3894 (Berliner)
1894 3808 2267 3890 Zev'tschrift
2311 3810 2421 3890 fiir
2467 3807 2900 3872 Numismatz'k
2941 3806 3088 3872 XV
3116 3806 3325 3890 (1887)

749 3934 821 3995 p.
853 3916 997 3977 204.
1043 3948 1125 3956 ——
1178 3909 1277 3993 Cf.
1325 3915 1384 3975 et
1418 3931 1481 3975 n.
1533 3916 1676 3977 942.

626 4014 752 4079 944
798 4023 893 4077 ΤΙ.
942 4022 1255 4077 CLODIVS
1300 4022 1546 4077 VIBIVS
1594 4023 1869 4097 VARVS,
1935 4012 2160 4078 consul
2219 4036 2389 4078 anno
2455 4015 2576 4079 160
2635 4034 2780 4077 cum
2838 4012 3053 4099 Appio
3113 4012 3326 4077 Annio

754 4115 954 4181 Atilio
1000 4115 1283 4181 Bradua.
1358 4116 1444 4181 In
1487 4116 1850 4181 consulatu:
1893 4116 1997 4183 Ti.
2045 4115 2312 4182 Clodius
2344 4116 2579 4182 Vibius
2625 4115 2837 4180 Varus
2887 4114 3089 4181 Orelli
3125 4119 3322 4191 2322,

752 4220 853 4284 Ti.
901 4219 1134 4284 Vibius
1178 4219 1393 4284 Varus
1441 4218 1543 4285 VI
1567 4224 1714 4286 162.
1758 4223 1950 4297 2896,
1998 4224 2267 4284 ceterum
2306 4219 2523 4284 Varus
2566 4219 2745 4300 fasti.

625 4323 748 4388 945
798 4331 1074 4387 CLODIA
1126 4331 1405 4406 LAETA,
1458 4324 1643 4407 virgo
1697 4322 1979 4387 Vestalis
2032 4322 2114 4386 ab
2164 4322 2497 4387 Antonino
2555 4320 2782 4387 Severi
2839 4318 2972 4384 filio
3030 4342 3147 4407 per
3193 4323 3322 4384 vim

750 4427 995 4509 vitiata,
1044 4425 1194 4490 dein
1237 4426 1419 4489 iussu
1465 4427 1600 4490 eius
1645 4427 1800 4489 viva
1842 4424 2096 4512 sepulta
2136 4423 2271 4490 Dio
2311 4430 2411 4502 77,
2459 4430 2556 4492 16.

623 4530 748 4595 946
795 4538 1072 4594 OLODIA
1130 4538 1505 4609 MACRINA,
1574 4527 1932 4593 clarissima
1997 4528 2238 4593 femina
2292 4532 2678 4593 memoratur
2735 4528 2803 4591 in
2863 4531 2905 4594 t.
2962 4526 3328 4592 Mumensi

757 4633 942 4699 VIII
975 4632 1045 4698 S.
1086 4635 1317 4699 12058.

622 4737 746 4802 947
794 4746 859 4814 Q.
923 4743 1320 4817 CLOELIVS,
1391 4734 1481 4798 M.
1542 4734 1621 4817 f.,
1685 4734 1860 4799 tribu
1919 4734 2200 4816 Quirina
2259 4735 2427 4797 inter
2486 4742 2678 4797 testes
2737 4742 2997 4797 senatus
3055 4731 3326 4797 consulti

748 4863 806 4905 a.
841 4840 964 4905 715
997 4867 1080 4891 =
1118 4839 1199 4903 39
1239 4836 1528 4901 Bulletm
1571 4838 1644 4901 de
1689 4836 2222 4919 correspondance
2263 4835 2633 4920 Hellenique
2674 4835 2796 4901 XI
2829 4832 3040 4920 (1887)
3073 4857 3145 4918 p.
3177 4839 3324 4902 226.

641 4980 727 4989 --
792 4953 859 5020 Q.
904 4950 1174 5005 ATRIVS
1222 4949 1556 5006 CLONIVS.

621 5048 745 5113 948
792 5044 1124 5111 Clusinius
1170 5043 1444 5127 Figulus
1502 5043 1733 5109 mediis
1777 5045 2058 5128 Augusti
2106 5043 2500 5129 temporibus
2544 5041 2861 5107 Vrbiniae
2902 5039 3319 5105 hereditatem

747 5151 948 5236 petiit,
999 5169 1148 5212 cum
1183 5146 1384 5211 filium
1418 5148 1556 5211 eius
1589 5170 1658 5212 se
1688 5170 1828 5213 esse
1859 5145 2314 5229 contenderet3
2359 5147 2498 5210 acie
2527 5149 2722 5230 victa,
2770 5145 2839 5209 in
2866 5167 2996 5231 qua
3026 5145 3320 5225 stetisset,
