3859 5992
659 514 1024 571 ASELLIVS
1958 504 2079 570 159
3074 511 3374 569 ASINIVS

660 713 788 778 998
831 722 1197 777 ASELLIVS
1244 721 1736 777 AEMILIANVS.
1829 710 2235 775 Memor-atur
2278 711 2347 775 in
2406 709 2588 775 titulo
2642 731 2872 793 yraeco
2916 711 2985 776 in
3030 710 3378 779 Batauaea

786 821 1034 899 reperto
1065 816 1317 880 Lebas-
1334 815 1763 898 Waddinyton
1804 818 1997 881 2213.
2031 849 2106 861 -—
2145 813 2390 879 Nomen
2414 813 2804 897 yentilicium
2834 814 3055 880 titulus
3083 816 3374 894 servavit,

789 923 1058 983 ceterum-
1096 918 1326 1000 ubique
1367 916 1793 985 Aemilianus,

920 1020 1210 1104 Legatus
1257 1020 1491 1107 Syriae
1537 1021 1875 1103 (ὑπατικοῦ)
1920 1043 1978 1084 a.
2016 1019 2136 1084 189
2168 1020 2283 1097 tit„
2332 1020 2397 1083 in
2444 1042 2575 1106 qua
2610 1018 2935 1104 legatione
2979 1022 3376 1087 Pescennius

793 1122 998 1205 Niger
1029 1124 1084 1187 ei
1119 1124 1430 1189 successit
1460 1122 1813 1189 Herodian.
1844 1125 1904 1198 3,
1938 1127 2005 1199 2,
2034 1125 2078 1186 3
2089 1142 2111 1200 ,·
2152 1121 2499 1208 proconsul
2536 1121 2735 1188 Asiae
2778 1146 2837 1189 a.
2865 1124 2987 1189 193
3016 1122 3372 1191 Herodian.

788 1229 848 1302 3,
880 1231 944 1303 2,
976 1231 1056 1304 2;
1098 1224 1236 1290 dux
1278 1248 1318 1290 a
1361 1225 1564 1309 Nigro
1597 1224 1858 1307 electus,
1906 1223 2083 1310 quod
2128 1224 2195 1288 in
2239 1222 2459 1289 multis
2497 1226 2852 1310 provinciis
2892 1225 3190 1309 regendis
3233 1249 3377 1314 pro-

794 1326 984 1393 batus
1044 1339 1107 1394 et
1165 1328 1379 1395 Clodii
1434 1327 1655 1393 Albini
1713 1328 2115 1392 necessarius
2182 1338 2321 1393 erat
2376 1326 2510 1392 Dio
2571 1333 2680 1406 74,
2728 1334 2784 1406 6,
2845 1328 3018 1415 apud
3065 1328 3377 1415 Cyzicum

791 1431 1004 1495 victus
1064 1454 1104 1496 a
1165 1430 1393 1497 Severi
1454 1429 1734 1495 ducibus
1794 1438 1859 1494 et
1915 1431 1985 1495 in
2030 1430 2185 1514 fuga
2230 1432 2481 1496 occisus
2524 1432 2632 1498 vit.
2678 1430 2900 1497 Severi
2935 1435 2997 1510 8,
3047 1431 3381 1497 Pescennii

794 1533 881 1598 N.
917 1537 977 1610 5,
1023 1532 1158 1599 Dio
1204 1533 1244 1599 l.
1292 1533 1355 1611 l.,
1401 1532 1755 1599 Herodian.
1797 1536 1858 1608 3,
1896 1537 1964 1598 2.
2016 1568 2095 1578 —-
2152 1531 2266 1596 Ad
2305 1532 2834 1615 proconsulatum
2875 1533 3078 1598 Asiae
3133 1533 3381 1600 rettuh‘t

793 1635 1226 1720 Waddinyton
1282 1637 1324 1719 f
1316 1640 1480 1701 astes
1511 1658 1586 1719 Ρ.
1625 1638 1754 1702 245
1796 1635 2223 1718 fraymentum
2268 1634 2689 1719 Smyrnaeum
2729 1634 2835 1701 01
2835 1635 2897 1702 G
2938 1640 3108 1704 3211
3150 1637 3376 1722 [nihilu-

792 1739 1151 1811 πατεῦοντος
1194 1737 1584 1825 Αἰμιλι[ανοῦ]
1628 1743 1754 1804 κτλ.

666 1840 794 1905 999
839 1840 1124 1907 Asellius
1182 1840 1612 1923 Claudianus,
1674 1840 1864 1905 homo
1925 1838 2157 1905 nobilis
2216 1862 2258 1906 a
2316 1841 2630 1927 Septimio
2673 1841 2914 1908 Severo
2975 1842 3226 1907 occisus
3267 1843 3376 1911 vit.

798 1944 1020 2010 Severi
1059 1949 1156 2022 13,
1195 1951 1252 2011 1.

673 2047 841 2112 1000
889 2045 1171 2112 Asellius
1230 2045 1547 2131 Sabinus,
1609 2045 1910 2112 Tiberius
1964 2047 2024 2110 ei
2071 2047 2367 2112 sestertia
2425 2046 2706 2112 ducenta
2764 2047 3032 2114 donavit
3084 2071 3201 2135 pro
3245 2048 3379 2114 dia-

795 2147 977 2233 log0,
1039 2150 1109 2214 in
1171 2172 1298 2237 quo
1359 2148 1559 2215 boleti
1620 2160 1686 2214 et
1741 2147 2058 2214 ficedulae
2118 2158 2183 2214 et
2241 2158 2491 2214 ostreae
2548 2160 2613 2215 et
2669 2150 2846 2216 turdi
2906 2162 3230 2217 certamen
3289 2155 3378 2217 ino

795 2252 1079 2318 duxerat
1120 2253 1380 2319 Sueton.
1424 2252 1629 2318 Tiber.
1662 2257 1767 2318 42.
1838 2251 2017 2317 Idem
2058 2251 2306 2316 videtur
2343 2251 2624 2317 Sabinus
2653 2250 2899 2319 Asilius
2930 2254 3046 2340 (sic
3078 2254 3382 2339 traditur)

799 2357 1297 2421 venustissimus
1359 2356 1529 2420 inter
1587 2354 1877 2420 rhetores
1931 2376 2159 2420 scurra
2217 2354 2461 2421 Seneca
2513 2375 2761 2422 suasor.
2819 2362 2887 2434 2,
2933 2362 3020 2424 12
3032 2378 3054 2436 ;
3108 2358 3385 2439 fortasse

795 2459 989 2525 etiam
1030 2456 1302 2524 Asillius
1349 2457 1607 2524 Sueton.
1649 2456 1854 2540 Caliy.
1886 2462 1947 2522 8.

673 2561 833 2628 1001
887 2560 1353 2645 [A]SIA[TI]CA,
1402 2561 1521 2643 (M.
1566 2559 1760 2626 Lollii
1817 2559 2133 2643 Paullini)
2192 2558 2440 2626 Valerii
2498 2560 2768 2626 Asiatici
2831 2560 3223 2646 (Saturnini)
3280 2563 3381 2629 bis

796 2663 1081 2728 consulis
1126 2664 1274 2748 (σος.
1318 2665 1412 2730 ΙΙ
1446 2686 1505 2729 α.
1538 2664 1689 2746 125)
1735 2686 1903 2728 uxor
1944 2663 2048 2729 CI
2049 2663 2112 2729 G
2155 2667 2330 2730 2587
2370 2668 2412 2729 t.
2455 2662 2788 2731 Cretensis,

686 2802 776 2813 —
839 2776 1165 2830 AEMILIA
1209 2775 1541 2830 PAVLINA
1584 2775 1957 2831 ASIATICA.

673 2870 838 2936 1002
883 2868 1228 2953 Asiaticus,
1263 2869 1398 2934 dux
1431 2868 1768 2937 Gallorum
1798 2891 1916 2955 pro
1929 2868 2209 2934 Vindice
2253 2869 2340 2953 (a.
2374 2868 2477 2951 68)
2516 2867 2872 2934 bellaverat
2910 2868 3054 2935 Tac.
3086 2869 3147 2936 h.
3180 2875 3247 2947 2,
3280 2875 3378 2935 94.

672 2975 836 3039 1003
882 2972 1240 3055 Asiaticus,
1312 2970 1558 3037 Vitellii
1616 2971 1920 3047 libertus,
1974 2970 2258 3037 ‘foedum
2317 2973 2713 3059 mancipium
2774 2983 2838 3038 et
2892 2972 3077 3037 malis
3131 2973 3381 3039 artibus

803 3074 1261 3157 ambitiosum‘,
1310 3097 1560 3140 summa
1604 3073 1776 3162 apud
1825 3097 1968 3139 cum
2023 3076 2314 3160 potentia
2363 3076 2509 3142 Tac.
2564 3074 2625 3140 h.
2678 3081 2745 3153 2,
2794 3079 2895 3142 57.
2950 3079 3062 3153 95,
3124 3075 3379 3142 Sueton.

807 3176 1010 3243 Vitell.
1054 3183 1162 3256 12,
1208 3177 1543 3245 Plutarch.
1599 3176 1814 3243 Galba
1858 3182 1984 3256 2o;
2039 3178 2322 3263 equestri
2383 3177 2700 3261 dignitate
2759 3200 2799 3241 a
2857 3176 3120 3243 Vitellio
3174 3179 3381 3264 primo

799 3280 1057 3366 imperii
1099 3280 1204 3345 die
1251 3291 1517 3346 ornatus
1558 3281 1706 3346 Tac.
1736 3279 1798 3345 h.
1829 3286 1896 3358 2,
1925 3284 2029 3357 57,
2079 3282 2337 3346 Sueton.
2387 3279 2426 3348 l.
2473 3280 2552 3359 l.,·
2596 3290 2742 3367 post
2785 3302 3009 3345 necem
3052 3279 3300 3347 Vitellii
3344 3303 3386 3345 a

796 3383 1101 3448 Muciano
1146 3385 1394 3448 occisus
1448 3384 1594 3449 Tac.
1638 3382 1701 3447 h.
1746 3387 1806 3460 4,
1851 3387 1953 3453 11.
2045 3383 2448 3447 Memoratur
2494 3383 2716 3450 Sidon.
2759 3383 3049 3467 Apollin.
3097 3405 3190 3469 εΡ.
3227 3387 3288 3464 5,
3321 3388 3381 3450 7.

711 3522 799 3533 -
883 3496 945 3554 Ρ.
994 3494 1415 3551 CORNELIVS
1463 3494 1700 3551 selmo
1747 3480 2162 3551 ASIATICVS.

712 3626 799 3636 —
884 3588 1089 3654 Iulius
1134 3588 1485 3657 Asiaticus.

713 3729 798 3739 —
884 3703 965 3757 M.
1007 3701 1327 3757 LOLLIVS
1373 3700 1791 3757 PAVLLINVS
1836 3701 2214 3756 VALERIVS
2259 3701 2649 3757 ASIATIOVS
2698 3700 3189 3758 SATVRNINVS.

714 3832 804 3842 —
887 3804 1264 3860 VALERIVS
1311 3803 1722 3860 ASIATICVS.

710 3935 796 3945 —
881 3907 954 3963 D.
1001 3906 1377 3963 VALERIVS
1423 3905 1835 3963 ASIATICVS.

710 4037 799 4046 —
883 3999 965 4082 Q.
1012 4001 1314 4066 Valerius
1358 4000 1706 4066 Asiaticus.

713 4140 801 4152 —
888 4103 1321 4185 (VALERIVS)
1367 4112 1659 4167 TAVRVS
1705 4112 2118 4169 ASIATICVS.

676 4207 843 4271 1004
888 4205 1131 4270 Asilius
1178 4205 1460 4272 Sabinus
1507 4205 1748 4271 Seneca
1793 4225 2039 4271 suasor.
2083 4210 2149 4283 2,
2191 4210 2279 4272 12
2322 4206 2402 4288 cf.
2446 4226 2512 4275 n.
2542 4210 2729 4270 1000.

673 4309 839 4373 1005
884 4306 1191 4391 Asillius,
1252 4329 1464 4373 comes
1522 4309 1705 4394 pueri
1751 4308 1876 4374 Gai
1923 4331 1982 4374 a.
2019 4308 2098 4374 14
2144 4330 2205 4394 p.
2240 4308 2313 4375 C.
2362 4308 2619 4375 Sueton.
2662 4306 2868 4392 Galia.
2913 4311 2958 4371 8
3001 4307 3072 4373 in
3112 4307 3387 4391 epistula

802 4409 1102 4495 Auyusti.
1187 4409 1292 4492 Cf.
1335 4432 1399 4479 n.
1431 4416 1614 4475 1000.

716 4548 801 4558 —
886 4512 1169 4578 Vinnius
1215 4513 1439 4579 Asina.

675 4616 840 4682 1006
883 4624 965 4682 Μ.
999 4625 1315 4699 ASINIVS,
1365 4639 1427 4680 n.
1462 4616 1610 4702 Sep.
1644 4615 1735 4683 M.
1767 4615 1950 4685 Asin.
1996 4615 2070 4682 O.
2103 4617 2242 4683 Pet.
2283 4615 2455 4701 (cos.)
2499 4616 2551 4680 I
2585 4621 2704 4681 766
2745 4616 2817 4681 in
2861 4621 3093 4682 tessera
3133 4615 3385 4700 yladia-

801 4719 991 4784 toria.
1078 4718 1394 4803 Boryhesi
1451 4741 1592 4802 omo.
1639 4719 1773 4784 III
1805 4741 1880 4802 Ρ.
1924 4723 2045 4785 355
2110 4718 2540 4783 detnonstrare
2601 4718 2845 4783 studuit
2908 4717 3388 4801 intelleyendum

800 4841 929 4887 esse
987 4822 1088 4888 M.
1141 4822 1440 4886 Asinium
1497 4821 1861 4905 Ayrippam
1917 4822 2231 4887 consulem
2290 4821 2689 4888 ordinarium
2745 4844 2806 4887 a.
2851 4825 2939 4888 25
2997 4842 3135 4886 cum
3196 4820 3390 4886 Cosso

802 4922 1096 4991 Cornelio
1140 4923 1446 5003 Lentulo,·
1503 4924 1684 4989 illum
1728 4946 1855 5008 per
1913 4928 2111 4988 totum
2170 4945 2408 4989 annum
2464 4926 2673 5007 fasces
2725 4925 3011 5008 yessisSe,
3060 4944 3199 4989 cum
3240 4921 3388 4986 huic

802 5025 874 5092 C.
922 5026 1264 5093 Petronius
1323 5025 1625 5107 suffectus
1691 5032 1864 5093 esset.
1968 5027 2062 5091 At
2126 5029 2593 5108 aryumentatio
2658 5026 2829 5093 docti
2889 5028 3053 5093 Itali
3114 5026 3388 5111 infirmis

800 5130 1232 5212 fundamentis
1274 5132 1617 5196 constituta
1660 5135 1769 5196 est.
