3859 5992
504 533 769 590 CATIVS
1793 525 1915 591 321
2272 592 2278 597 ,
2947 535 3211 595 CATIVS

763 729 1056 796 ‘Clarum
1085 730 1371 812 militiae,
1406 731 1669 808 Fronte,
1697 741 2014 817 togaeque
2043 730 2263 796 decus’
2292 752 2470 814 quem
2501 731 2847 814 alloquitwr
2877 731 3220 798 Martialis

632 834 824 917 epiyr.
856 838 914 911 1,
945 837 1044 910 55,
1073 837 1139 910 2,
1185 833 1326 915 quis
1355 832 1748 916 significetm‘
1776 835 2177 917 iynoramuffi
2223 833 2298 899 de
2327 832 2510 900 Catio
2537 834 2866 901 Frontone
2902 836 3011 901 viv
3052 839 3217 900 recte

632 937 965 1019 cogitatur,
998 936 1226 1019 quippe
1248 935 1360 1018 qui
1386 937 1457 1000 in
1485 936 1697 1001 causis
1711 936 2118 1019 potissimum
2149 936 2427 1001 dicendis
2453 942 2742 1003 versatus
2770 957 2900 1005 esse
2927 937 3219 1003 videatur

634 1038 746 1121 (cf.
779 1037 959 1104 Plin.
991 1039 1170 1121 epist.
1210 1042 1270 1116 3,
1301 1042 1400 1116 11,
1429 1042 1472 1102 3
1521 1039 1651 1101 ‘vir
1694 1038 2161 1104 movendarum
2203 1038 2619 1107 lacrimarum
2663 1040 3165 1127 peritissimus').

502 1141 628 1207 469
672 1150 737 1208 Τ.
758 1150 1021 1206 CATIVS
1048 1149 1515 1206 CATVLLINVS
1549 1150 1849 1206 SESTIVS
1881 1148 2374 1226 SECVNDINVS,
2396 1153 2655 1228 praetor
2687 1142 2977 1209 urbanus
3008 1144 3209 1227 regio-

633 1245 733 1308 nis
764 1244 902 1310 XII
948 1243 1050 1309 VI
1068 1248 1186 1310 760
1230 1246 1456 1327 (SESTL.
1488 1266 1618 1327 pro
1662 1262 1826 1310 SESTI
1869 1246 1942 1310 in
1986 1244 2226 1329 lapide)
2273 1246 2354 1327 cf.
2397 1245 2769 1325 Mommsen,
2818 1245 3220 1314 Staatsrccht

634 1347 727 1412 II
729 1346 757 1385 ⁸
789 1368 865 1429 p.
895 1350 1038 1412 516.
2244 1380 2250 1385 ·

504 1449 630 1515 470
677 1458 938 1513 CATIVS
971 1458 1220 1513 CELER
1262 1453 1652 1514 memoratur
1691 1451 1762 1515 in
1803 1449 2006 1515 titulis
2038 1470 2263 1533 yraece
2290 1451 2548 1534 scriptis
2583 1451 2899 1518 Thraciae
2929 1450 3218 1517 Bulletin

634 1551 710 1616 dc
739 1552 1274 1634 correspondance
1301 1551 1676 1634 Helle‘m'que
1722 1551 1825 1617 VI
1843 1552 2062 1635 (1882)
2098 1575 2171 1636 p.
2202 1556 2325 1619 183
2352 1574 2414 1619 n.
2446 1558 2486 1617 6
2523 1549 2631 1638 (1),
2664 1555 2777 1636 qui
2803 1559 2847 1623 t.
2882 1554 3216 1620 Gordiano

632 1654 766 1719 III
784 1654 1107 1719 dedicatus
1137 1659 1244 1731 est,
1277 1659 1336 1719 et
1364 1655 1435 1718 in
1466 1659 1508 1719 t.
1533 1655 1810 1719 milimii
1834 1657 1951 1720 sub
1981 1655 2192 1721 codem
2210 1657 2417 1739 positi
2435 1655 2647 1722 Revue
2678 1657 2945 1723 archeol.
2976 1660 3099 1723 ser.
3122 1658 3214 1722 II

628 1757 1036 1824 voLXVIII
1056 1755 1268 1841 (1868)
1286 1764 1496 1842 p.441
1526 1758 1643 1844 (2),
1690 1760 1803 1840 qui
1831 1759 1998 1825 male
2030 1760 2381 1844 descriptus
2424 1760 2833 1842 corriyendus
2861 1765 2955 1825 est
2983 1780 3060 1824 ex
3089 1764 3132 1824 t.
3144 1754 3215 1825 '1.

758 1859 984 1927 Κατίου
1030 1862 1230 1946 Κελερ
1255 1909 1272 1925 .
1300 1909 1317 1926 .
1342 1910 1359 1926 .
1405 1866 1448 1928 t.
1491 1867 1558 1938 2,
1620 1859 1877 1928 Καττίου
1925 1863 2192 1950 Κέλερος
2236 1867 2278 1930 t.
2316 1867 2356 1927 1
2402 1859 2498 1941 (ut
2545 1863 2794 1928 omnino
2845 1883 2974 1927 non
3033 1860 3218 1927 semel

631 1965 700 2028 in
731 1962 939 2029 eodem
968 1962 1217 2029 homine
1246 1964 1654 2029 inveniuntur
1673 1965 1921 2046 formae
1939 1964 2168 2031 Catius
2192 1970 2251 2030 et
2273 1964 2525 2032 Cattius
2547 1965 2743 2031 veluti
2762 1966 2844 2048 cf.
2868 1985 2932 2030 n.
2947 1966 3114 2047 473).
3137 2000 3214 2011 -

631 2066 921 2150 Legatus
966 2065 1248 2148 Augusti
1294 2088 1411 2152 pro
1454 2090 1554 2153 pr.
1598 2067 1918 2133 Thraciae
1963 2067 2086 2133 sub
2132 2069 2464 2135 Gordiano
2508 2069 2611 2134 III
2659 2074 2702 2134 t.
2739 2073 2798 2134 1.
2835 2073 2902 2136 2.

762 2168 1014 2234 Cattius
1057 2167 1248 2233 Celer
1290 2170 1401 2252 qui
1457 2190 1594 2234 cum
1654 2171 1858 2235 tribus
1917 2171 2070 2236 aliis
2123 2170 2357 2236 Cattiis
2414 2172 2483 2237 in
2543 2176 2583 2236 t.
2625 2170 2879 2237 Cattiae
2934 2169 3220 2235 mulieris

632 2271 962 2336 cuiusdam
1001 2276 1390 2337 memoratur
1433 2273 1501 2336 in
1543 2277 1586 2338 t.
1618 2273 1738 2338 IX
1763 2277 1937 2338 2778
1980 2274 2091 2358 (cf.
2121 2294 2184 2341 n.
2214 2273 2370 2357 480)
2399 2279 2647 2359 reperto
2676 2273 2969 2339 Boviano
2996 2277 3217 2349 vetere,

629 2395 782 2439 num
828 2374 995 2439 idem
1035 2376 1139 2452 sit,
1186 2373 1535 2439 diiudicari
1575 2377 1809 2457 nequit.

505 2477 624 2543 471
676 2487 839 2542 SEX.
903 2486 1168 2542 CATIVS
1230 2486 1764 2542 CLEMENTINVS
1825 2487 2426 2562 PRISGILLIANVS,
2502 2478 2726 2544 consul
2783 2501 2842 2543 a.
2887 2480 3013 2544 230
3071 2498 3214 2542 cum

638 2581 714 2645 L.
764 2580 947 2645 Virio
994 2579 1320 2664 Agricola.
1410 2581 1496 2645 In
1539 2580 1902 2646 consulatu:
1948 2581 2098 2647 Sex.
2141 2580 2364 2647 Catius
2410 2580 2852 2647 Clementinus
2895 2581 3031 2647 III
3064 2579 3218 2664 dipI.

632 2682 765 2748 mit.
794 2687 895 2760 51,
945 2683 1098 2749 Sex.
1148 2682 1373 2747 Catius
1418 2681 1909 2767 CssementiJnus
1956 2683 2058 2749 VI
2085 2688 2283 2762 19845
2323 2684 2738 2750 Pricillianus
2780 2685 2944 2766 fasti
2979 2684 3217 2767 yraeci}

634 2786 1058 2851 Priscilianus
1085 2785 1476 2862 Brambach,
1505 2785 1749 2870 Corpus
1771 2787 2271 2871 Inscriptionum
2292 2788 2754 2854 Rhenanarum
2773 2791 2920 2865 231,
2953 2792 3221 2852 ceterum
3314 2826 3325 2839 -

640 2888 1082 2954 Clementinus
1125 2889 1303 2971 fasti.

505 2991 674 3058 471a
719 2990 943 3057 Catius
986 2989 1273 3077 Crispus,
1321 2991 1727 3077 municipalis
1772 2991 2024 3076 (rhetor
2068 2993 2331 3079 quidam
2377 3003 2588 3057 aetate
2622 2993 2928 3077 Augusti)
2976 2992 3221 3059 Seneca

631 3112 877 3158 suasor.
922 3098 988 3170 2,
1033 3098 1134 3158 16.

515 3195 640 3260 472
687 3194 912 3261 Catius
957 3195 1245 3281 Lepidus
1291 3194 1540 3274 (nomen
1584 3196 1979 3279 yente'limum
2021 3198 2296 3262 servavit
2338 3198 2530 3263 codex
2572 3196 3220 3280 Asburnhamianus),

635 3300 880 3361 amicus
925 3297 1140 3380 Plinii,
1189 3297 1272 3362 ad
1318 3321 1513 3384 quem
1558 3300 1817 3384 scripsit
1853 3300 2033 3382 epist.
2077 3304 2138 3377 4,
2188 3304 2245 3364 7.

508 3401 634 3466 473
678 3410 742 3464 Ρ.
797 3409 1059 3465 CATIVS
1107 3411 1441 3481 SABINVS,
1490 3400 1713 3466 consul
1755 3401 1825 3466 II
1869 3424 2041 3466 anno
2086 3404 2214 3468 216
2258 3424 2406 3467 cum
2439 3404 2513 3469 P.
2548 3401 2850 3468 Cornelio
2881 3401 3213 3468 Anullin0.

644 3503 876 3568 Tituli:
931 3504 1066 3585 ipse
1124 3502 1439 3568 dedicavit
1494 3505 1815 3569 urbanum
1870 3505 2153 3569 versibus
2212 3509 2572 3587 conceptum
2616 3504 2718 3570 VI
2747 3509 2870 3570 313
2914 3504 3022 3590 (1),
3068 3507 3217 3569 item

636 3626 906 3682 carmen,
952 3605 1120 3688 quod
1145 3607 1427 3689 pertine-t
1471 3606 1559 3671 ad
1596 3607 1775 3671 ludos
1805 3605 2140 3672 Castorum
2183 3608 2398 3674 Ostiae
2436 3608 2781 3674 celebratos
2806 3607 2997 3673 XIV
3014 3613 3054 3673 1
3086 3609 3219 3693 (2),-

631 3712 1020 3771 memoratur
1059 3709 1130 3772 in
1175 3712 1215 3772 t.
1257 3709 1507 3774 urbano
1554 3708 1656 3774 VI
1685 3714 1807 3774 364
1850 3709 1961 3794 (3).

763 3806 847 3874 In
893 3809 1258 3875 consulatu:
1300 3813 1374 3876 P.
1411 3811 1635 3876 Catius
1668 3810 1951 3877 Sabinus
1984 3812 2118 3876 ΙΠ
2151 3810 2303 3894 dipl.
2348 3810 2481 3875 mil.
2528 3816 2628 3888 49,
2674 3810 2901 3877 Catius
2933 3812 3216 3880 Sabinus

634 3911 822 3978 XIV
837 3917 1026 3990 2596,
1076 3913 1327 3978 Cattius
1373 3914 1658 3979 Sabinus
1688 3915 1782 3980 II
1802 3918 2002 3982 2221.
2049 3919 2237 3991 2663,
2284 3918 2553 3979 cetemm
2598 3915 2879 3981 Sabinus
2923 3917 3100 3998 fasti.
3136 3955 3213 3964 -—

637 4064 652 4079 .
682 4066 695 4080 .
743 4015 967 4081 Catius
1013 4015 1296 4081 Sabinus
1341 4021 1384 4081 t.
1428 4022 1487 4094 3,
1538 4016 1762 4083 Catius
1808 4022 1852 4082 t.
1893 4023 1944 4084 2
1983 4037 2039 4083 v.
2078 4022 2121 4083 5
2164 4016 2445 4083 Sabinus
2485 4038 2539 4080 v.
2586 4022 2643 4096 6,
2691 4018 2916 4084 Catius
2962 4024 3004 4087 t.
3044 4024 3101 4085 1.
3137 4057 3213 4065 -—

635 4118 759 4182 Vir
804 4116 1197 4182 clarissimus
1244 4124 1287 4183 t.
1326 4124 1379 4183 1.

761 4220 1035 4284 Praetor
1067 4218 1246 4283 urbis
1275 4221 1383 4304 (=
1405 4221 1714 4304 urbanus)
1746 4226 1790 4286 t.
1824 4228 1881 4298 1,
1926 4223 2078 4285 item
2108 4222 2197 4287 ad
2222 4227 2605 4304 praeturam
2630 4223 2950 4289 urbanam
2977 4229 3221 4307 spectat

633 4322 803 4404 quod
841 4323 975 4405 ipse
1017 4342 1083 4386 se
1129 4321 1284 4386 dicit
1328 4328 1367 4389 t.
1402 4327 1451 4389 2
1500 4324 1791 4388 ‘urbanis
1838 4323 2126 4389 fascibus
2168 4334 2477 4391 auctum’.
2557 4324 2791 4390 Consul
2838 4326 2889 4391 I
2918 4325 3219 4406 suffectus

635 4445 803 4489 anno
841 4425 1080 4490 incerto
1125 4424 1369 4490 saeculi
1408 4426 1501 4491 II
1532 4428 1827 4492 mcuntis.
1920 4427 2201 4493 Curator
2240 4427 2498 4492 aedium
2542 4450 2875 4494 sacrarum
2919 4419 3217 4518 operum-

635 4548 762 4612 que
806 4526 1218 4612 publicorum
1263 4551 1430 4593 anno
1478 4530 1602 4594 210
1649 4534 1691 4597 t.
1735 4535 1796 4597 3.
1887 4529 2130 4596 Consul
2175 4532 2244 4595 Π
2287 4552 2457 4595 anno
2501 4532 2628 4597 216
2671 4533 2848 4614 fasti.
2883 4568 2962 4579 --
3003 4532 3220 4598 Potest

631 4629 798 4694 idem
841 4650 971 4695 esse
1021 4631 1093 4696 P.
1143 4630 1369 4696 Catius
1415 4631 1715 4715 SabinuS,
1763 4634 1875 4715 qui
1915 4638 2308 4698 memoratur
2348 4634 2421 4698 in
2462 4638 2506 4699 t.
2550 4636 2717 4699 sewi
2759 4634 2822 4699 V
2849 4639 3031 4701 7677.

523 4768 610 4777 -·
674 4741 742 4796 L.
789 4741 1102 4798 CATTIVS
1149 4743 1487 4800 SEVERVS
1531 4735 1671 4799 vide
1716 4734 1988 4802 Cattius.

504 4835 630 4900 474
675 4843 772 4901 TI.
834 4845 1099 4900 CATIVS
1169 4847 1405 4902 SILIVS
1472 4847 1838 4906 ITALICVS.
1929 4838 2172 4904 Consul
2238 4861 2407 4903 auno
2461 4841 2544 4906 68
2612 4862 2757 4905 cum
2823 4842 2892 4905 P.
2954 4842 3218 4909 Galerio

630 4938 972 5006 TrachaIO.
998 4976 1080 4986 -—
1109 4939 1375 5005 Nummi
1402 4941 1472 5023 a)
1504 4941 1817 5024 Smymae
1846 4942 1908 5025 b)
1939 4940 2253 5025 Dorylaei
2280 4946 2336 5028 c)
2368 4941 2662 5008 Blaundi
2686 4944 2801 5008 sub
2833 4943 3218 5027 Vespasiano

634 5041 787 5117 cusi,
837 5043 948 5125 qui
987 5043 1058 5107 in
1089 5048 1287 5126 parte
1332 5064 1556 5109 aversa
1591 5044 1880 5110 exhibent
1912 5042 2305 5131 Ἀνθυ(πάτῳ)
2342 5044 2612 5134 Ἰταλικῷ
2637 5047 2733 5111 vel
2764 5044 2898 5113 Ἐπὶ
2930 5045 3218 5117 Ἰταλικοῦ

634 5142 1084 5229 Waddinyton,
1130 5146 1365 5212 Fastes
1406 5168 1468 5212 n.
1508 5151 1610 5212 98.

603 5252 1031 5310 Prosopon-aphia
1057 5255 1182 5310 Imp.
1211 5255 1350 5300 Rom.
1403 5256 1443 5300 1.
1735 5320 1738 5325 ,
2740 5253 2805 5307 21
