3859 5992
579 470 933 528 Avcmrvs
1857 460 1982 526 182
2943 467 3297 524 AVFIDIVS

582 667 748 732 1142
797 675 859 731 C.
904 666 1348 751 *AVCID[IVS]
1397 676 1870 749 VICTORINVS,
1919 665 2145 731 consul
2190 666 2555 750 (suffectus)
2598 686 2822 731 mense
2858 664 3035 729 Maio
3078 688 3138 732 a.
3174 666 3294 730 155

708 790 858 833 cum
900 769 993 834 M.
1040 771 1254 837 Gavio
1314 819 1544 836 ......
1606 770 1710 836 VI
1739 774 1913 837 2086
1971 774 2121 834 acta
2160 768 2518 833 Arvalium.
2580 803 2667 814 —
2721 766 3041 832 Aucicliae
3090 768 3298 851 yentis

706 871 971 948 nullum,
1019 872 1186 955 quod
1228 873 1426 937 sciam
1444 923 1459 949 ,
1507 877 1850 956 praeterea
1901 876 2141 937 certum
2191 870 2539 954 exemplum
2582 871 2858 936 innotuit
2870 890 2892 948 ‚·
2948 891 3100 934 nam
3138 871 3208 934 in
3253 874 3296 934 t.

709 972 830 1039 IX
868 978 992 1039 948
1049 974 1124 1042 L.
1171 974 1470 1039 Mummii
1530 974 1719 1058 Nigri
1781 973 2012 1055 Quinti
2054 973 2304 1039 Valerii
2348 973 2582 1057 Vegeti
2643 972 2938 1038 Severini
2998 970 3296 1037 Caucidii

709 1075 986 1141 Tertulli
1032 1081 1092 1140 et
1134 1077 1269 1143 III
1301 1082 1464 1144 6183
1508 1078 1582 1142 Ρ.
1627 1076 1892 1161 Vigellii
1938 1079 2059 1143 Rai
2106 1076 2307 1142 Plarii
2354 1075 2688 1142 Saturnini
2733 1075 2920 1141 Atilii
2964 1073 3298 1140 Braduani

711 1177 1010 1244 Caucidii
1057 1178 1330 1244 Tertulli
1378 1179 1702 1263 leyendum
1748 1186 1838 1246 est
1874 1179 2245 1258 CaucidiuS,
2290 1201 2416 1245 non
2453 1179 2522 1245 0.
2555 1178 2891 1256 Aucidius,
2934 1199 3075 1243 cum
3115 1177 3299 1244 homo

701 1283 1028 1364 posterior
1084 1283 1221 1347 sine
1279 1282 1470 1348 dubio
1511 1283 1856 1366 parentela
1913 1284 2282 1349 coniunctus
2339 1282 2537 1364 fhaeerit
2596 1302 2735 1347 cum
2791 1280 3018 1364 Appia
3073 1280 3300 1345 Annia

709 1383 972 1468 Reyilla
1013 1383 1228 1448 Atilia
1278 1383 1594 1450 Caucidia
1646 1384 1950 1451 Tertulla.
2023 1385 2252 1466 Itaque
2297 1384 2586 1449 dubitari
2624 1386 2733 1449 vix
2761 1388 2993 1467 potest,
3035 1384 3186 1466 quin
3226 1384 3299 1447 in

714 1487 874 1550 actis
901 1484 1262 1562 Arvalium,
1309 1487 1423 1551 ubi
1467 1486 1717 1552 litterae
1759 1508 1920 1569 quae
1960 1488 2258 1570 feruntur
2300 1504 2483 1552 Auen)
2510 1535 2526 1551 .
2549 1534 2565 1551 .
2592 1535 2610 1552 .
2635 1534 2652 1551 .
2697 1487 2998 1567 fractura
3040 1484 3299 1550 tabulae

708 1587 1043 1652 mutilatae
1085 1592 1249 1665 sunt,
1297 1610 1366 1653 re
1403 1609 1555 1653 vera
1583 1591 1888 1672 scriptum
1915 1590 2001 1653 sit
2030 1587 2382 1672 Aumn[ms],
2429 1590 2523 1653 ita
2550 1593 2624 1653 ut
2644 1590 2902 1672 primus
2935 1588 3299 1653 consulatus

712 1688 778 1756 Ο.
824 1689 1083 1774 Aufidii
1134 1689 1445 1756 Victorini
1482 1712 1603 1758 cos.
1650 1692 1742 1757 II
1775 1712 1835 1758 a.
1879 1695 2003 1757 183
2043 1691 2449 1775 siynificetur.

621 1830 711 1841 —
751 1793 829 1858 L.
878 1792 1189 1858 Cocceius
1233 1791 1505 1858 Auctus.

621 1932 710 1944 —
754 1895 1105 1981 Pompeius
1147 1894 1424 1963 Auctus.

584 2016 750 2081 1143
793 2015 872 2080 L.
904 2013 1251 2097 Audasius,
1299 2015 1609 2081 falsarum
1652 2014 2022 2080 tabularum
2068 2038 2217 2081 reus
2262 2039 2472 2102 neque
2516 2026 2728 2081 aetate
2770 2038 2982 2103 neque
3026 2039 3298 2103 corpore

712 2119 965 2200 integer
997 2139 1143 2182 cum
1175 2118 1467 2204 Epicado
1496 2120 1565 2183 in
1598 2117 1969 2201 Augustum
2001 2118 2124 2185 sub
2155 2118 2349 2182 finem
2390 2120 2643 2204 imperii
2685 2121 2824 2184 eius
2865 2120 3296 2205 conspiravit3

708 2219 942 2286 Iuliam
986 2218 1185 2284 filiam
1225 2231 1291 2286 et
1321 2221 1680 2308 Agrippam
1726 2230 2026 2307 nepotem
2070 2243 2155 2285 ex
2200 2221 2451 2303 insulis,
2498 2221 2736 2309 quibus
2778 2222 3292 2305 continebantur,

708 2344 939 2408 rapere
984 2322 1068 2386 ad
1115 2325 1440 2387 exercitus
1480 2323 1967 2388 destinaverant
2012 2323 2268 2389 Sueten.
2313 2325 2585 2408 Auyust.
2628 2331 2728 2391 19.

581 2445 749 2510 1144
792 2453 1068 2507 AVDIVS
1143 2453 1415 2507 BASSVS
1489 2449 1875 2508 memoratur
1947 2443 2019 2509 in
2091 2443 2271 2509 titulo
2347 2444 2618 2527 bilinyui
2686 2444 2922 2528 Cyprio
2980 2445 3113 2510 III
3163 2448 3297 2510 218

705 2576 791 2600 =
831 2546 1084 2611 Lebas-
1101 2546 1531 2628 Waddinyton
1587 2550 1795 2623 2806‚·
1862 2568 1979 2631 per
2038 2545 2368 2612 Audioum
2426 2548 2742 2611 Bassoum
2803 2548 3029 2624 latine,
3095 2545 3292 2614 Ὀδίου

707 2647 953 2716 Βάσσου
995 2668 1255 2730 yraece3
1313 2647 1660 2734 proconsul
1711 2647 1917 2733 Cypri
1976 2647 2100 2714 sub
2159 2649 2353 2713 finem
2413 2671 2467 2717 a.
2516 2650 2640 2714 198
2692 2651 2778 2738 cf.
2824 2650 3295 2715 adnotationem

708 2750 1210 2834 Waddinytonii.

586 2871 751 2936 1145
797 2868 1142 2952 Avectius,
1210 2867 1474 2933 ‘bellum
1528 2868 1840 2934 adversus
1888 2869 2389 2935 transrhenanas
2435 2881 2659 2955 gentes
2720 2894 2759 2935 a
2816 2871 2944 2955 (Ti.
2993 2871 3292 2956 Claudio)

708 2974 928 3037 Druso
988 2967 1075 3050 (a.
1122 2919 1248 3038 742
1290 3001 1376 3025 ---
1418 2976 1506 3036 12
1563 2975 1623 3036 et
1672 2970 1828 3054 sqq.)
1886 2982 2138 3056 gestum
2198 3011 2266 3018 —
2313 3009 2394 3021 —
2441 2975 2509 3036 in
2568 2995 2696 3059 quo
2756 2975 2926 3039 inter
2982 2977 3295 3060 primores

708 3084 1166 3160 pugnaverunt
1219 3074 1760 3140 *Chumstinctus
1795 3085 1897 3167 *et
1955 3075 2267 3140 Avectius
2337 3075 2580 3141 tribuni
2655 3098 2738 3140 ex
2812 3078 3077 3141 civitate
3133 3077 3292 3141 Ner·

705 3178 987 3242 viorum'
1036 3178 1261 3241 Ia'vius
1292 3176 1604 3260 periocha
1647 3175 1687 3243 l.
1734 3182 1873 3242 141.

584 3299 750 3364 1146
793 3297 1178 3363 Aufidienus
1239 3296 1480 3379 Rufus,
1542 3295 1656 3360 diu
1715 3296 2171 3383 manipularis,
2233 3296 2387 3361 dein
2454 3299 2778 3380 centuri0‚
2848 3321 3000 3364 mox
3067 3302 3295 3365 castris

710 3401 1080 3486 praefectus
1125 3424 1184 3465 a.
1236 3401 1318 3466 14
1355 3422 1416 3485 p.
1465 3397 1538 3465 C.
1596 3399 1743 3464 Tac.
1792 3420 1940 3465 ann.
1987 3405 2046 3477 1,
2089 3405 2196 3466 20.

589 3521 749 3586 1147
794 3520 1098 3585 Aufidius
1129 3522 1392 3601 BassuS,
1428 3519 1575 3602 (M.)
1607 3518 1959 3585 Servilium
1989 3520 2355 3584 Nonianum
2397 3520 2733 3603 (consulem
2767 3544 2827 3586 a.
2850 3527 2950 3600 35,
2982 3529 3297 3590 mortuum

713 3645 772 3688 a.
821 3623 928 3707 59)
971 3623 1236 3709 paulum
1281 3633 1492 3688 aetate
1537 3622 1934 3708 praecedens
1988 3623 2363 3705 Quintilian.
2411 3625 2557 3688 inst.
2601 3630 2701 3702 10,
2741 3632 2800 3703 1,
2847 3631 2971 3691 103
2981 3647 3003 3705 ‚·
3047 3648 3299 3714 semper

710 3727 946 3790 infirmi
1009 3727 1293 3813 corporis
1345 3747 1548 3791 senex
1604 3722 1818 3790 subito
1880 3725 2119 3789 defecit
2165 3725 2405 3790 Seneca
2445 3728 2622 3809 epist.
2667 3732 2750 3791 30
2810 3724 3081 3813 (scripta
3123 3731 3299 3795 circa

710 3851 769 3894 a.
816 3829 943 3913 60).
1032 3831 1274 3894 Rerum
1337 3830 1645 3914 scriptor3
1705 3830 2153 3892 auctoritatem
2216 3827 2524 3893 historiae
2586 3833 2874 3915 egregie,
2942 3834 3170 3919 utique
3231 3835 3297 3899 in

708 3931 892 3997 libris
946 3930 1099 3997 belli
1147 3932 1538 4013 Germanici,
1597 3931 1932 4016 praestitit,
1994 3951 2234 4014 genere
2279 3933 2418 4016 ipso
2463 3931 2815 4017 probabilis
2860 3936 2925 3998 in
2973 3935 3297 4001 omnibus,

712 4033 826 4098 sed
875 4037 942 4098 in
988 4032 1382 4119 quibusdam
1429 4034 1561 4096 suis
1609 4033 1745 4117 ipse
1791 4032 2041 4097 viribus
2086 4034 2297 4096 minor
2334 4033 2711 4114 Quintilian.
2747 4035 2786 4099 l.
2820 4035 2895 4113 l.,·
2934 4038 3131 4102 verba
3165 4040 3300 4105 eius

713 4136 787 4201 dc
842 4140 1041 4201 morte
1092 4134 1415 4201 Ciceronis
1475 4133 1836 4213 afferuntur
1880 4157 1923 4199 a
1969 4134 2209 4200 Seneca
2252 4155 2497 4200 suasor.
2543 4141 2600 4213 6,
2646 4142 2745 4202 18.
2791 4144 2911 4217 23,-
2953 4147 3301 4222 praeterea

711 4239 950 4303 citatur
1004 4236 1176 4301 Plin.
1218 4258 1283 4302 n.
1328 4237 1389 4301 Ῑι.
1437 4242 1493 4313 6,
1540 4241 1646 4314 27,
1705 4236 2068 4304 Cassiodor.
2123 4238 2336 4303 chron.
2384 4260 2456 4322 p.
2505 4244 2624 4304 161
2683 4238 2957 4319 (ΟῙινοπ.
3004 4246 3157 4309 min.
3203 4246 3296 4312 II

712 4341 804 4408 ed.
855 4338 1235 4422 Mommsen)
1283 4340 1364 4422 cf.
1413 4361 1478 4422 p.
1510 4344 1672 4417 112;
1713 4344 2102 4405 memoratur
2153 4341 2299 4407 Tac.
2348 4341 2502 4406 di.al
2549 4348 2654 4407 23.
2745 4342 2996 4409 Plinius
3041 4351 3300 4435 scripsit

712 4444 1013 4509 historias
1071 4465 1112 4506 a
1168 4443 1297 4506 fine
1353 4441 1600 4507 Aufidii
1658 4444 1843 4507 Bassi
1909 4443 2085 4508 Plin.
2132 4464 2196 4508 n.
2249 4444 2310 4509 h.
2359 4446 2648 4527 praefat.
2694 4451 2817 4523 20,
2884 4446 3063 4514 Plin.
3118 4450 3295 4533 epist.

708 4551 768 4625 3,
812 4549 873 4623 5,
920 4550 979 4610 6.

588 4667 750 4733 1148
795 4664 1097 4731 Aufidius
1128 4664 1348 4749 Chius,
1388 4666 1623 4730 ‘acrior
1669 4663 1790 4731 hoc
1834 4665 2239 4749 (describitur
2270 4671 2663 4750 procurator
2690 4667 2951 4749 quidam
2992 4671 3297 4751 mulieriS,

710 4771 821 4853 qui
861 4789 964 4833 res
1004 4768 1256 4845 uxoris,
1319 4769 1508 4832 immo
1558 4768 1784 4832 mariti
1824 4767 1983 4852 ayit)
2031 4767 2232 4834 Chius
2278 4791 2405 4834 non
2451 4771 2574 4833 erit
2617 4769 2942 4835 Aufidius'
2996 4771 3300 4839 Martial.

708 4876 767 4950 5,
808 4876 906 4950 61,
938 4876 1052 4949 10;
1095 4873 1310 4937 notior
1352 4870 1616 4937 Aufidio
1660 4871 1967 4936 moechus
2011 4871 2297 4937 Juvenal.
2336 4877 2395 4948 9,
2428 4876 2532 4949 25,
2577 4872 2693 4936 ubi
2734 4872 2899 4936 idem
2940 4875 3304 4959 siynificari

707 4974 988 5053 videtum
1040 4973 1150 5057 (de
1195 4996 1317 5039 usu
1360 4973 1605 5058 fructu)
1649 4973 2031 5039 Atilicinum
2079 4974 2489 5059 respondisse
2518 4974 2821 5040 Aufidius
2853 4974 3057 5041 Chius
3103 4978 3305 5044 refert

710 5079 1074 5163 fraqmenta
1123 5076 1441 5144 Vaticana
1486 5081 1584 5141 77.
