3859 5992
657 514 1086 575 oREMvrlvs
1948 502 2075 574 480
2983 511 3370 571 caesenas

684 709 691 715 ⁹
781 726 1150 798 accusatae,
1211 713 1387 801 quod
1449 714 1637 778 editis
1695 714 2040 780 annalibus
2099 714 2493 800 laudatoque
2552 714 2644 779 M.
2690 715 2897 779 Bruto
2945 714 3021 781 C.
3068 714 3371 780 Cassium

785 820 1223 884 Romanorum
1266 816 1561 882 ultimum
1609 816 1900 900 dixisset,
1954 821 2159 883 vitam
2203 816 2421 882 inedia
2466 816 2681 881 finivit
2732 818 2879 882 Tac.
2924 840 2986 881 a.
3030 822 3090 894 4,
3134 821 3370 891 34-35,

783 921 915 987 Dio
957 926 1058 998 57,
1105 926 1212 999 24,
1259 921 1503 987 Seneca
1548 920 1588 984 l.
1635 919 1676 984 l.
1721 925 1834 996 22,
1878 925 1919 985 6
1964 921 2046 1002 cf.
2093 919 2351 985 Sueten.
2405 920 2543 987 Tib.
2585 925 2684 984 61.

912 1023 1139 1089 Edidit
1167 1022 1451 1106 annales,
1486 1022 1725 1108 quibus
1763 1023 1985 1087 civilia
2020 1022 2194 1088 bella
2228 1014 2516 1105 deflevit,
2555 1023 3033 1108 proscribentes
3072 1025 3140 1087 in
3169 1034 3375 1087 aeter-

783 1150 940 1192 num
985 1129 1123 1213 ipse
1161 1127 1543 1213 proscripsit
1574 1126 1816 1192 Seneca
1847 1125 1886 1192 l.
1921 1125 1963 1190 l.
1994 1130 2102 1204 26,
2135 1131 2209 1204 1;
2251 1126 2456 1191 verba
2497 1128 2635 1190 eius
2671 1126 2753 1189 de
2796 1137 3001 1191 morte
3034 1126 3374 1191 Ciceronis

783 1232 1145 1295 afferuntur
1168 1229 1411 1297 Seneca
1439 1248 1686 1293 suasor.
1711 1234 1767 1305 6,
1793 1233 1891 1294 19.
1917 1233 2039 1306 23;
2069 1228 2151 1292 de
2182 1228 2457 1293 lectione
2485 1240 2749 1294 senatus
2779 1252 2836 1296 a.
2864 1230 3085 1295 736:
3106 1230 3184 1294 18
3208 1252 3270 1296 a.
3298 1228 3373 1293 C.

784 1332 1089 1398 laudatur
1119 1332 1380 1398 Sueten.
1411 1331 1684 1414 Any-ast.
1715 1336 1796 1395 35
1807 1351 1829 1409 ;
1873 1340 2100 1395 auctor
2143 1330 2340 1396 Plinii
2386 1331 2565 1399 Plin.
2610 1353 2674 1396 n.
2716 1332 2777 1398 h.
2808 1332 2939 1399 ind.
2971 1332 3011 1397 l.
3047 1337 3102 1396 7.
3134 1338 3235 1397 10.
3270 1337 3373 1408 16,

783 1438 1019 1500 citatur
1053 1434 1182 1499 ibd.
1214 1439 1310 1511 10,
1347 1439 1426 1499 74
1457 1435 1566 1518 (ε
1595 1433 1793 1500 Solin.
1827 1440 1925 1512 14,
1959 1434 2101 1517 19);
2145 1439 2244 1510 16,
2275 1438 2418 1498 108.
2485 1434 2671 1499 Libri
2716 1444 2863 1521 post
2891 1435 3376 1499 damnationem

783 1547 1045 1602 senatus
1101 1536 1395 1601 consulto
1450 1559 1568 1622 per
1625 1535 1867 1601 aediles
1925 1538 2195 1601 cremati
2255 1546 2437 1620 sunt,
2487 1537 2600 1601 sed
2646 1548 3025 1602 manserunt
3067 1537 3375 1601 occultati

784 1653 850 1705 et
907 1662 1104 1726 opera
1147 1640 1436 1705 Marciae
1487 1640 1661 1704 filiae
1719 1640 2039 1725 permissu
2098 1641 2507 1725 imperatoris
2553 1640 2679 1707 Gai
2727 1640 2941 1704 denuo
3003 1640 3161 1705 editi
3220 1651 3378 1703 sunt

792 1744 938 1809 Tac.
973 1766 1031 1810 a.
1064 1748 1124 1820 4,
1154 1748 1254 1819 35,
1302 1741 1435 1807 Dio
1465 1747 1564 1819 57,
1597 1748 1703 1819 24,
1747 1743 1990 1809 Seneca
2021 1742 2109 1807 ad
2144 1743 2358 1807 Marc.
2391 1748 2449 1819 1,
2493 1743 2749 1809 Sueten.
2785 1742 2985 1826 Caliy.
3017 1747 3116 1819 16,
3148 1764 3376 1827 quam·

785 1868 979 1932 quam
1027 1847 1426 1911 circumcisis
1464 1868 1631 1931 quae
1663 1845 1906 1910 dixisse
1938 1844 2155 1911 Cordo
2192 1855 2505 1910 nocuerat
2536 1846 2799 1927 Quinta.
2832 1848 2977 1911 inst.
3010 1851 3112 1922 10,
3140 1850 3200 1920 1,
3228 1850 3374 1909 104.

660 1951 824 2015 1282
870 1949 1243 2014 Cremutius
1274 1950 1469 2031 Ruso,
1518 1971 1557 2011 a
1600 1970 1730 2034 quo
1775 1959 1849 2013 ut
1891 1971 2024 2012 una
2067 1970 2289 2013 secum
2333 1971 2596 2013 causam
2627 1950 2864 2013 Triarii
2895 1958 3066 2031 agat,
3114 1947 3377 2013 Plinius

783 2053 947 2137 petit
991 2054 1167 2135 epist.
1214 2057 1273 2130 6,
1319 2056 1407 2118 23
1420 2072 1441 2129 ;
1483 2051 1567 2115 ad
1611 2052 1940 2116 Rusonem
1985 2051 2272 2116 eiusdem
2317 2051 2471 2116 data
2516 2063 2614 2116 est
2657 2054 2835 2136 epist.
2883 2057 2941 2134 9,
2990 2056 3091 2116 19.

698 2191 781 2200 —
827 2164 893 2231 Q.
942 2163 1337 2218 CAECILIVS
1382 2163 1708 2218 RVFINVS
1753 2162 2354 2217 CREPEREIANVS.

699 2295 787 2303 —
828 2266 906 2322 M.
955 2265 1349 2321 CAEcles
1395 2265 1808 2321 Fvscnfflvs
1857 2254 2483 2340 CREP[E]RE1ANVS
2529 2254 3077 2340 F[L]oR[1]ANVS.

659 2361 826 2425 1283
875 2358 1260 2445 Crepereius
1306 2358 1823 2444 Calpurnianus,
1880 2358 2515 2445 Pompeiopolitanus
2562 2357 2642 2421 de
2687 2357 2857 2422 bello
2903 2357 3212 2423 Parthico
3261 2361 3375 2423 im-

790 2462 1109 2547 peratoris
1168 2462 1243 2529 L.
1310 2461 1467 2525 Veri
1536 2462 1797 2548 scripsit
1852 2460 2306 2545 Thucydidem
2366 2460 2678 2526 imitando
2734 2461 3006 2525 Lacian.
3064 2462 3374 2543 quomodo

784 2564 929 2629 hist.
976 2565 1280 2630 conscrib.
1327 2570 1424 2630 15.

663 2668 825 2732 1284
870 2666 1259 2753 Crepereius
1304 2665 1554 2749 Gallus,
1602 2665 1941 2733 familiaris
1985 2667 2407 2753 Agrippinae,
2458 2669 2683 2731 matris
2727 2667 3025 2749 NeroniS,
3075 2689 3248 2731 anno
3295 2670 3377 2731 59

787 2770 980 2855 periit
1030 2769 1177 2834 Tac.
1226 2790 1287 2833 a.
1333 2774 1433 2845 14,
1480 2774 1540 2834 5.

661 2874 827 2938 1285
874 2872 1260 2957 Crepereius
1293 2870 1520 2955 Polli0‚
1567 2873 1680 2957 qui
1726 2870 2046 2958 triplicem
2095 2895 2360 2936 usuram
2406 2883 2740 2957 praestare
2780 2883 3045 2956 paratus
3075 2875 3379 2937 circumit

788 2987 853 3040 et
911 2975 1124 3040 fatuos
1184 2996 1312 3039 non
1372 2976 1623 3039 invenit
1665 2974 1954 3039 Juvenal.
2000 2980 2059 3051 9,
2105 2979 2277 3053 5-8,·
2337 2974 2543 3039 Pollio
2605 2974 2941 3039 mendicus
2994 2975 3081 3038 id.
3129 2981 3228 3053 11,
3276 2981 3378 3041 43.

661 3080 827 3143 1286
871 3087 937 3141 L.
971 3086 1440 3141 CREPEREIVS
1472 3086 1878 3153 PROCVLVS,
1910 3076 2136 3142 consul
2160 3076 2485 3161 (suffectus
2514 3099 2682 3141 anno
2712 3078 2991 3160 incerto),
3024 3078 3377 3162 proconsul

787 3182 838 3245 I
840 3180 956 3245 GI
991 3184 1107 3244 744
1163 3210 1248 3233 =
1303 3179 1469 3245 GIG
1519 3184 1683 3246 5798
1741 3185 1783 3244 t.
1848 3180 2350 3264 Neapolitanas,
2413 3201 2593 3263 quem
2645 3185 2991 3263 posuerunt
3035 3178 3379 3268 Ἀρτεμίσιοι

789 3286 1102 3370 φρήτορες.
1210 3280 1313 3347 De
1376 3264 1736 3348 nominibus
1805 3283 2078 3348 lamminis
2143 3285 2275 3347 tria
2340 3304 2500 3366 quae
2565 3288 2785 3348 extant
2855 3283 3031 3348 tituli
3091 3285 3381 3368 exempla

788 3386 1196 3450 dissentiunt:
1239 3393 1298 3447 Α.
1326 3391 1770 3449 ΚΡΕΙΙΕΛΛΙΟΝ
1794 3385 2049 3450 Fabius
2070 3386 2408 3462 Iordanus,
2435 3394 2496 3449 A.
2523 3392 2969 3449 KPEHEPAION
3004 3384 3376 3469 CapacciuS,

785 3495 847 3550 A.
884 3494 1321 3551 KPEHEPEIOT
1357 3494 1683 3552 ΙΙΡΟΚΛΟΥ
1730 3489 1945 3553 Marc.
1991 3489 2144 3553 Ant.
2189 3489 2487 3571 Suryens.

663 3593 824 3658 1287
856 3601 924 3659 L.
950 3601 1416 3656 GREPEREIVS
1440 3601 1785 3657 ROGATVS
1809 3594 1990 3675 S'z'yno
2008 3600 2501 3657 SECVNDINVS.
2536 3592 2594 3657 Τ
2586 3591 2781 3656 {iulus
2802 3592 2938 3655 eius
2968 3590 3070 3656 VI
3080 3596 3373 3677 1397(1),

786 3700 1174 3758 memoratur
1216 3695 1286 3758 in
1331 3700 1373 3758 t.
1418 3695 1642 3759 umoris
1684 3698 1849 3759 1398
1879 3696 1994 3781 (2).
2025 3731 2112 3741 -
2140 3694 2218 3762 L.
2265 3693 2651 3779 Crepereius
2695 3695 2986 3778 Rogatus
3032 3699 3075 3761 t.
3108 3699 3168 3770 1,
3216 3694 3374 3759 Cre-

789 3799 1048 3883 pereius
1094 3799 1383 3880 Rogatus
1427 3803 1472 3862 t.
1520 3803 1578 3863 2.
1627 3835 1710 3843 —·
1756 3797 2114 3863 Secundini
2159 3803 2201 3865 t.
2240 3804 2299 3866 1.

915 3899 1332 3965 Clarissimus
1376 3903 1479 3964 vir
1525 3906 1568 3965 t.
1614 3906 1672 3966 1.
1719 3908 1785 3978 2,
1830 3901 2128 3987 pontifex
2172 3900 2278 3965 dei
2325 3900 2495 3966 Solis
2542 3904 2693 3985 (non
2723 3905 2870 3964 ante
2898 3900 3372 3982 Aurelianum),

791 4005 1142 4088 septemvir
1172 4003 1578 4089 (epulonum)
1612 4015 1676 4069 et
1718 4005 1991 4087 insignis
2029 4004 2367 4090 Lupercus
2400 4008 2442 4067 t.
2474 4009 2532 4067 1.
2574 4040 2646 4049 ——
2678 4003 2755 4068 L.
2789 4002 3034 4068 Baebia
3064 4002 3378 4068 Sallustia

785 4104 1210 4171 Crescentilla
1254 4128 1421 4172 uxor
1467 4112 1508 4175 t.
1553 4110 1620 4172 2.

663 4208 827 4272 1288
875 4207 1205 4289 Crescens,
1259 4209 1538 4273 Neronis
1582 4207 1854 4273 libertus
1900 4231 2071 4273 anno
2104 4210 2186 4274 69
2224 4209 2622 4293 Carthagine
2667 4207 2927 4294 epulum
2973 4207 3147 4294 plebi
3193 4207 3377 4272 dedit

787 4310 869 4374 ob
913 4309 1227 4376 laetitiam
1274 4322 1595 4376 recentem
1641 4312 1892 4397 imperii
1943 4310 2220 4376 Othonis
2274 4312 2421 4377 Tac.
2467 4312 2529 4380 h.
2574 4317 2633 4389 1,
2682 4316 2780 4376 76.

509 4456 537 4485 .
667 4413 829 4476 1289
876 4411 1210 4496 Crescens,
1246 4413 1665 4499 philosophus
1699 4414 2006 4498 Cynicus,
2041 4415 2154 4500 qui
2185 4414 2661 4479 Antoninorum
2697 4413 3098 4499 temporibus
3127 4413 3372 4476 Romae

789 4514 1085 4598 degebat,
1119 4526 1345 4580 contra
1374 4538 1570 4601 quem
1598 4516 1888 4581 Iustinus
1922 4516 2326 4581 Christianos
2356 4516 2649 4581 defendit
2677 4516 2908 4583 lustin.
2937 4515 3183 4599 apolog.
3204 4521 3271 4592 2,
3295 4519 3372 4591 3;

791 4616 1062 4681 insidias
1107 4619 1359 4683 Iustino
1406 4629 1471 4683 et
1514 4619 1792 4683 Tatiano
1838 4621 2082 4684 struxit
2130 4621 2384 4684 Tate'an.
2432 4620 2730 4684 adversus
2768 4623 2935 4701 yent.
2979 4623 3095 4696 19,·
3145 4630 3372 4682 auctor

789 4719 1089 4806 supplicii
1131 4722 1364 4787 Iustini
1396 4722 1631 4786 Euseb.
1667 4721 1810 4787 hist.
1843 4723 2053 4790 eccles,
2084 4728 2144 4799 4,
2179 4729 2261 4787 17
2303 4723 2444 4807 (ubi
2482 4724 2677 4787 verba
2718 4722 2960 4787 Iustini
2999 4726 3058 4785 et
3112 4722 3374 4785 Tatium?

790 4821 1194 4905 afferantur),
1253 4823 1484 4891 Euseb.
1534 4847 1693 4892 arm.
1740 4825 1954 4891 chron.
2003 4826 2090 4890 ad
2132 4847 2191 4893 a.
2238 4826 2401 4891 Abr.
2447 4829 2615 4892 2168
2658 4855 2742 4878 ---
2786 4824 3154 4907 Hieronym.
3200 4827 3370 4888 2170

785 4955 871 4978 --
907 4923 1178 5007 Syncell.
1210 4947 1284 5008 p.
1312 4931 1451 5004 663,
1481 4933 1539 5003 6,
1586 4927 1956 5011 Hieronym.
1989 4928 2063 4993 de
2103 4930 2221 4995 mir.
2267 4928 2358 4992 iel.
2404 4933 2494 4993 23
2537 4929 2629 4992 II
2649 4949 2724 5010 p.
2754 4931 2876 4992 851
2922 4926 3018 4991 ed.
3067 4925 3367 5003 Vallarsi,

789 5028 1031 5094 Suidas
1072 5029 1125 5093 I
1146 5051 1217 5111 p.
1248 5034 1414 5094 1018
1457 5031 1550 5098 ed.
1596 5031 2000 5114 Bernhardy.

703 5168 789 5177 -—
832 5131 921 5196 M.
970 5132 1288 5197 Aemilius
1335 5132 1669 5203 Crescens.
