3859 5992
535 542 1049 598 ARISTOBVLVS
1827 531 1951 595 134
2794 539 3249 596 ARISTONICE

666 740 1028 826 spargebat,
1075 738 1414 803 lacessitus
1458 737 1755 802 Herodes
1788 736 2207 824 Antipatrum
2251 735 2456 801 filium
2502 736 2860 821 relegatum
2903 736 2988 801 ad
3032 736 3250 802 aulam

662 844 995 907 revocavit
1039 851 1104 905 et
1147 839 1501 905 honoribus
1547 842 1868 925 provexit,
1916 840 2091 904 unde
2121 839 2482 904 discordiae
2512 841 2681 904 inter
2710 850 2961 926 patrem
2994 848 3059 904 et
3086 838 3252 904 filios

665 945 1078 1010 Mariammes
1125 954 1303 1008 ortae
1334 954 1485 1008 sunt
1515 943 1601 1009 id.
1638 948 1769 1009 ant.
1801 949 1900 1021 16,
1930 948 1990 1020 3,
2040 942 2180 1008 bell.
2215 949 2273 1020 1,
2304 948 2409 1020 23,
2443 948 2599 1009 1-2.
2676 943 2864 1025 Quae
2893 965 3040 1008 cum
3069 941 3254 1008 Anti-

666 1058 848 1134 patro
896 1058 1160 1112 auctore
1205 1056 1568 1111 crescerent
1613 1049 1679 1111 in
1724 1046 1881 1129 dies,
1929 1046 2226 1111 Herodes
2257 1047 2325 1110 in
2354 1045 2606 1112 Italiam
2637 1045 2967 1132 profectus
2997 1046 3085 1130 (a.
3117 1047 3253 1128 fere

668 1157 794 1217 742
823 1181 908 1204 :z
937 1150 1046 1232 12)
1091 1149 1258 1214 filios
1302 1171 1522 1214 secum
1565 1148 1882 1214 adductos
1915 1149 2260 1234 Aquileiae
2288 1149 2462 1235 apud
2492 1147 2866 1232 Augustum
2897 1151 3251 1225 accusavit,

565 1322 570 1326 ,
667 1254 782 1319 sed
826 1255 909 1319 ab
953 1256 1343 1339 imperatore
1388 1254 1454 1316 in
1499 1253 1778 1336 gratiam
1822 1252 2075 1317 reducti
2118 1261 2272 1316 sunt
2314 1253 2401 1319 id.
2435 1256 2567 1320 ant.
2603 1257 2701 1328 16,
2730 1258 2789 1328 4,
2822 1257 2972 1329 1-4,
3021 1251 3161 1317 bell.
3194 1258 3252 1329 1,

665 1362 771 1433 23,
801 1362 862 1421 3.
935 1358 1221 1421 Domum
1265 1357 1510 1419 reversi
1556 1354 1770 1419 denuo
1817 1354 2188 1419 inimicitias
2221 1354 2635 1437 exercebant,
2681 1376 2843 1440 quas
2888 1356 2957 1418 in
3002 1363 3254 1441 tempus

670 1457 1032 1525 Archelaus
1069 1459 1432 1544 composuit
1459 1457 1546 1521 id.
1580 1463 1712 1521 ant.
1743 1462 1841 1535 16,
1872 1461 1935 1533 8,
1968 1462 2025 1533 6,
2075 1455 2214 1522 bell.
2245 1462 2304 1533 1,
2336 1460 2444 1533 25,
2491 1456 2649 1520 (111111
2680 1455 2978 1522 Herodes
3006 1456 3255 1522 Aristo-

667 1561 896 1629 bulum
941 1570 1007 1625 et
1047 1559 1496 1625 Alexandrum
1546 1561 1816 1624 crimine
1860 1557 2192 1645 parricidii
2242 1560 2305 1621 in
2352 1558 2617 1623 vincula
2660 1560 2938 1624 coniecit
2988 1559 3073 1627 id.
3120 1565 3251 1627 ant.

667 1672 766 1743 16,
798 1672 898 1742 10,
949 1663 1088 1729 bell.
1121 1669 1176 1740 1,
1209 1668 1316 1740 27,
1349 1669 1406 1728 1.
1473 1663 1578 1727 De
1609 1662 1860 1727 consilii
1894 1663 2233 1745 sententia,
2282 1661 2458 1748 quod
2488 1664 2803 1749 Berytum
2843 1673 3251 1741 convocarat,

669 1770 958 1834 damnati
1005 1779 1069 1833 et
1109 1767 1280 1852 apud
1315 1765 1631 1831 Sebasten
1675 1767 1871 1831 occisi
1917 1775 2070 1831 sunt
2113 1787 2173 1833 a.
2219 1767 2355 1848 fere
2395 1772 2516 1831 747
2542 1796 2625 1818 =
2654 1770 2695 1831 7
2738 1766 2823 1831 id.
2859 1771 2989 1832 ant.
3022 1772 3119 1845 16,
3153 1771 3252 1843 11,

667 1877 819 1948 1—7,
867 1871 1006 1938 bell.
1038 1876 1096 1947 1,
1128 1876 1234 1947 27,
1267 1874 1425 1947 2-6,
1458 1868 1800 1949 (Nicolaus
1829 1869 2217 1935 Dama-scen.
2249 1869 2323 1934 de
2351 1871 2486 1934 vita
2513 1890 2635 1934 sua
2663 1871 2751 1952 fr.
2781 1873 2822 1936 5
2850 1869 3081 1936 FHG.
3112 1870 3252 1947 III,

669 1975 908 2041 Strabo
953 1980 1053 2052 16,
1087 1978 1250 2060 765).

795 2076 1020 2142 Liberi
1066 2075 1458 2142 Aristobuli:
1522 2074 1960 2153 Aristobuhm,
2024 2074 2285 2159 (Iulius)
2319 2075 2615 2161 Agrippa
2658 2076 2719 2157 (I
2749 2077 2913 2160 rex),
2960 2074 3255 2140 Herodes

671 2204 788 2245 rex
820 2179 1166 2263 Chalcidis,
1213 2177 1556 2261 Herodia8‚
1605 2178 1987 2244 Mariamme
2017 2178 2266 2261 Ioseph.
2300 2183 2433 2243 ant.
2464 2183 2564 2255 18,
2593 2183 2653 2255 5,
2682 2184 2741 2256 4,
2791 2178 2930 2244 bell.
2963 2184 3022 2256 1,
3052 2182 3161 2255 28,
3195 2184 3253 2242 1.

541 2287 665 2351 863
714 2281 1129 2349 Aristobulus
1160 2282 1403 2363 (iunior
1448 2282 1709 2346 additur
1751 2284 1821 2346 in
1866 2281 2142 2365 qvistula
2191 2280 2465 2346 Claudii
2496 2281 2745 2365 Ioseph.
2779 2287 2910 2347 ant.
2933 2288 3041 2358 20,
3073 2287 3131 2358 1,
3162 2280 3254 2364 2),

668 2387 839 2451 filius
873 2383 1234 2451 Aristobuli
1267 2396 1331 2450 et
1361 2385 1724 2467 Berenices,
1764 2406 1967 2471 nepos
1996 2384 2280 2449 Herodis
2310 2384 2554 2467 Magni,
2590 2384 2790 2449 frater
2811 2384 3146 2470 Agrippae
3169 2385 3254 2466 (I)

667 2491 837 2570 regis
883 2499 947 2553 et
989 2489 1274 2552 Herodis
1316 2489 1490 2571 regis
1536 2486 1864 2553 Chalcidis
1910 2486 2158 2571 Ioseph.
2206 2492 2336 2554 ant.
2383 2492 2482 2564 18,
2526 2492 2586 2564 5,
2631 2493 2691 2564 4,
2754 2486 2894 2553 bell.
2941 2492 2998 2564 1,
3043 2492 3151 2564 28,
3196 2492 3254 2551 1.

670 2595 941 2678 Iotapen
974 2591 1478 2677 Sampsigerami
1510 2592 1682 2673 regis
1715 2591 2183 2655 Emesenorum
2228 2588 2425 2655 filiam
2459 2590 2526 2654 in
2557 2591 3037 2655 matrimonium
3069 2588 3260 2654 duxit

670 2693 755 2758 id.
822 2699 952 2760 ant.
1000 2697 1099 2769 18,
1132 2699 1190 2769 5,
1222 2699 1282 2758 4.
1377 2692 1862 2778 (Pomponium)
1914 2692 2226 2757 Flaccum
2284 2690 2568 2777 legatum
2632 2692 2865 2777 Syriae
2923 2690 3257 2778 Agrippae

670 2799 856 2862 fratri
905 2795 1227 2860 infensum
1270 2796 1554 2860 reddidit
1596 2796 1684 2860 id.
1729 2801 1858 2860 ant.
1905 2800 2011 2873 18,
2044 2802 2102 2873 6,
2130 2801 2194 2864 3.
2265 2794 2347 2861 Α.
2389 2796 2473 2860 40
2532 2795 2707 2881 apud
2761 2795 2833 2861 P.
2881 2795 3257 2859 Petronium

670 2899 955 2982 legatum
1007 2900 1238 2983 Syriae
1299 2921 1446 2963 cum
1503 2898 1646 2963 aliis
1691 2898 1952 2964 Iudaeis
2011 2898 2398 2984 deprecatus
2445 2907 2571 2981 est,
2634 2920 2720 2962 ne
2763 2907 2978 2963 statua
3023 2898 3145 2965 Gai
3188 2898 3255 2961 in

675 3002 910 3087 templo
973 3000 1563 3086 Hierosolymitano
1624 3011 1975 3088 poneretur
2032 3002 2119 3066 id.
2168 3008 2300 3067 ant.
2347 3006 2446 3078 18,
2493 3006 2553 3078 8,
2584 3007 2643 3066 4.
2735 3002 3041 3066 Privatus
3101 2999 3261 3065 obiit

676 3107 898 3191 Iotape
945 3103 1078 3168 filia
1124 3105 1324 3169 surda
1364 3103 1590 3169 relicta
1629 3104 1715 3168 id.
1765 3104 1905 3169 bell.
1939 3110 2005 3181 2,
2035 3109 2134 3181 11,
2166 3110 2223 3171 6.

545 3211 670 3274 864
719 3207 1153 3291 AristobuluS,
1186 3206 1355 3272 filius
1387 3207 1669 3272 Herodis
1701 3208 1874 3291 regis
1905 3206 2234 3273 Chalcidis
2267 3230 2347 3272 ex
2382 3230 2587 3272 uxore
2614 3209 2831 3293 priore
2861 3207 3259 3291 Mariamme,

677 3334 875 3397 nepos
921 3309 1279 3375 Aristobuli
1326 3310 1411 3395 (n.
1442 3310 1613 3396 862),
1663 3333 1983 3397 pronepos
2030 3311 2312 3376 Herodis
2355 3310 2581 3394 Magni
2626 3310 2874 3393 Ioseph..
2909 3315 3038 3376 ant.
3071 3315 3168 3387 18,
3197 3315 3257 3387 5,

677 3421 753 3493 4;
794 3420 899 3490 20,
934 3418 992 3490 5,
1025 3419 1089 3489 2,
1141 3413 1281 3478 bell.
1309 3418 1373 3497 2,
1407 3418 1505 3489 11,
1541 3420 1597 3480 6.
1672 3413 1975 3479 Salomen
2027 3413 2225 3478 filiam
2270 3412 2664 3478 Herodiadis
2710 3423 2775 3478 et
2816 3412 3100 3477 Herodis
3143 3411 3260 3477 filii

676 3516 959 3582 Herodis
1005 3517 1251 3599 Magni,
1298 3539 1465 3602 quae
1510 3528 1716 3601 nupta
1759 3516 1975 3581 fuerat
2020 3516 2323 3602 Philippo
2370 3515 2731 3581 tetrarchae
2760 3515 3258 3599 TrachonitidiS,

677 3632 823 3708 post
879 3630 1147 3684 mortem
1211 3621 1427 3685 mariti
1487 3642 1755 3684 uxorem
1814 3619 2006 3684 duxit
2058 3620 2144 3685 id.
2192 3625 2324 3685 ant.
2370 3624 2469 3697 18,
2497 3624 2556 3697 5,
2588 3625 2648 3684 4.
2725 3617 2916 3684 Anno
2962 3621 3045 3685 54
3090 3620 3262 3685 Nero

676 3726 989 3789 minorem
1034 3721 1410 3788 Armeniam
1456 3724 1516 3786 ei
1561 3746 1708 3787 cum
1755 3724 2117 3805 insignibus
2162 3725 2356 3806 regiis
2400 3723 2736 3787 mandavit
2788 3723 2933 3788 Tae.
2982 3745 3042 3791 (ι.
3072 3729 3169 3800 13,
3205 3728 3261 3800 7,

677 3826 924 3909 Ioseph.
971 3832 1101 3891 ant.
1145 3834 1251 3904 20,
1284 3832 1343 3903 8,
1376 3832 1434 3903 4,
1485 3826 1624 3891 bell.
1655 3831 1720 3903 2,
1755 3832 1852 3903 13,
1884 3833 1951 3892 2.
1996 3826 2188 3892 Anno
2234 3828 2318 3891 60
2364 3849 2512 3912 pars
2554 3827 2902 3891 Armeniae
2947 3826 3262 3909 (maioris)

679 3932 734 3993 ei
781 3953 1088 3993 concessa
1131 3939 1227 3993 est
1280 3930 1426 3994 Tac.
1476 3951 1537 3993 a.
1584 3934 1684 4006 14,
1721 3935 1829 3995 26.

805 4033 984 4096 Idem
1027 4031 1271 4095 videtur
1301 4029 1718 4095 Aristobulus
1759 4054 1878 4094 rex
1910 4029 2316 4095 Chalcidices
2352 4042 2565 4096 aetate
2594 4032 2978 4117 Vespasiani
3013 4032 3261 4115 Ioseph.

681 4135 817 4200 bell.
855 4139 909 4210 7,
946 4140 1000 4210 7,
1034 4138 1072 4197 1
1119 4134 1226 4217 (cf.
1261 4133 1558 4211 Saliarem
1610 4132 1978 4200 Gesclcickte
2024 4135 2129 4199 des
2160 4135 2497 4217 jadischen
2543 4135 2763 4200 Volkes
2791 4135 2842 4199 I
2860 4158 2930 4218 p.
2963 4133 3130 4217 607),
3178 4135 3267 4198 ad

678 4259 856 4320 quem
886 4238 1168 4319 pertinet
1210 4259 1500 4301 mammas
1543 4240 1612 4301 in
1642 4243 1839 4321 parte
1885 4239 2153 4303 adversa
2183 4238 2479 4303 eschibens
2509 4238 2799 4325 βασιλέως
2831 4235 3263 4327 Ἀριστοβούλου

680 4342 763 4404 ἐτ.
798 4337 891 4419 ιζ’,
937 4340 1006 4403 in
1051 4359 1276 4403 aversa
1313 4339 1465 4404 Τίτω
1515 4340 1941 4406 Οὐεσπασιανῶ
1988 4342 2370 4426 αὐτοκράτορι
2414 4342 2683 4426 σεβαστῶ
2725 4340 2799 4403 de
2830 4340 3087 4425 Saulcy,
3122 4342 3265 4407 Me'-

682 4443 897 4524 lmtyes
930 4441 1004 4505 de
1037 4440 1545 4523 Numismatique
1584 4442 1717 4506 III
1734 4465 1808 4525 p.
1838 4448 1961 4507 339
1995 4464 2144 4523 sqq„
2192 4441 2484 4506 Babelon
2527 4442 2741 4505 Reme
2783 4445 3268 4526 numismatique

684 4550 848 4609 1883
873 4568 946 4626 p.
978 4548 1117 4621 145,
1164 4545 1736 4626 ΙηιῘιοοῙὲΒῑτιπιιν,
1785 4546 2243 4627 ΡονίνᾱίῘεὸΡῙὶε
2288 4546 2416 4627 auf
2448 4545 2705 4609 antiken
2752 4546 3033 4612 Mamm
3060 4570 3134 4630 p.
3165 4554 3264 4613 44.
3330 4623 3334 4628 .

573 4684 660 4693 -
725 4655 1098 4711 AVRELIVS
1144 4657 1679 4712 ARISTOBVLVS.

573 4787 660 4796 —-
728 4759 1097 4814 CLAVDIVS
1145 4760 1628 4815 ARISTOCLES.

574 4890 661 4897 -
726 4853 1073 4916 Petronius
1110 4851 1564 4917 Aristocrates.

556 4955 681 5019 865
725 4954 1237 5038 Aristomachus,
1267 4954 1564 5019 tribunus
1585 4954 2141 5041 praetorianorum
2161 4957 2283 5022 sub
2300 4955 2654 5043 Elagabalo
2672 4959 2777 5021 vit.
2791 4958 2860 5021 E
2868 4956 3077 5045 layab.
3090 4965 3188 5041 14,
3207 4965 3268 5030 8.

575 5095 662 5104 -
727 5069 804 5125 M.
851 5067 1229 5122 ANTons
1278 5057 1974 5145 [A]R[ls]To[MENEs].

577 5199 661 5207 --
729 5171 952 5226 VLPIA
995 5170 1469 5226 ARISTONICE.
