3859 5992
614 552 914 618 ASINIVS
1923 546 2046 611 165
3034 558 3331 615 ASINIVS

743 772 1019 837 quorum
1083 751 1484 816 orationibus
1538 751 1822 816 inserere
1887 763 2317 819 consueverat
2378 753 2758 835 Quintilian.
2810 755 2954 821 inst.
3008 763 3065 833 1,
3111 760 3172 834 8,
3218 762 3336 837 11,-

744 852 936 918 homo
1004 853 1289 917 omnium
1357 851 1662 917 horarum
1721 855 1906 918 seriis
1968 856 2253 940 iocisque
2312 857 2557 941 pariter
2615 857 3137 924 accommodatus
3200 860 3327 925 ibd.

625 1024 636 1035 ,
744 962 801 1033 6,
831 961 1069 1033 3,.110.
1144 954 1393 1020 Tristes
1438 977 1514 1020 ac
1558 956 1760 1020 ieiuni
1806 955 2166 1021 Pollionem
2211 957 2622 1024 aemulantur
2664 959 2794 1026 ibcl.
2826 965 2933 1038 10,
2961 966 3026 1039 2,
3060 965 3159 1027 17.

873 1058 1275 1125 Memoratu'r
1314 1059 1382 1123 in
1415 1059 1512 1140 iis,
1548 1060 1660 1145 qui
1690 1057 1969 1124 multum
1997 1068 2148 1124 ante
2175 1063 2607 1146 quaestoriam
2645 1071 2917 1128 aetatem
2948 1067 3334 1147 gravissima

746 1160 987 1226 iudicia
1028 1163 1451 1247 susceperunt
1487 1161 1863 1243 Quintilian.
1895 1162 2041 1229 inst.
2072 1167 2178 1240 12,
2210 1168 2268 1240 6,
2302 1168 2360 1229 1.
2412 1162 2637 1229 Altero
2677 1174 2741 1228 et
2769 1166 3073 1231 vicesimo
3104 1168 3331 1232 aetatis

745 1285 914 1329 anno
975 1262 1048 1331 O.
1112 1262 1426 1329 Catonem
1486 1264 1836 1348 (tribunum
1869 1270 1872 1279 ’
1881 1264 2095 1348 plebis
2149 1288 2209 1331 a.
2253 1270 2375 1333 698
2417 1297 2502 1321 =
2542 1271 2625 1333 56
2666 1266 2800 1333 Dio
2841 1270 2949 1346 39,
2988 1274 3100 1353 279
3144 1291 3328 1335 accu-

746 1368 915 1431 savit
958 1390 1015 1434 a.
1063 1366 1188 1432 700
1232 1397 1315 1420 ---
1360 1368 1443 1432 54
1495 1367 1643 1432 Tac.
1689 1366 1844 1435 dial.
1888 1372 1989 1445 34,
2052 1367 2296 1434 Seneca
2344 1374 2618 1434 controv.
2666 1373 2723 1448 7,
2767 1376 2826 1448 4,
2876 1375 2933 1436 7.
3020 1372 3334 1436 Defendit

687 1542 692 1545 .
747 1467 979 1549 (aetate
1037 1469 1461 1563 triumuirum)
1521 1469 1818 1535 Lamiam
1877 1475 1950 1537 et‘
1997 1480 2224 1557 postea
2248 1496 2255 1501 “
2276 1473 2630 1537 orationem
2689 1494 2808 1559 pro
2852 1473 3085 1538 Lamia
3128 1473 3333 1540 edidit

748 1571 991 1637 Seneca
1032 1592 1277 1637 suasor.
1308 1578 1367 1650 6,
1389 1576 1499 1638 15.
1564 1572 1905 1638 Moschum
1951 1575 2425 1657 Pergamenum
2470 1575 2768 1640 veneficii
2816 1598 2997 1641 reum
3040 1576 3334 1642 defendit

747 1672 887 1754 (sub
931 1675 1185 1739 initium
1228 1676 1412 1760 reyni
1437 1676 1734 1759 Auyusti,
1778 1681 1849 1741 ut
1893 1698 1972 1743 ex
1999 1678 2279 1744 Horatio
2310 1677 2606 1762 apparet)
2635 1679 2867 1745 Horat.
2901 1680 3077 1763 epist.
3108 1684 3167 1758 1,
3198 1685 3257 1757 5,
3291 1685 3332 1746 9

747 1778 829 1858 cf.
877 1777 1192 1863 Pmphyr.
1229 1801 1299 1863 p.
1331 1784 1479 1856 274,
1528 1778 1771 1846 Seneca
1816 1785 2089 1849 controv.
2120 1785 2187 1859 2,
2217 1784 2278 1859 5,
2308 1784 2406 1847 13.
2481 1781 2716 1846 Mediis
2759 1781 3040 1867 Augusti
3088 1793 3328 1870 tempo—

744 1879 924 1946 ribus
955 1881 1130 1967 apud
1162 1883 1596 1947 centumviros
1627 1883 1951 1948 orationes
1981 1883 2225 1968 habuit,
2267 1906 2436 1971 quae
2481 1907 2597 1971 pro
2633 1884 2979 1952 heredibus
3020 1885 3332 1951 Vrbiniae

745 1984 1190 2050 inscribuntur
1227 1985 1375 2050 Tac.
1423 1983 1579 2053 dial.
1621 1989 1722 2062 38,
1765 1986 2144 2067 Quintilian.
2190 1988 2336 2052 inst.
2374 1992 2434 2065 4,
2468 1993 2525 2066 1,
2560 1993 2670 2067 11;
2716 1994 2773 2066 7,
2805 1993 2871 2066 2,
2908 1994 2970 2054 4.
3008 1993 3068 2055 5.
3102 1988 3200 2055 ’26
3243 1991 3331 2071 cf·

743 2092 802 2164 1,
848 2090 905 2164 5,
949 2091 1013 2165 8,
1059 2085 1308 2153 Charis.
1350 2087 1639 2154 Gramm.
1671 2090 1822 2154 Lat.
1865 2089 1917 2155 I
1936 2112 2010 2173 p.
2046 2095 2141 2155 77.
2233 2089 2372 2156 Sub
2408 2090 2716 2174 ‘Augusto
2762 2092 3045 2157 Nonium
3090 2090 3329 2179 Aspre-

745 2200 962 2255 natem
1003 2190 1302 2256 veneficii
1348 2214 1530 2256 reum
1573 2191 1864 2257 defendit
1902 2192 2281 2273 Quintilian.
2319 2194 2466 2259 inst.
2512 2198 2611 2271 10,
2642 2200 2701 2272 1,
2732 2200 2845 2272 22,
2891 2192 2972 2277 cf.
3006 2200 3106 2272 11,
3137 2200 3197 2272 1,
3226 2199 3328 2272 47,

744 2291 999 2358 Sueton.
1045 2293 1318 2377 Auyust.
1354 2299 1455 2372 56,
1499 2293 1675 2359 Plin.
1718 2316 1785 2360 n.
1830 2294 1891 2359 h.
1934 2300 2034 2373 35,
2087 2300 2239 2360 164
2266 2296 2353 2375 (si
2405 2317 2477 2361 re
2540 2318 2693 2362 vera
2764 2297 2885 2362 huc
2943 2298 3329 2379 pertineant,

743 2415 903 2477 quae
959 2394 1092 2462 Dio
1132 2400 1232 2474 55,
1278 2403 1319 2463 4
1382 2398 1518 2463 sine
1580 2398 1830 2462 nomine
1892 2398 1991 2463 rei
2052 2399 2513 2464 accusatorisve
2577 2400 2842 2477 narrat,
2911 2404 3120 2465 tamen
3184 2399 3330 2464 inde

743 2518 1138 2581 nequaquam
1193 2501 1475 2582 sequitur
1532 2500 1712 2565 illam
1759 2520 2021 2565 causam
2065 2523 2125 2566 a.
2177 2506 2295 2567 745
2338 2531 2422 2555 =
2467 2507 2507 2568 9
2548 2524 2609 2566 a.
2651 2501 2723 2569 0.
2778 2507 2988 2568 actam
3046 2523 3200 2579 esse,
3259 2508 3331 2567 ut

737 2601 994 2682 priores
1037 2603 1118 2683 cf.
1167 2601 1411 2686 Meyer,
1460 2603 1804 2670 Oratorum
1845 2624 2257 2668 romanorum
2297 2604 2663 2687 fraymenta
2693 2604 2786 2671 ecl.
2819 2605 2914 2670 II
2935 2628 3007 2688 p.
3044 2609 3172 2671 492
3201 2626 3330 2687 pro

744 2707 910 2767 certo
941 2705 1394 2788 animaruum
1432 2726 1588 2771 nam
1614 2704 1748 2771 Dio
1779 2705 1820 2770 l.
1852 2705 1893 2771 l.
1922 2726 2053 2773 non
2079 2707 2212 2771 nisi
2247 2707 2629 2775 transeundo
2671 2706 3200 2774 narratiunculas
3244 2707 3333 2772 acl

741 2805 1198 2873 humanitatem
1241 2808 1523 2891 Augusti
1561 2807 2016 2874 illustrandam
2075 2806 2312 2890 affert).
2387 2809 2642 2875 Incerto
2685 2815 2959 2893 tempore
3000 2808 3168 2875 dixit
3211 2831 3328 2896 pro

746 2908 990 2973 Scauro
1048 2909 1182 2974 filio
1228 2911 1606 2992 Quintilian.
1657 2912 1853 2976 instit.
1900 2916 1959 2989 6,
1990 2916 2052 2989 1,
2083 2916 2206 2990 21;
2244 2916 2305 2989 9,
2335 2917 2401 2989 2,
2433 2917 2522 2978 24
2566 2922 2631 2977 et
2674 2935 2791 2999 pro
2834 2912 3156 2977 Liburnia
3198 2910 3325 2977 ibd.

746 3016 805 3087 9,
838 3016 904 3089 2,
935 3017 1024 3078 24
1068 3007 1177 3095 (cf.
1212 3018 1271 3090 9,
1299 3017 1365 3089 2,
1398 3016 1485 3100 9).
1519 3051 1598 3060 —
1644 3013 1878 3078 Dictus
1918 3022 2017 3079 est
2051 3015 2117 3077 in
2150 3013 2224 3078 L.
2258 3014 2624 3079 Munatium
2654 3013 2971 3080 Plancum
3009 3017 3332 3080 orationes

751 3135 1000 3198 parare,
1034 3137 1204 3202 quae
1234 3115 1318 3181 ab
1349 3117 1489 3201 ipso
1524 3125 1637 3181 aut
1665 3115 1887 3181 liberis
1918 3126 2067 3202 post
2094 3127 2365 3183 mortem
2396 3115 2568 3182 illius
2601 3116 2947 3183 ederentur
2970 3116 3143 3183 Plin.
3172 3138 3235 3185 n.
3266 3117 3326 3182 h.

743 3219 960 3299 praef.
1003 3222 1104 3285 31.
1151 3255 1230 3263 -—-
1288 3216 1491 3283 Dicta
1548 3218 1715 3283 eius:
1780 3218 2113 3283 commode
2173 3218 2424 3303 agendo
2492 3219 2735 3285 factum
2803 3229 2932 3303 est,
3002 3229 3074 3284 ut
3136 3242 3328 3305 saepe

746 3339 1037 3403 agerem,
1092 3342 1286 3406 saepe
1343 3319 1628 3405 agendO,
1679 3330 1751 3386 ut
1793 3323 2007 3386 minus
2053 3321 2388 3387 commode
2432 3321 2613 3389 Plin.
2652 3345 2746 3406 ep.
2784 3328 2844 3401 6,
2883 3328 2994 3401 29,
3023 3327 3066 3389 5
3079 3343 3099 3402 ;
3141 3322 3329 3401 male,

749 3420 1028 3504 hercule,
1076 3423 1338 3488 eveniat
1374 3422 1611 3507 verbm,
1650 3424 1774 3488 nisi
1807 3446 1947 3489 rem
1977 3434 2335 3510 sequantur
2362 3424 2553 3491 schol.
2595 3424 2942 3507 Cruquian.
2981 3426 3070 3490 ad
3094 3426 3329 3492 Horat.

750 3525 926 3606 epist.
970 3529 1036 3602 2,
1081 3530 1144 3603 3,
1187 3530 1328 3590 311.

879 3628 1138 3693 Primus
1170 3629 1454 3693 omnium
1484 3629 1927 3693 Romanorum
1958 3627 2291 3692 advocatis
2327 3627 2694 3695 hominibus
2739 3631 2977 3716 scripta
3013 3653 3130 3696 sua
3173 3633 3330 3696 reci-

752 3730 916 3795 tavit
954 3730 1197 3796 Seneca
1240 3736 1512 3797 controv.
1558 3735 1600 3796 4
1642 3732 1862 3814 praef.
1907 3736 1976 3797 2.
2065 3730 2476 3796 Declamavit
2526 3731 2939 3797 multitudine
2996 3755 3327 3819 nunquam

749 3832 1061 3917 admissa3
1106 3835 1174 3898 in
1204 3832 1626 3899 declamando
1655 3832 1947 3898 floridior
1977 3831 2308 3919 aliquanto
2341 3856 2535 3918 quam
2570 3836 2638 3898 in
2668 3834 2918 3918 agendo
2948 3835 3078 3901 ibd.
3110 3841 3170 3901 et
3198 3838 3246 3919 §
3267 3841 3327 3900 3.

750 3936 1126 4002 Sententiae
1185 3959 1269 4001 ex
1327 3935 1902 4002 declamationibus
1948 3935 2078 4001 ibd.
2122 3941 2182 4014 4,
2221 3941 2287 4014 2,
2326 3940 2400 4015 5,·
2446 3942 2502 4015 7,
2533 3943 2590 4014 1,
2623 3942 2698 4016 4,·
2742 3943 2799 4015 7,
2840 3942 2897 4015 6,
2928 3943 3036 4016 12,
3082 3937 3327 4002 colores

750 4037 879 4104 ibd.
912 4044 970 4117 1,
1004 4044 1061 4117 6,
1093 4045 1174 4104 11
1192 4061 1211 4115 ‚·
1257 4045 1314 4118 7,
1344 4044 1405 4118 1,
1435 4044 1550 4117 22,
1595 4049 1942 4126 praecepta
1985 4038 2066 4103 de
2111 4038 2327 4103 colore
2370 4039 2499 4104 ibd.
2529 4044 2587 4118 4,
2619 4044 2680 4105 3.
2744 4039 3090 4106 Sextilium
3119 4041 3329 4107 Enam

751 4143 816 4205 in
862 4141 1053 4207 domo
1097 4141 1440 4211 Messallae
1484 4141 1754 4208 Corvini
1798 4143 2180 4207 recitantem
2220 4163 2350 4207 non
2395 4141 2543 4206 tulit
2584 4141 2672 4208 id.
2716 4162 2962 4212 suasor.
3003 4148 3063 4221 6,
3092 4149 3200 4210 24.

881 4244 1157 4309 ‘Motum
1217 4269 1302 4311 ex
1344 4244 1605 4311 Metello
1665 4244 1930 4310 consule
1988 4245 2268 4309 civicum
2324 4243 2609 4331 bellique
2665 4267 2894 4310 causas
2955 4256 3019 4312 et
3061 4248 3225 4312 vitia
3267 4257 3331 4312 et

749 4347 973 4412 modos
1028 4347 1384 4434 ludumque
1442 4350 1772 4414 Fortunae
1825 4348 2180 4433 gravisque
2236 4349 2603 4434 principum
2662 4349 2974 4413 amicitias
3020 4358 3085 4413 et
3128 4371 3325 4433 arma,

748 4450 1038 4518 nondum
1093 4453 1403 4538 expiatis*
1437 4461 1632 4517 uncta
1693 4451 2066 4534 cruoribuS‚
2143 4449 2542 4536 periculosae
2606 4450 2875 4536 plenum
2935 4472 3096 4537 opus
3150 4451 3327 4517 aleae

752 4563 991 4619 tractas
1036 4564 1102 4619 et
1144 4553 1391 4619 incedis
1433 4575 1552 4642 per
1595 4555 1764 4637 ignis
1808 4555 2174 4640 suppositos
2220 4554 2422 4618 cineri
2476 4552 2721 4619 doloso’
2769 4553 3087 4619 Horatius
3131 4575 3326 4619 carm.

745 4661 813 4734 2,
857 4662 917 4734 1,
963 4661 1115 4722 1-8.
1205 4656 1376 4723 Vnde
1418 4662 1689 4741 apparet
1718 4655 2069 4723 Pollionem
2110 4656 2414 4721 historias
2454 4676 2669 4722 rerum
2703 4655 3146 4722 Romanarum
3182 4657 3328 4722 inde

753 4781 795 4823 a
850 4761 928 4827 L.
974 4759 1259 4843 Afranio
1318 4761 1391 4842 Q.
1455 4759 1733 4826 Caecilio
1793 4759 2055 4825 Metello
2114 4778 2233 4825 cos.
2295 4755 2405 4839 (=
2462 4780 2524 4823 a.
2568 4763 2690 4824 694
2733 4788 2817 4812 =
2868 4780 2928 4827 a.
2973 4765 3055 4824 60
3113 4781 3173 4824 a.
3230 4758 3328 4844 C.)

746 4867 1064 4946 gestorum
1119 4864 1392 4933 scribere
1454 4864 1742 4946 coepisse,
1810 4883 1952 4927 cum
1993 4866 2191 4946 poeta
2248 4861 2468 4927 laudes
2525 4863 2659 4927 eius
2722 4860 3082 4928 celebraret.
3203 4863 3330 4944 Qui

746 4966 1000 5047 quando
1057 4987 1311 5032 carmen
1367 4967 1727 5049 scripserit,
1782 4984 2163 5048 quamquam
2217 4966 2352 5030 veri
2404 4964 2609 5029 simile
2666 4969 2759 5029 est
2810 4966 3138 5048 scripsisse
3189 4987 3327 5031 eum

748 5074 902 5152 post
957 5069 1185 5135 bellum
1226 5069 1581 5146 Actiacum,
1628 5068 1995 5133 accuratius
2051 5067 2313 5153 definire
2369 5087 2498 5132 non
2551 5065 2711 5135 licet.
2803 5067 2937 5134 Secl
2978 5067 3328 5133 Pollionem

748 5171 1051 5238 historias
1092 5172 1365 5239 scribere
1409 5191 1773 5256 ayqressum
1815 5191 1946 5237 6336
1972 5170 2180 5257 paulo
2218 5174 2363 5236 ante
2395 5168 2623 5234 bellum
2651 5170 2989 5235 Actiacum
3017 5191 3095 5235 ex
3119 5170 3326 5235 verbis
