3859 5992
529 529 902 585 ARTORIVS
1825 520 1952 586 156
2884 532 3246 587 ASANDER

666 724 874 791 Verba
907 725 1030 791 (luo
1073 731 1369 804 extrema,
1416 748 1578 808 quae
1620 747 1748 791 non
1789 746 1905 792 suo
1946 726 2081 792 loco
2112 727 2335 810 posita
2373 732 2540 805 sunt,
2573 733 2803 812 postea
2848 727 3073 793 addita
3116 748 3245 796 esse

651 828 1083 911 probabiliter
1127 830 1393 894 coniecit
1435 828 1709 896 Dessau.

526 932 695 999 977a
740 931 814 998 O.
858 932 1163 997 Artorius
1204 931 1539 1017 Proculus,
1593 934 2054 1017 grammaticus
2107 942 2503 999 memoratur
2555 930 2935 1016 Quintilian.
2981 940 3040 1012 9,
3084 941 3143 1012 1,
3182 941 3242 1001 3.

657 1034 834 1099 Idem
877 1034 1124 1099 videtur
1155 1033 1488 1118 Proculus,
1529 1037 1710 1101 euius
1757 1037 2321 1119 interpretamenta
2370 1034 2733 1116 afferuntur
2776 1038 2952 1120 apud
2983 1037 3247 1105 Festum

647 1160 723 1222 p.
754 1141 905 1215 225,
937 1142 1060 1215 12,·
1101 1138 1304 1215 3321),
1335 1142 1412 1216 5,·
1452 1139 1648 1215 3641),
1680 1142 1778 1216 16,
1821 1143 1881 1203 et
1921 1138 2226 1204 Artorius
2275 1139 2357 1204 id.
2395 1161 2467 1221 p.
2498 1143 2627 1205 352
2642 1141 2699 1217 b,
2731 1144 2791 1207 5.

529 1240 655 1307 978
702 1240 1002 1305 Artorius
1032 1239 1260 1323 Rufus,
1306 1238 1473 1304 liber
1500 1241 1679 1306 Festi
1711 1241 2004 1326 Pompeii
2033 1240 2118 1305 ad
2151 1240 2483 1306 Artorium
2529 1242 2904 1325 (Arcorium
2935 1244 3242 1329 traditur)

656 1342 898 1407 Rufum
929 1348 1313 1408 memoratur
1340 1343 1408 1408 in
1439 1344 1727 1428 cataloyo
1754 1343 2025 1426 quodam
2055 1344 2359 1409 librorum
2389 1345 2803 1411 Cluniacensi
2828 1349 3069 1413 saeculi
3094 1348 3257 1414 XII

658 1448 742 1528 cf.
789 1446 1112 1510 Manilius
1159 1444 1423 1511 Hermes
1466 1451 1638 1513 1892
1676 1469 1748 1530 p.
1776 1451 1918 1511 319.
1976 1445 2150 1512 Huic
2205 1448 2404 1531 iyitur
2459 1448 2860 1516 dedicaverat
2903 1450 3245 1536 Pompeius
3342 1450 3361 1455 ”

657 1547 891 1613 Festus
934 1548 1166 1613 librum
1210 1550 1284 1615 de
1328 1550 1695 1633 siqnifieatu
1733 1550 2085 1617 verborum,

528 1650 654 1717 979
697 1660 1035 1715 ARTORIA
1077 1662 1519 1733 FLACCILLA,
1565 1652 1763 1717 Novii
1813 1652 2021 1717 Prisci
2067 1652 2217 1738 (eos.
2264 1674 2324 1717 a.
2360 1652 2466 1737 78)
2513 1676 2680 1719 uxor
2722 1657 3027 1721 maritum
3070 1680 3126 1725 a.
3160 1659 3243 1723 65

653 1755 721 1818 in
769 1752 1037 1819 exilium
1079 1755 1339 1841 pulsum
1384 1756 1688 1820 comitata
1733 1765 1832 1820 est
1877 1756 2025 1821 Tae.
2059 1776 2119 1819 α.
2152 1758 2250 1832 15,
2281 1759 2379 1819 71.

528 1856 653 1922 980
700 1866 764 1934 Q.
810 1866 966 1921 ARV
984 1907 1170 1923 .....
1232 1857 1456 1922 consul
1517 1858 1720 1941 (suff.)
1777 1881 1835 1922 a.
1882 1858 1966 1924 92
2013 1879 2097 1922 ex
2141 1857 2208 1922 k.
2257 1858 2436 1944 Sept.
2484 1882 2634 1923 eum
2685 1859 2761 1926 O.
2805 1860 2974 1927 Iulio
3020 1861 3242 1928 Silano

654 1958 845 2024 XIV
870 1964 999 2026 245
1054 1961 1219 2042 fasti
1265 1960 1595 2028 Ostienses,
1686 1959 1904 2026 Potest
1954 1959 2237 2043 suppleri
2287 1958 2673 2046 Aru[lenus]
2724 1968 2783 2027 et
2841 1964 3114 2047 coyitari
3169 1964 3246 2030 de

655 2063 847 2127 Iunio
890 2062 1179 2128 Aruleno
1222 2063 1508 2128 Rustica.
3122 2118 3137 2129 .

527 2164 648 2230 981
697 2164 1080 2248 Arviragus,
1132 2176 1374 2249 ‘regem
1420 2165 1697 2252 aliquem
1744 2166 1962 2252 capies
2014 2176 2127 2231 aut
2185 2165 2267 2230 de
2326 2175 2582 2231 temone
2625 2167 2940 2232 Britanno
2987 2168 3246 2234 excidet

655 2269 1041 2352 Arviragus‘
1075 2268 1363 2336 Juvenal.
1399 2273 1460 2346 4,
1504 2273 1630 2335 126
1644 2289 1665 2348 ,·
1710 2289 1786 2334 ex
1829 2273 2122 2334 contextu
2166 2273 2436 2353 apparet
2480 2268 2697 2334 ducem
2733 2271 2933 2352 fuisse
2973 2271 3243 2338 Britan-

650 2392 880 2436 norum
938 2376 1144 2436 aetate
1202 2370 1586 2439 Domitiani.
1675 2371 2140 2437 Britannorum
2202 2394 2321 2436 rex
2373 2371 2735 2456 Arbiragus
2778 2372 2970 2440 schol.
3014 2411 3099 2421 —
3144 2375 3246 2442 De

652 2474 928 2540 nominis
967 2475 1183 2556 forma
1225 2475 1307 2556 cf.
1341 2474 1607 2551 Holder,
1641 2473 1786 2539 Alt-
1799 2473 2648 2558 Celtischersprachsehatz
2686 2497 2738 2541 3.
2769 2497 2825 2540 v.
2857 2477 3239 2562 Arvirayus,

654 2575 948 2644 Biraeos

526 2679 653 2744 982
701 2688 817 2744 CN.
878 2688 1279 2744 ARVLENVS
1350 2689 1667 2745 CAELIVS
1738 2687 2087 2762 SABINVS,
2165 2678 2390 2744 consul
2458 2680 2765 2745 suffectus
2832 2704 2888 2747 a.
2949 2684 3033 2748 69
3097 2707 3243 2749 eum

655 2783 733 2847 T.
779 2781 1005 2847 Flavio
1055 2781 1319 2850 Sabino,
1410 2782 1624 2848 Plena
1676 2783 1939 2848 nomina
1998 2783 2067 2847 in
2111 2781 2474 2847 consulatus
2517 2783 2905 2850 indicatione
2950 2785 3053 2852 VI
3074 2793 3244 2854 2051

657 2890 806 2950 aeta
846 2885 1204 2963 Arva-lium,
1253 2891 1522 2950 ceterum
1570 2884 1832 2951 Caelius
1878 2884 2165 2950 Sabinus
2207 2885 2303 2949 vel
2347 2884 2626 2951 Caelius.

785 2986 1174 3054 Consulatus
1221 3011 1305 3052 ex
1348 2987 1780 3052 destinatione
1825 2987 2105 3052 Neronis
2160 2999 2274 3052 aut
2318 2986 2570 3053 Galbae
2630 3011 2957 3074 mansere,
3019 2990 3243 3058 Caelio

656 3112 732 3153 ae
779 3089 1006 3154 Flavio
1067 3090 1327 3156 Sabinis
1374 3091 1438 3154 in
1483 3089 1686 3156 Iulias
1740 3091 1887 3155 Tac.
1932 3090 1994 3154 h.
2039 3095 2098 3168 1,
2144 3095 2259 3170 77;
2303 3113 2395 3176 pr.
2444 3090 2574 3156 kal.
2622 3092 2848 3177 Maias,
2900 3093 3029 3162 kal.
3075 3095 3244 3160 Mais

663 3192 766 3258 VI
780 3196 967 3259 2051.
1037 3192 1367 3258 Destinati
1398 3195 1599 3276 fuisse
1628 3192 1918 3259 ‘addentur
1948 3193 2188 3259 Sabini
2213 3195 2284 3258 in
2313 3214 2551 3259 menses
2583 3195 2844 3261 Maium
2871 3201 2929 3261 et
2959 3197 3240 3276 Iunium,

653 3295 765 3361 sed
803 3298 918 3361 sub
965 3297 1154 3380 finem
1196 3297 1451 3381 Aprilis
1493 3298 1701 3379 fasces
1743 3302 2159 3379 sumpserunt.

783 3400 934 3464 Iure
993 3399 1323 3465 consultus
1384 3401 1457 3467 C.
1507 3400 1732 3466 Cassio
1777 3400 2078 3483 Longino
2140 3401 2449 3465 suecessit
2507 3411 2571 3466 et
2629 3400 2975 3486 plurimum
3036 3406 3245 3488 potuit

655 3502 1057 3588 temporibus
1078 3503 1463 3589 Vespasiani
1499 3503 1889 3585 Pomponius
1918 3501 2165 3585 Diyest.
2198 3509 2254 3580 1,
2288 3508 2352 3579 2,
2385 3509 2452 3580 2,
2483 3507 2599 3581 53;
2629 3506 2889 3591 scripsit
2919 3505 3000 3569 de
3031 3505 3240 3571 edicto

653 3603 957 3670 aedilium
1009 3605 1330 3671 curulium
1371 3606 1620 3672 Gellius
1655 3611 1715 3682 4,
1752 3610 1818 3682 2,
1850 3610 1910 3682 3,
1964 3605 2127 3669 hune
2183 3605 2431 3682 librum,
2477 3627 2857 3689 quamquam
2908 3608 3241 3691 inscriptio

649 3713 914 3790 praeter
940 3708 978 3774 l.
1008 3709 1048 3776 l.
1078 3707 1278 3774 Gellii
1296 3714 1557 3784 tacetur,
1578 3710 1780 3773 citant
1805 3707 1969 3774 Gell.
1989 3713 2046 3786 6,
2064 3713 2122 3785 4,
2157 3707 2413 3790 leian.
2436 3708 2598 3774 libro
2615 3709 2835 3792 primo
2859 3709 2948 3775 ad
2975 3710 3244 3775 edictum

654 3811 954 3876 aedilium
1000 3812 1316 3877 curulium·
1345 3811 1592 3895 Diyest.
1621 3816 1727 3889 21,
1759 3817 1816 3894 1,
1850 3816 1931 3876 14
1958 3833 2066 3894 pr.
2086 3816 2146 3878 3.
2179 3816 2298 3890 10,·
2325 3817 2433 3890 21,
2466 3817 2563 3889 17,
2595 3818 2656 3877 1.
2689 3818 2746 3878 6.
2778 3817 2838 3880 8.
2871 3819 2976 3879 12.
3008 3819 3108 3878 13.
3142 3819 3240 3891 15,

654 3914 864 3979 Gaius
923 3916 1085 3980 libro
1131 3916 1347 3997 primo
1410 3915 1497 3979 ad
1550 3913 1821 3979 edictum
1880 3913 2184 3979 aedil-zum
2229 3915 2545 3980 curulium
2586 3914 2832 3999 Diyest.
2876 3922 2983 3994 21,
3031 3925 3089 3995 1,
3134 3922 3241 3996 20,

655 4016 984 4083 Venuleius
1006 4016 1249 4099 Diyest.
1271 4022 1376 4094 21,
1402 4022 1460 4094 1,
1483 4021 1579 4094 65,
1605 4022 1670 4082 2.
1705 4016 2055 4082 Praeterea
2079 4015 2337 4083 Caelius
2367 4019 2603 4083 citatur
2627 4041 2669 4083 a
2696 4019 2870 4085 Gaio
2891 4024 2950 4097 3,
2979 4026 3077 4085 70.
3101 4026 3240 4099 141,

653 4119 1002 4202 Ριῳῖηὶαη.
1048 4118 1292 4204 Diyest.
1324 4124 1426 4197 35,
1458 4125 1517 4197 1,
1554 4125 1659 4197 72,
1697 4125 1752 4186 7.

543 4259 631 4270 -
696 4222 869 4306 Q.(⁴?)
917 4232 1169 4288 IVNIVS
1222 4232 1624 4287 ARVLENVS
1670 4231 2050 4288 RvsTlcvs.

544 4362 631 4372 —
696 4335 761 4394 L.
810 4334 1006 4390 GABO
1052 4334 1581 4390 ARVNGVLEIVS
1628 4336 1692 4392 P.
1735 4334 2035 4397 ACILIVS
2083 4334 2443 4394 SEVERVS.

526 4429 652 4494 983
697 4426 1036 4511 Aruseius,
1082 4437 1423 4493 aecusator
1466 4429 1543 4493 L.
1589 4426 1887 4493 Arruntii
1935 4426 2279 4492 damnatus
2328 4423 2502 4507 (ante
2547 4451 2608 4494 a.
2638 4430 2750 4511 32)
2798 4430 2948 4496 Tae.
2985 4453 3045 4497 a.
3078 4438 3134 4509 6,
3170 4438 3212 4497 7
3222 4454 3244 4512 ;

655 4551 805 4595 num
837 4530 999 4596 idem
1026 4531 1112 4595 sit
1144 4531 1223 4596 L.
1255 4529 1573 4595 Aruseius
1612 4531 1759 4596 Tac.
1793 4552 1854 4597 a.
1885 4535 1943 4609 6,
1975 4536 2077 4608 40,
2111 4532 2217 4596 cui
2240 4530 2397 4613 quid
2424 4553 2485 4596 a.
2513 4536 2597 4597 36
2634 4532 2953 4611 acciderit,
2974 4540 3244 4619 propter

652 4634 947 4699 lacunam
991 4632 1225 4699 codicis
1265 4634 1593 4711 nescimus,
1627 4634 1829 4718 plane
1871 4634 2181 4699 incertum
2225 4640 2333 4699 est.

523 4737 650 4803 984
692 4736 1023 4819 Asander,
1085 4759 1203 4801 rex
1255 4737 1691 4822 Bosporanus.
1781 4737 2188 4802 Memoratur
2233 4758 2374 4802 eum
2425 4758 2623 4804 umore
2667 4738 2738 4803 in
2783 4738 2968 4804 titulo
3014 4739 3240 4805 Panti-

648 4840 984 4923 capaeensi
1011 4839 1379 4923 Latysehev,
1413 4840 1871 4923 Inscriptiones
1901 4839 2101 4905 Ponti
2136 4841 2228 4905 II
2258 4861 2322 4905 n.
2351 4844 2439 4907 25
2468 4840 2555 4925 (1)
2602 4839 3043 4929 βα[σιλεῦοντος
3086 4845 3243 4931 βασι-

652 4943 807 5014 λέως
866 4940 1185 5029 βασιλέων]
1248 4947 1511 5029 μεγάλου
1562 4939 1875 5030 Ἀσάνδρου
1938 4942 2395 5029 [φιλ]ορωμαίου
2443 4949 2712 5030 σωτῆρος
2754 4946 2855 5011 καὶ
2899 4946 3243 5032 βασιλίσσης

647 5045 1009 5130 Δυνάμεως,
1055 5045 1220 5121 item,
1275 5050 1344 5108 ut
1391 5045 1683 5128 plerique
1721 5050 1961 5128 putant
2006 5044 2172 5126 (vide
2214 5047 2397 5128 infra
2440 5046 2512 5111 in
2552 5045 2897 5130 Λόγων-90),
2943 5048 3015 5113 in
3057 5048 3240 5113 titulo

648 5148 939 5231 Aspurqi
981 5147 1109 5213 ibd.
1155 5167 1219 5212 n.
1264 5151 1364 5225 36,
1420 5148 1533 5230 qui
1575 5148 1810 5214 dieitur
1853 5150 1885 5215 ὁ
1931 5148 1999 5216 ἐκ
2046 5148 2339 5238 βασιλέως
2381 5146 2801 5236 Ἀσανὸρόχου.
2854 5187 2927 5196 —-
2977 5148 3247 5237 Nummi
