3859 5992
511 585 839 643 CAECINA
1786 577 1911 642 257
2822 585 3218 639 CAEDICIVS

637 782 830 849 Anno
860 784 940 848 14
968 781 1222 867 legatus
1254 783 1580 847 exercitus
1612 779 2008 847 Germaniae
2040 780 2361 846 inferioris
2401 782 2548 849 Tac.
2583 803 2643 847 a.
2676 787 2735 861 1,
2765 786 2847 847 31
2861 803 2883 861 ;
2931 779 3220 864 legiones

640 888 917 974 primam
947 884 1461 969 (Germanicam)
1494 894 1559 950 et
1586 884 1962 948 vicesimam
2002 883 2390 950 rebellantes
2435 887 2501 949 in
2546 885 2874 950 civitatem
2905 885 3219 955 Vbiorum

638 989 907 1055 reduxit
964 999 1029 1054 et
1086 987 1469 1053 seditionem
1526 988 1847 1074 oppressit
1904 987 2033 1053 ibd.
2075 992 2135 1065 1,
2179 993 2281 1053 37.
2327 993 2429 1054 48.
2526 989 2655 1053 Res
2714 988 2798 1054 ab
2858 1009 2933 1052 eo
2994 997 3222 1052 contra

640 1094 1002 1160 Germanos
1044 1100 1270 1175 gestae
1315 1113 1483 1155 anno
1534 1093 1614 1155 14
1656 1091 1785 1156 ibd.
1817 1096 1876 1168 1,
1909 1095 2014 1168 50,
2061 1114 2232 1156 anno
2284 1092 2360 1158 15
2405 1091 2534 1161 ibd.
2563 1095 2661 1161 56.
2692 1095 2793 1156 60.
2836 1096 2936 1156 61.
2963 1094 3220 1169 ‘63-67;

638 1219 695 1261 a.
746 1197 824 1260 15
883 1196 1166 1278 insignia
1226 1192 1643 1280 triumphalia
1700 1195 1757 1259 ei
1818 1194 2082 1258 decreta
2138 1202 2292 1258 sunt
2349 1194 2433 1260 ob
2487 1215 2592 1258 res
2635 1215 2782 1258 cum
2828 1193 3217 1260 Germanico

640 1308 858 1383 gestas
904 1298 1029 1362 ibd.
1079 1303 1137 1375 1,
1187 1302 1307 1375 72,·
1364 1319 1422 1362 a.
1473 1297 1551 1362 16
1596 1296 2017 1362 fabricandae
2061 1296 2247 1361 classi
2293 1319 2334 1361 a
2379 1298 2766 1364 Germanico
2813 1297 3220 1381 praepositus

642 1401 769 1467 ibd.
814 1407 880 1479 2,
926 1407 984 1467 6.
1091 1399 1284 1467 Anno
1348 1402 1426 1466 15
1481 1399 2049 1486 quadragesimum
2108 1399 2498 1486 stipendium
2552 1399 2779 1465 habuit
2833 1399 2963 1464 ibd.
3023 1405 3082 1477 1,
3140 1404 3220 1464 64

642 1503 830 1585 (unde
871 1509 1103 1587 postea
1156 1504 1271 1569 sub
1317 1525 1379 1569 a.
1423 1508 1511 1568 21
1564 1504 1820 1569 Tacitus
1864 1525 1924 1568 a.
1968 1509 2029 1581 3,
2076 1509 2164 1569 33
2220 1505 2433 1568 min-us
2482 1508 2811 1582 accurate,
2873 1524 3013 1568 eum
3064 1502 3218 1569 Cae-

640 1609 787 1672 cina
820 1611 982 1672 certe
1013 1608 1204 1671 etiam
1226 1628 1287 1672 a.
1303 1611 1383 1671 16
1405 1606 1676 1672 militiae
1705 1627 1964 1688 operam
1994 1605 2280 1683 dedisset,
2306 1627 2445 1671 eum
2474 1606 2777 1671 dicentem
2807 1607 2971 1689 facit
2999 1606 3222 1692 plures

641 1732 759 1797 per
811 1711 1180 1795 provincias
1240 1709 1672 1795 quadraginta
1728 1708 2052 1793 stipendia
2110 1708 2523 1795 explevisse).
2609 1709 2689 1773 In
2749 1719 2977 1774 senatu
3036 1732 3094 1774 a.
3136 1708 3221 1774 20

641 1814 1021 1879 sententiam
1083 1812 1252 1878 dixit
1318 1813 1444 1880 ibd.
1492 1817 1553 1890 3,
1599 1818 1698 1890 18,
1759 1836 1820 1878 a.
1865 1814 1942 1878 21
2008 1814 2294 1896 censuit,
2359 1835 2440 1876 ne
2499 1834 2692 1897 quem
2751 1813 3218 1895 magistratum,

535 1992 541 1998 ,
646 1918 749 1983 cui
796 1917 1135 2002 provincia
1179 1915 1584 2000 obvenisset,
1646 1937 1817 1980 uxor
1869 1916 2286 1980 comitaretur
2331 1914 2456 1980 ibd.
2500 1920 2559 1992 3,
2606 1922 2712 1980 33.
2755 1920 2857 1979 34.
2911 1950 2988 1960 —
3035 1914 3222 1979 onr

645 2043 759 2085 sex
806 2029 1033 2105 partus
1078 2020 1273 2084 enixa
1317 2028 1714 2103 memoratur
1758 2018 1887 2086 ibd.
1932 2024 1994 2095 3,
2037 2023 2143 2083 33.

772 2121 886 2187 Ad
926 2123 1091 2186 hune
1122 2123 1444 2205 pertinere
1485 2121 1795 2198 videntur,
1840 2142 2005 2202 quae
2041 2120 2473 2186 Tertullianus
2510 2121 2584 2185 de
2615 2120 2825 2203 pallio
2852 2126 2893 2185 4
2935 2120 3226 2203 scriPsit:

652 2225 877 2291 ‘habes
939 2235 1262 2311 spectare,
1325 2224 1500 2310 quod
1547 2223 1830 2290 Caecina
1881 2223 2166 2290 Severus
2216 2225 2511 2307 graviter
2569 2224 2820 2288 senatui
2884 2224 3226 2308 impressit,

642 2338 969 2394 matronas
1031 2329 1170 2393 sine
1227 2326 1393 2392 stola
1449 2329 1517 2391 in
1578 2326 1884 2413 publico'.
1981 2331 2377 2410 Quamquam
2442 2331 2652 2391 autem
2713 2325 2993 2391 Caecina
3054 2325 3231 2408 apud

653 2432 800 2495 Tae.
847 2453 906 2496 a.
952 2436 1013 2508 3,
1057 2435 1140 2495 33
1196 2432 1266 2494 in
1322 2451 1551 2495 uxores
1595 2429 1972 2513 praesidum
2024 2431 2309 2513 qram'ter
2364 2430 2696 2506 invehitur,
2753 2427 2921 2493 ‘nihil
2977 2428 3104 2492 tale
3161 2429 3231 2492 in

645 2535 931 2599 oratione
990 2533 1165 2598 illius
1220 2534 1554 2601 iuvenitur.
1659 2532 1773 2597 Ad
1831 2532 2032 2597 alium
2096 2534 2294 2616 iqi‘tur
2356 2534 2726 2615 scriptorem
2801 2530 3230 2596 Tertullianus

643 2638 986 2720 respeoeisse
1027 2635 1292 2700 videtur.

515 2742 593 2807 81
642 2753 710 2805 A.
749 2748 1077 2814 CAECINA
1122 2748 1436 2802 TAGlTVS
1476 2737 1786 2821 (traditur
1829 2756 1989 2803 AvLo
2021 2757 2316 2804 οΔΕοιΝΑΕ
2353 2738 2610 2820 memo),
2657 2737 2968 2822 [praetor]
3010 2735 3225 2801 candi·

645 2843 853 2925 datuS,
887 2864 1147 2927 praeses
1180 2843 1554 2928 provinciae
1584 2842 1907 2922 Baeticae,
1949 2841 2174 2906 consul
2206 2839 2532 2925 (suffectus
2565 2863 2625 2905 a.
2661 2842 2946 2923 incerto),
2993 2834 3229 2906 VIIvir

643 2945 990 3032 epulonum
1039 2945 1222 3011 VIII
1255 2948 1456 3010 10988
1500 2949 1541 3010 t.
1591 2944 1893 3010 Salanus.

514 3050 598 3114 82
645 3049 926 3114 Caecina
947 3048 1219 3130 TuscuS,
1245 3046 1415 3111 filius
1447 3047 1721 3112 nutricis
1745 3047 2022 3111 Neronis
2042 3047 2300 3114 Sueten.
2322 3047 2497 3112 Nero
2518 3051 2617 3113 35.
2651 3046 2898 3111 Fabius
2921 3046 3228 3110 Rusticus

645 3161 872 3216 auctor
917 3160 1015 3215 est
1058 3151 1332 3235 scriptos
1380 3171 1523 3213 esse
1566 3172 1606 3214 a
1647 3149 1909 3215 Nerone
1953 3173 2012 3214 a.
2060 3150 2142 3215 55
2202 3149 2287 3214 ad
2331 3148 2678 3214 Caecinam
2724 3150 3012 3213 Tuscum
3057 3147 3226 3212 codi-

645 3253 826 3318 cillos
882 3251 1188 3317 mandata
1246 3253 1304 3316 ei
1364 3253 1841 3338 praetoriarum
1908 3252 2271 3317 cohortium
2330 3275 2520 3334 cura,
2589 3252 2700 3317 sed
2762 3272 2883 3337 ope
2943 3251 3228 3316 Senecae

645 3356 1086 3439 dignationem
1123 3356 1322 3420 Burri
1370 3364 1685 3419 retentam
1725 3356 1872 3421 Tac.
1907 3378 1968 3422 a.
1997 3361 2096 3433 13,
2129 3361 2237 3422 20.
2315 3354 2692 3419 Praefectus
2724 3353 3006 3439 Aegypti
3053 3377 3110 3418 a.
3143 3353 3226 3418 67

647 3484 685 3525 a
731 3458 987 3523 Nerone
1032 3458 1356 3542 relegatus
1403 3467 1519 3540 est,
1567 3457 1741 3544 quod
1787 3457 2039 3524 balneis
2087 3460 2152 3522 in
2199 3457 2552 3524 adventum
2589 3458 2867 3521 Neronis
2914 3452 3227 3521 extructis

645 3563 910 3628 lavisset
938 3560 1199 3627 Sueten.
1234 3560 1410 3626 Nero
1438 3566 1537 3638 35,
1583 3560 1718 3627 Dio
1754 3567 1852 3639 63,
1884 3566 1986 3626 18.
2064 3562 2143 3627 Α.
2176 3562 2259 3627 69
2305 3563 2550 3626 Romae
2594 3560 2718 3625 fuit
2760 3560 2907 3624 Tae.
2937 3560 2997 3624 k.
3031 3568 3092 3636 3,
3123 3564 3226 3623 38.

516 3666 601 3731 83
649 3665 1054 3751 [Ο]ΑΕο1Ν1Α
1095 3673 1368 3745 LARGA,
1416 3663 1497 3728 A.
1528 3663 1592 3746 f.,
1635 3663 1738 3749 [A.
1769 3664 1964 3729 Larci
1996 3664 2251 3750 Lepidi]
2297 3687 2463 3729 uxor
2493 3668 2536 3730 t.
2567 3663 2788 3746 posuit
2817 3662 3226 3727 Antiatinum

645 3768 717 3833 X
755 3772 916 3833 6659
961 3789 1110 3832 cum
1150 3766 1434 3850 L[a]rcia
1478 3765 1776 3831 Priscilla
1818 3766 1955 3831 filia
1996 3769 2248 3844 marito,
2291 3768 2467 3831 euius
2509 3787 2732 3831 nomen
2761 3767 2985 3848 periit.

517 3871 601 3935 84
646 3869 1074 3935 Caedicianus
1106 3856 1489 3952 (Καδικιάνός
1518 3869 1800 3935 traditur
1828 3875 1888 3935 et
1916 3871 2099 3954 vulqo
2133 3870 2377 3952 legse‘tur,
2427 3868 2801 3939 Καιδικιανός
2829 3867 3227 3935 scribendum

646 3976 761 4056 est)
810 3975 876 4037 in
920 3973 1256 4057 longaevis
1299 3984 1696 4039 memoratur
1740 3996 1781 4038 a
1825 3973 2061 4039 Marco
2106 3976 2186 4045 εἰς
2232 3974 2441 4039 ἑαυτόν
2486 3978 2546 4050 4,
2591 3975 2692 4039 50.

515 4113 602 4121 -·
645 4085 709 4153 Q.
756 4085 1134 4141 ABVRNIVS
1183 4085 1711 4141 GAEDICIANVS.

517 4178 600 4244 85
646 4177 1011 4262 Caedicius,
1062 4189 1296 4264 ‘poena
1338 4227 1355 4243 .
1381 4227 1397 4244 .
1424 4225 1441 4243 .
1487 4179 1741 4242 saevior
1785 4176 1948 4260 illis,
2007 4200 2169 4263 quas
2223 4186 2287 4242 et
2331 4175 2675 4242 Caedicius
2715 4177 2939 4260 gravis
2983 4175 3233 4239 invenit

644 4290 709 4346 et
752 4279 1306 4346 Rhadamanthus‘
1357 4281 1641 4347 Iuvenal.
1687 4285 1808 4345 sat.
1854 4285 1957 4357 13,
1999 4285 2122 4345 196
2149 4301 2316 4363 sqq.,·
2359 4279 2642 4345 aulicum
2680 4280 2959 4345 Neronis
2999 4277 3225 4343 crude·

642 4383 959 4448 lissimum
1004 4384 1202 4449 fuisse
1247 4382 1390 4448 vult
1433 4382 1728 4467 intelligi,
1777 4381 2120 4449 satellitem
2150 4383 2427 4448 Neronis
2459 4383 2647 4449 schol.
2674 4404 3040 4466 perperam,
3088 4403 3230 4446 eum

645 4508 870 4552 nomen
906 4487 1274 4570 yravissimi
1315 4486 1547 4551 iudicis
1574 4485 2054 4569 intelleyeudum
2081 4506 2209 4552 esse
2237 4486 2548 4551 videatur.
2613 4485 2900 4551 Dubium
2930 4490 3038 4562 est,
3077 4506 3230 4549 num

644 4589 807 4655 idem
834 4589 1301 4673 ,intellegendus
1339 4591 1425 4654 sit
1473 4588 1841 4655 ‘Caedicius
1887 4589 2233 4655 facundus’
2284 4590 2706 4671 (causidicus)
2755 4589 2880 4656 ibd.
2913 4594 3011 4665 16,
3042 4592 3141 4652 46.

517 4694 601 4758 86
646 4693 716 4759 L.
762 4691 1106 4758 Caedicius
1152 4692 1358 4775 (apud
1396 4691 1785 4757 Frontinum
1831 4692 2113 4757 traditur
2158 4692 2492 4775 Caedius)‚
2552 4690 2985 4778 primipilariS,
3047 4714 3229 4777 prae-

646 4796 856 4861 fectus
897 4806 1257 4860 castrorum
1303 4816 1687 4881 eorumque,
1751 4797 1865 4881 qui
1904 4807 2052 4882 post
2092 4795 2340 4861 cladem
2384 4796 2740 4861 Varianam
2786 4818 2917 4859 una
2960 4795 3230 4858 circum-

647 4897 779 4963 dati
798 4898 1066 4963 Alisone
1098 4899 1426 4963 immensis
1445 4900 1920 4966 Germanorum
1952 4899 2154 4983 copiis
2188 4896 2668 4982 obsidebantur,
2702 4897 2851 4963 dolo
2883 4919 2960 4962 ac
2992 4899 3232 4962 virtute

649 5001 766 5066 sibi
813 5001 898 5067 ad
943 5024 1093 5066 suos
1124 5003 1380 5088 peperit
1409 5001 1689 5066 reditum
1720 5000 1990 5066 Velleius
2016 5007 2081 5078 2,
2109 5007 2253 5078 120,
2287 5008 2345 5079 4,
2393 5001 2750 5067 Frontinus
2777 5006 2963 5067 strat.
2995 5006 3052 5077 4,
3081 5004 3139 5077 7,
3166 5003 3225 5066 8.

518 5103 601 5168 87
649 5113 709 5168 C.
771 5114 1168 5170 CAEDICIVS
1229 5115 1587 5187 AGRIPPA‚
1659 5114 1920 5169 curator
1983 5107 2270 5189 riparum
2330 5115 2394 5169 et
2457 5105 2624 5169 alvei
2692 5104 2953 5169 Tiberis
3022 5106 3229 5167 aetate

657 5208 903 5273 Tiberii
939 5214 1010 5274 ut
1052 5209 1299 5274 videtur
1344 5214 1387 5275 t.
1431 5210 1660 5275 urban.
1704 5208 1889 5272 Ro'm.
1945 5206 2164 5272 Me'tth.
2209 5212 2374 5273 1889
2405 5231 2480 5291 p.
2512 5213 2659 5273 284.

624 5317 1052 5372 Prosopographia
1078 5317 1202 5373 Imp.
1230 5317 1365 5362 Rom.
1420 5317 1460 5360 1.
2760 5311 2819 5364 17
