3859 5992
588 608 939 664 omomvs
1209 684 1222 692 θ
1879 598 2001 665 331
2946 609 3288 666 CELAnvs

583 804 709 870 506
753 804 1061 871 Ceionius
1105 806 1467 888 Postumus,
1515 808 1783 871 maritus
1813 806 2118 872 Aureliae
2157 804 2562 890 Messalinae,
2609 816 2793 892 pater
2825 805 3035 872 Clodii
3068 805 3289 873 Albini

708 910 817 994 qui
866 910 1211 1000 imperavit
1249 911 1357 974 vit.
1400 907 1621 975 Clodii
1658 908 1891 974 Albim·
1923 914 1985 974 4.

579 1012 705 1078 507
751 1011 822 1079 C.
872 1012 1204 1095 Ce(ionius
1219 1012 1280 1096 P)
1329 1011 1662 1095 Si(lvanus
1678 1012 1738 1095 P)
1783 1015 1854 1078 in
1898 1017 1942 1078 t.
1990 1011 2445 1096 dispensatoris
2494 1012 2597 1077 VI
2630 1017 2808 1079 9354.

581 1115 704 1180 508
749 1126 827 1182 M.
875 1126 1224 1181 CEIONIVS
1270 1125 1666 1193 SILVANVS,
1722 1115 1947 1181 consul
1993 1138 2163 1181 anno
2212 1118 2334 1181 156
2379 1138 2529 1181 cum
2575 1115 2647 1183 C.
2696 1116 2879 1182 Serio
2926 1116 3288 1200 Augurino,

707 1217 792 1282 In
835 1219 1199 1283 consulatu:
1256 1219 1345 1283 M.
1394 1218 1701 1284 Ceionius
1748 1218 2055 1283 Silvanus
2117 1216 2219 1284 VI
2247 1224 2393 1285 222
2450 1224 2510 1283 et
2564 1221 2635 1284 in
2692 1224 2734 1286 t.
2775 1240 3004 1302 ⁴qraeee
3051 1221 3291 1302 εονῂῡίο

707 1319 1026 1403 Boryhesi
1067 1342 1205 1405 opp.
1260 1321 1444 1386 VIII
1464 1342 1537 1403 p.
1566 1325 1713 1397 276,
1762 1325 2034 1386 ceterum
2080 1319 2387 1386 Silvanus
2430 1322 2607 1404 fasti.

597 1457 684 1467 —-
748 1422 1000 1487 Marcia
1042 1423 1310 1489 Aurelia
1355 1422 1623 1489 Ceionia
1666 1422 2055 1488 Demetrias.

579 1524 704 1589 509
751 1535 1061 1590 CEIONIA
1129 1536 1379 1590 FABIA.
1496 1525 1730 1592 Tituli:
1797 1527 1943 1609 ipsa
1993 1528 2217 1609 posuit
2272 1525 2499 1590 Aeliae
2558 1525 2663 1611 Ap
2687 1575 2702 1590 .
2729 1575 2744 1590 .
2769 1525 2930 1591 eliae
2990 1524 3291 1589 alumnae

709 1631 751 1691 t.
781 1628 1101 1693 urbanum
1136 1629 1239 1693 VI
1254 1633 1476 1706 10643,
1506 1630 1621 1693 ubi
1656 1628 1865 1693 editur
1902 1645 2129 1694 οΗοΝιΔ
2160 1646 2359 1711 ΡΑΒΙΛ,
2407 1628 2518 1694 sed
2558 1649 2635 1694 ex
2677 1628 2973 1712 exemplis
3013 1629 3290 1710 antiquis

705 1731 1157 1795 restituendum
1215 1751 1344 1797 esse
1409 1749 1656 1797 cmomA
1713 1731 1874 1796 vidit
1929 1730 2188 1796 Des-sau
2246 1729 2354 1813 (cf.
2413 1730 2731 1796 Addenda
2788 1731 2875 1795 ad
2932 1730 3081 1797 CIL
3123 1729 3227 1794 VI
3215 1728 3292 1812 )‚·

703 1839 1134 1898 memorantur
1176 1833 1344 1899 horti
1386 1834 1694 1900 Ceioniae
1737 1831 1983 1899 Fabiae
2029 1836 2096 1898 in
2138 1835 2493 1917 fraymento
2537 1834 2783 1915 formae
2824 1834 3003 1899 urbis
3045 1833 3291 1897 Romae

710 1936 835 2000 tab.
867 1935 1029 2001 XII
1059 1940 1143 2002 58
1185 1937 1279 2001 ed.
1325 1936 1580 2001 Iordcm
1605 1938 1689 2019 ef.
1722 1935 1869 2001 adn.
1901 1959 1979 2019 p.
2012 1941 2112 2013 60,
2156 1937 2272 2001 ubi
2314 1936 2571 2000 dubium
2617 1941 2707 2001 est
2749 1938 2820 2001 in
2862 1930 3071 2001 codiee
3115 1930 3290 1999 Vati-

709 2059 868 2104 cano
906 2044 1125 2104 utrum
1159 2043 1243 2105 sit
1273 2057 1552 2106 emonis-s
1584 2060 1669 2105 an
1702 2057 2022 2105 catonus.
2052 2077 2139 2085 —
2166 2039 2367 2122 Apud
2404 2040 2740 2121 scriptores
2782 2059 3024 2122 semper
3066 2036 3289 2102 Fabia.

836 2142 1037 2208 Soror
1080 2142 1448 2225 (naturalis)
1481 2144 1558 2208 L.
1589 2143 1749 2207 Veri
1781 2142 2063 2225 Augusti
2103 2144 2212 2207 vit.
2260 2141 2408 2207 Veri
2440 2147 2532 2219 10,
2578 2141 2722 2225 filia
2766 2163 2912 2224 erqo
2942 2138 3019 2206 L.
3051 2138 3297 2205 Ceionii

708 2239 1031 2310 Commodi
1070 2247 1180 2328 qui
1208 2250 1439 2328 postea
1482 2246 1560 2310 L.
1606 2244 1831 2310 Aelius
1870 2243 2114 2310 Caesar
2150 2249 2556 2327 nuncupatus
2596 2248 2713 2322 est,
2776 2264 2957 2309 soror
2996 2243 3293 2309 Ceioniae

707 2346 1032 2414 Plautiae.
1121 2348 1303 2414 Haec
1367 2347 1528 2413 mihi
1587 2346 1833 2412 videtur
1898 2346 2036 2412 filia
2092 2348 2168 2413 L.
2230 2346 2482 2412 Ceionii
2544 2346 2910 2430 Commodi,
2973 2366 3143 2432 quae
3210 2343 3292 2409 ab

707 2448 1045 2515 Hadriano
1079 2474 1136 2518 a.
1167 2452 1441 2517 1351136
1471 2451 1559 2517 M.
1586 2449 1800 2515 Annio
1827 2449 2002 2514 Vero
2026 2449 2134 2533 (=
2153 2450 2253 2514 Μ.
2271 2449 2539 2514 Aurelio
2559 2449 2873 2533 Auqusto)
2905 2448 3296 2534 desponsata

707 2563 812 2617 est
837 2555 944 2621 vit.
979 2554 1205 2620 Marci
1235 2561 1296 2631 4,
1321 2559 1396 2631 5,·
1441 2576 1610 2639 quae
1655 2552 1980 2639 sponsalia
2023 2563 2171 2639 post
2213 2563 2482 2617 mortem
2528 2551 2849 2617 Hadriani
2889 2552 3099 2616 soluta
3143 2559 3297 2615 sunt

705 2654 833 2719 ibd.
868 2660 927 2733 6,
960 2662 1008 2721 2
1051 2658 1132 2739 cf.
1163 2676 1364 2740 supra
1394 2656 1460 2720 A
1489 2660 1630 2722 537.
1707 2657 2061 2742 Postquam
2092 2657 2408 2721 Faustina
2451 2678 2620 2720 uxor
2648 2656 2853 2720 Marci
2898 2652 3153 2720 mortua
3197 2664 3295 2719 est

708 2757 904 2841 (anno
946 2763 1110 2846 176),
1171 2760 1378 2825 Fabia
1436 2769 1510 2824 ut
1568 2783 1608 2824 a
1639 2756 1887 2824 *Marco
1946 2759 2013 2823 in
2071 2754 2556 2823 matrimonium
2610 2756 2985 2841 duceretur,
3047 2755 3292 2821 frustra

708 2862 902 2924 enixa
937 2872 1035 2927 est
1062 2863 1190 2928 ibd.
1223 2866 1327 2940 29,
1361 2867 1461 2929 10.
1516 2863 1730 2927 Verus
1761 2860 1964 2926 frater
1995 2862 2054 2926 ei
2085 2863 2358 2926 nimium
2386 2859 2675 2943 indulsit,
2724 2862 2907 2926 cuius
2937 2862 3293 2947 potentiam

709 2962 959 3028 Lucilla
992 2964 1203 3053 (uxor)
1234 2966 1404 3030 ferre
1435 2988 1566 3031 non
1595 2974 1845 3051 posset3
1880 2974 2058 3029 tanta
2092 2960 2255 3029 sane
2284 2963 2688 3029 familiaritas
2720 2965 2889 3028 inter
2921 2958 3196 3028 Lucium
3229 2971 3293 3026 et

709 3088 850 3130 eam
885 3066 1025 3149 fuit,
1072 3070 1165 3134 uti
1211 3068 1333 3133 hoc
1370 3090 1631 3154 quoque
1676 3068 2090 3153 usurpaverit
2132 3090 2370 3149 rumor,
2419 3066 2593 3152 quod
2643 3067 2907 3131 inierint
2951 3065 3292 3132 consilium

706 3168 786 3233 ad
825 3169 1120 3235 Marcum
1168 3193 1204 3235 e
1246 3172 1386 3236 vita
1429 3168 1784 3235 tollendum
1828 3171 1936 3235 vit.
1985 3169 2134 3236 Veri
2159 3175 2259 3247 10,
2292 3174 2442 3236 3-4.
2527 3166 2779 3235 Eadem
2819 3169 3066 3235 videtur
3109 3192 3292 3235 soror

708 3271 968 3357 (scilicet
1010 3266 1087 3339 L.
1137 3273 1325 3356 Veri),
1376 3275 1481 3338 cui
1526 3270 1789 3339 Marcus
1835 3271 2161 3339 Lucillam
2205 3272 2436 3355 filiam,
2503 3295 2647 3337 cum
2703 3271 2785 3337 ad
2832 3274 3092 3359 nuptias
3133 3273 3290 3338 Veri

707 3378 773 3441 in
815 3376 1127 3441 orientem
1181 3390 1266 3460 (a.
1311 3377 1457 3459 164)
1498 3378 2048 3463 proficisceretur,
2112 3378 2434 3441 commisit
2482 3379 2586 3442 vit.
2638 3377 2865 3441 Mafrci
2900 3381 2961 3453 9,
3006 3383 3065 3442 4.
3156 3376 3293 3443 Sub

709 3479 1052 3543 Pertinace
1095 3472 1323 3544 servus
1368 3479 1653 3565 quidam,
1704 3475 1897 3565 quasi
1922 3478 2094 3545 filius
2125 3474 2369 3544 Fabiae
2395 3473 2586 3562 esset,
2620 3479 2982 3544 Palatinam
3026 3478 3291 3544 domum

713 3581 988 3646 ridicule
1032 3583 1392 3647 vindicavit
1433 3585 1542 3648 vit.
1574 3583 1746 3650 Part.
1781 3589 1877 3661 10,
1909 3588 1960 3650 2
2002 3584 2176 3667 (loeo
2217 3585 2502 3667 gnaviter
2545 3587 2885 3670 corrupto).

580 3682 705 3747 510
750 3693 1116 3749 cAfflomA
1151 3677 1541 3769 FvsolANA,
1590 3685 1947 3750 clarissima
1991 3686 2231 3751 femina
2275 3686 2378 3751 VI
2395 3690 2611 3751 21787
2650 3707 2704 3750 υ.
2738 3706 2938 3769 affra
2975 3687 3089 3750 sub
3131 3684 3287 3750 Gae—

705 3789 876 3853 ionio
917 3787 1239 3853 Camenio.

579 3890 698 3954 511
751 3888 1022 3955 Ceionia
1061 3892 1305 3972 Laena,
1352 3915 1520 3956 uxor
1562 3894 1638 3957 L.
1685 3892 1937 3958 Aurelii
1981 3890 2354 3958 Nicomedis
2400 3891 2503 3956 VI
2533 3895 2716 3957 1598.
2962 3934 2971 3937 -

579 3992 706 4057 512
752 4002 1063 4057 CEIONIA
1095 4004 1441 4060 PLAVTIA.
1527 3996 1727 4061 Tituli
1770 3998 1831 4062 ei
1857 3997 2066 4080 positi
2098 4000 2247 4060 sunt
2272 3996 2560 4060 urbanus
2586 3995 2690 4060 01
2691 3993 2750 4059 G'
2780 3998 2945 4059 5883
2979 3993 3062 4074 cf.
3087 3991 3291 4056 Addi-

709 4099 858 4159 tam.
892 4118 965 4179 p.
999 4102 1174 4163 1262
1217 4128 1298 4151 =
1344 4099 1394 4162 I
1395 4098 1510 4164 GI
1534 4104 1700 4163 1036
1743 4096 1830 4181 (1)
1877 4105 1935 4163 et
1988 4099 2537 4164 Tueeaburitanus
2581 4095 2767 4162 VIII
2801 4096 2871 4162 S.
2917 4090 3126 4160 14852
3169 4093 3287 4178 (2).

837 4201 1101 4266 Κειωνία
1147 4201 1412 4267 Πλαυτία
1458 4207 1501 4267 t.
1532 4206 1589 4279 1,
1640 4202 2001 4286 [C]eion[ia]
2051 4202 2309 4267 Plautia
2353 4206 2394 4266 t.
2428 4196 2492 4268 2.
2529 4238 2606 4246 -
2654 4201 2730 4264 L.
2776 4198 2944 4265 Aelii
2993 4197 3290 4263 Caesaris

710 4302 822 4383 (---
855 4302 929 4366 L.
962 4302 1210 4369 Ceionii
1243 4303 1608 4387 Commodi)
1633 4297 1803 4387 filia,
1851 4305 1932 4387 Q.
1983 4304 2242 4372 Servilii
2289 4304 2598 4370 Pudentis
2644 4306 2790 4388 (c'os.
2840 4325 2900 4368 a.
2934 4301 3079 4385 166)
3124 4321 3292 4365 uxor

711 4408 754 4471 t.
796 4410 880 4483 2,·
923 4408 1160 4492 ἀδελφὴ
1207 4407 1655 4494 αὐτοκρατόρων
1699 4413 1741 4475 t.
1773 4413 1830 4492 1,
1876 4407 2118 4473 seilicet
2144 4428 2327 4473 soror
2353 4407 2676 4473 naturalis
2704 4407 2782 4472 L.
2821 4405 2970 4471 Veri
2995 4405 3291 4487 Augusti,

708 4527 1089 4589 quamquam
1130 4508 1313 4574 nulla
1356 4513 1900 4594 consanyuinitate
1945 4531 2084 4576 cum
2123 4511 2220 4578 M.
2261 4510 2526 4576 Aurelio
2571 4510 2779 4592 fra-tre
2822 4511 2956 4574 eius
2997 4508 3290 4590 adoptivo

709 4612 1061 4676 coniuncta.

580 4712 705 4778 513
752 4710 1050 4797 Celadus),
1102 4724 1172 4779 ut
1214 4716 1674 4799 grammaticus
1723 4738 1854 4779 una
1897 4737 2043 4779 cum
2086 4716 2432 4798 (Remmio)
2466 4714 2852 4779 Palaemone
2895 4723 3291 4778 memoratur

708 4815 997 4881 Juvenal.
1026 4822 1150 4882 sat.
1182 4822 1238 4895 7,
1271 4822 1417 4884 215.

581 4919 709 4984 514
755 4918 1038 4985 Celadus
1084 4931 1477 4986 memoratur
1522 4923 1589 4986 in
1636 4923 1716 4987 iis
1761 4919 2035 5005 libertis,
2086 4942 2248 5006 quos
2281 4920 2616 5005 Augustus
2663 4920 2730 4983 in
2775 4918 3020 4983 honore
3064 4929 3128 4984 et
3172 4942 3295 4983 usu

707 5023 991 5089 maximo
1022 5022 1253 5089 habuit
1265 5023 1522 5090 Sueten.
1539 5024 1807 5106 Auqust.
1827 5029 1914 5088 67
1921 5044 1943 5102 ;
1973 5022 2246 5089 libertus
2264 5022 2544 5107 Augusti
2562 5022 2808 5106 Ioseph.
2829 5027 2959 5091 emt.
2981 5026 3080 5099 17,
3101 5026 3205 5099 12,
3223 5027 3289 5098 2,

706 5128 1075 5192 nmninatur
1117 5126 1204 5192 id.
1239 5126 1378 5192 bell.
1408 5132 1473 5205 2,
1509 5132 1566 5205 7,
1598 5134 1665 5193 2.
1738 5119 2126 5192 Accuratius
2162 5124 2501 5210 Augustae
2543 5123 2815 5189 libertus
2862 5125 3095 5190 dieitur
3135 5126 3208 5190 in
3250 5129 3292 5192 t.

712 5227 1024 5294 Octaviae
1082 5231 1157 5295 P.
1207 5229 1248 5295 f.
1297 5229 1591 5295 Catullae
1651 5229 1878 5296 Celadi
1936 5229 2127 5294 divae
2171 5229 2445 5313 August.
2499 5227 2539 5293 l.
2587 5229 2810 5293 uxoris
2855 5228 2958 5292 VI
2985 5230 3196 5294 2333&
3236 5230 3297 5292 et
