3859 5992
598 528 975 586 AVRELIVS
1894 517 2018 583 201
2927 523 3303 580 AVRELIVS

851 727 1086 792 Frater
1105 726 1193 791 M.
1219 723 1471 791 Aurelii
1497 722 1753 791 Claudii
1784 725 1895 810 qui
1926 724 2287 810 imperavit,
2321 732 2466 808 post
2496 724 2633 786 eius
2663 731 2934 786 mortem
2966 721 3305 806 imperium

723 831 1001 917 arripuit
1044 838 1109 894 et
1149 827 1345 915 paulo
1386 814 1533 913 post
1575 828 1827 892 occisus
1874 837 1973 890 est
2014 827 2123 891 vit.
2164 824 2435 891 Claudii
2461 829 2566 901 12,
2610 825 2882 908 Eutrop.
2912 829 2973 901 8,
3005 828 3093 888 12
3136 823 3306 907 (indo

728 934 993 1001 Orosius
1022 937 1081 1010 7,
1111 932 1242 1015 23),
1274 932 1573 1015 Epitome
1598 936 1698 1009 34,
1728 935 1769 996 5
1780 951 1801 1008 ;
1844 952 2046 994 venas
2091 928 2285 994 solvit
2317 930 2420 993 vit.
2452 927 2799 993 Aureliani
2824 932 2925 1003 37,
2962 931 3020 1003 6,
3069 926 3304 991 Zosim.

724 1043 781 1115 1,
826 1041 927 1113 47,
976 1035 1216 1100 Zonar.
1259 1040 1366 1112 12,
1411 1039 1532 1112 26;
1580 1034 1951 1119 ‘Dexippus
1997 1031 2384 1113 Quintillum
2431 1031 2739 1110 (traditur
2784 1029 3149 1110 Claudium,
3195 1029 3308 1093 sed

723 1161 801 1206 ex
841 1143 1133 1205 contextu
1172 1142 1446 1221 apparet
1489 1138 1565 1203 de
1602 1136 1909 1219 Quintillo
1953 1135 2084 1219 ayt)
2130 1156 2259 1199 non
2305 1133 2464 1198 dicit
2507 1134 2823 1216 occisum,
2886 1131 2996 1197 sed
3055 1141 3304 1196 tantum

725 1230 1072 1307 mortuum'
1118 1243 1227 1306 vit.
1270 1238 1540 1307 Claudii
1581 1245 1685 1319 12,
1727 1245 1784 1305 6.

849 1345 1177 1428 Regnavit
1225 1342 1364 1408 dies
1423 1342 1881 1428 septemdecim
1925 1342 2198 1424 Eutrop.
2244 1339 2510 1426 (Oros),
2557 1340 2796 1406 Zonar.
2844 1338 2884 1403 ῖ.
2933 1338 2993 1414 l„
3054 1336 3304 1401 decimo

727 1456 954 1512 octavo
988 1447 1095 1512 die
1126 1447 1379 1532 imperii
1415 1445 1755 1532 Aquileiae
1786 1446 2035 1510 occisus
2060 1444 2429 1527 Hieronym.
2464 1442 2673 1508 chron.
2708 1442 2796 1507 ad
2824 1464 2884 1509 a.
2915 1440 3078 1505 Abr.
3108 1444 3302 1516 2287,

728 1550 1027 1633 regnavit
1070 1550 1293 1634 paucis
1339 1547 1566 1613 diebus
1596 1549 1893 1631 Epitome
1924 1548 1967 1613 l.
2000 1547 2062 1625 l„
2112 1545 2341 1612 diebus
2386 1547 2620 1630 viginti
2650 1547 2759 1609 vit.
2789 1544 3136 1609 Aureliani
3164 1543 3206 1607 Z.
3239 1543 3302 1619 l„

723 1651 860 1716 dies
906 1651 1301 1717 LXXXVII
1347 1648 1901 1735 Chronoyraphus,
1963 1672 2081 1737 per
2131 1671 2369 1737 paucos
2415 1671 2665 1712 menses
2712 1648 2944 1712 Zosim.
2992 1647 3032 1710 l.
3079 1646 3141 1723 l„
3203 1647 3309 1709 oui

723 1775 799 1819 ex
832 1765 1251 1820 ‘nummorum
1287 1754 1527 1837 insiyni
1569 1755 1772 1836 copia‘
1806 1758 1972 1818 recte
1997 1753 2240 1819 Eckhel
2282 1751 2426 1818 VII
2447 1774 2519 1836 p.
2550 1756 2678 1816 478
2723 1750 3150 1833 adstipulatus
3195 1752 3303 1813 est.

636 1894 720 1904 —
764 1856 853 1922 M.
900 1856 1206 1922 Aurelius
1252 1856 1574 1923 Cleander
1614 1878 1671 1921 v.
1719 1855 2061 1923 Cleander.

599 1960 764 2026 1230
805 1959 1115 2026 Aurelius
1148 1959 1517 2045 Clem[ens],
1549 1960 1814 2048 ἔπαρχος
1843 2009 1868 2050 .,
1888 2008 1905 2025 .
1929 2008 1947 2024 .
1982 1965 2023 2024 t.
2040 1958 2452 2042 Aethiopica-s*
2479 1958 2739 2022 mutnus
2769 1956 2872 2023 CI
2873 1957 2934 2021 G
2958 1956 3091 2022 III
3104 1960 3305 2033 5089,-

718 2063 997 2148 Aeyypti
1055 2085 1141 2129 an
1191 2063 1551 2130 Thebaidos
1608 2062 2022 2147 supplendum
2077 2063 2193 2139 sit,
2255 2063 2561 2126 incertwm
2605 2065 2695 2126 est
2751 2081 2863 2125 neo
2920 2060 3159 2135 minu-³,
3220 2058 3307 2122 ad

719 2187 908 2249 quam
950 2171 1221 2232 aetatem
1250 2168 1595 2251 pertineat.
1997 2235 2006 2243 ‚

596 2269 751 2334 1231
803 2279 885 2333 Μ.
925 2278 1297 2334 AVRELIVS
1352 2277 1711 2334 COMINIVS
1758 2276 2181 2333 CASSIANVS.
2278 2267 2512 2332 Tituli:
2569 2268 2630 2331 ei
2676 2266 2877 2349 positi
2916 2269 3064 2329 sunt
3118 2262 3302 2328 VIII

714 2377 893 2439 2732
935 2369 1044 2456 (1).
1089 2376 1260 2440 2733
1303 2372 1420 2456 (2).
1483 2376 1652 2438 2734
1696 2371 1804 2456 (3),
1881 2370 2069 2436 VIII
2103 2371 2172 2438 S.
2216 2374 2427 2437 18268
2470 2375 2593 2455 (4);
2656 2371 2791 2453 ipse
2837 2370 3059 2451 posuit
3119 2365 3297 2432 VIII

717 2479 889 2544 2589
935 2472 1045 2561 (5).
1096 2478 1270 2542 2657
1310 2475 1433 2560 (6),·
1489 2479 1875 2540 memoratur
1916 2475 1987 2538 in
2031 2478 2075 2538 t.
2127 2471 2311 2538 VIII
2340 2478 2509 2539 2611
2553 2472 2645 2561 (7)
2691 2477 2752 2537 et
2788 2475 2952 2537 6357
2988 2472 3099 2555 (8).
3183 2470 3310 2551 om·

721 2579 894 2645 tituli
933 2583 1200 2662 praetor
1257 2583 1300 2643 t.
1341 2582 1385 2642 8
1429 2577 1893 2643 Mastarensom
1953 2597 2161 2642 omnes
2217 2581 2367 2640 sunt
2408 2577 2911 2642 Lambaesitani.
3002 2574 3116 2639 Ad
3168 2594 3307 2639 eum

714 2683 1038 2767 pertinere
1094 2681 1342 2746 videtur
1398 2682 1823 2764 fraymentum
1882 2685 1925 2745 t.
1982 2680 2469 2746 Lambaesitani
2526 2679 2711 2745 VIII
2740 2682 2909 2744 2585
2959 2678 3051 2763 (9)
3105 2678 3310 2762 positi

720 2786 927 2852 tribus
956 2783 1267 2868 Auyustis
1296 2788 1357 2849 et
1382 2783 1599 2848 Iuliae
1629 2781 1715 2862 (a.
1746 2783 2073 2863 209l211)‚
2119 2784 2235 2848 ubi
2269 2804 2493 2848 nomen
2538 2783 2735 2867 leyati
2764 2783 2984 2865 periit,
3025 2786 3308 2865 superest

723 2888 896 2973 [co]s.
939 2887 1278 2972 designato
1322 2909 1472 2952 cum
1514 2885 1834 2971 Claud[ia]
1878 2935 1893 2950 .
1918 2936 1934 2950 .
1962 2936 1976 2951 .
2005 2935 2019 2951 .

850 2990 1066 3056 Plena
1105 2990 1369 3055 nomina
1386 3040 1401 3067 ,
1458 3010 1618 3072 quae
1664 2990 1734 3055 in
1782 2990 2067 3055 omnibus
2113 2989 2315 3054 titulis
2359 2991 2726 3072 perscripta
2772 2989 3035 3070 fuerant
3049 3038 3091 3064 ,,
3120 2985 3304 3052 hodie

721 3098 940 3161 sectant
984 3098 1027 3157 t.
1070 3098 1122 3158 1.
1166 3097 1232 3159 2.
1275 3098 1335 3158 3.
1378 3097 1437 3158 4.
1481 3096 1541 3160 5.
1587 3097 1647 3170 8,
1682 3092 2026 3176 paululum
2067 3092 2367 3157 mutilata
2409 3093 2480 3157 in
2523 3097 2566 3156 t.
2598 3097 2655 3157 6.
2690 3097 2748 3157 7.
2780 3128 2857 3138 —
2893 3089 3303 3157 Clarissimus

722 3199 826 3262 vir
871 3202 913 3262 t.
948 3202 1007 3261 1.
1037 3200 1102 3262 2.
1133 3200 1192 3261 3.
1220 3199 1279 3263 5.
1310 3199 1371 3272 8,
1419 3194 1632 3260 clarus
1676 3205 1742 3259 et
1783 3195 2073 3259 inlustris
2116 3196 2223 3259 vir
2263 3201 2304 3262 t.
2337 3200 2394 3260 4.
2424 3231 2512 3241 --
2542 3194 2825 3279 Legatus
2855 3193 3301 3278 Augustorum

724 3323 822 3386 pr.
862 3322 961 3386 pr.
1009 3296 1409 3381 (Numidiae)
1469 3303 1512 3364 t.
1556 3302 1706 3365 1-5.
1752 3303 1830 3377 8,·
1885 3296 2012 3381 leg.
2068 3297 2284 3382 Augg.
2345 3300 2595 3381 inteqra
2654 3302 2871 3363 extant
2912 3298 2985 3361 in
3042 3301 3086 3361 t.
3130 3302 3196 3361 2.
3242 3300 3302 3373 8,

720 3402 928 3467 altera
989 3419 1029 3467 G
1087 3420 1278 3466 erasa
1335 3405 1427 3465 est
1482 3402 1553 3465 in
1605 3406 1648 3468 t.
1691 3407 1748 3467 1.
1793 3405 1851 3465 3.
1897 3406 1956 3466 4.
2002 3406 2044 3466 5
2091 3403 2240 3466 item
2297 3402 2366 3466 in
2406 3401 2734 3484 principio
2793 3405 2835 3467 t.
2884 3405 2926 3463 7
2970 3398 3085 3464 llll!
3129 3399 3300 3482 Aug!

722 3527 883 3570 coss.
928 3534 1014 3558 =
1057 3526 1115 3569 a.
1161 3504 1305 3587 208,
1365 3506 1476 3585 qui
1533 3503 1755 3569 titulus
1808 3526 1868 3570 a.
1912 3509 2042 3571 209
2079 3505 2331 3586 positus
2373 3503 2653 3580 videtum
2711 3504 2859 3567 item
2917 3502 3109 3567 tertia
3151 3519 3190 3566 e
3234 3503 3304 3565 in

721 3608 981 3692 Auggg.
1027 3611 1070 3671 t.
1117 3611 1177 3672 9.
1258 3604 1425 3671 Fuit
1465 3628 1612 3690 erqo
1666 3607 1910 3690 leyatus
1952 3609 2131 3672 intra
2175 3626 2376 3673 annos
2418 3607 2553 3689 fere
2596 3608 2965 3693 209-212,
3059 3602 3303 3670 Consul

720 3709 1096 3794 designatus
1142 3715 1185 3774 t.
1214 3713 1273 3775 5.
1306 3714 1365 3775 9.
1400 3746 1478 3756 -
1520 3709 1862 3793 [Patronus
1907 3708 2270 3795 munJicipii
2314 3708 3009 3792 (Lambaesitanorum)
3053 3712 3094 3771 t.
3126 3710 3186 3772 5.
3225 3743 3296 3751 —

720 3811 997 3878 Claudia
1038 3863 1054 3878 .
1082 3861 1096 3877 .
1145 3811 1418 3895 (uxorP)
1465 3816 1506 3880 t.
1553 3817 1614 3877 9.

596 3916 761 3981 1232
805 3925 959 3983 IMP.
1021 3924 1317 3980 CAESAR
1373 3925 1451 3979 M.
1511 3925 1887 3981 AVRELIVS
1950 3924 2362 3981 COMMODVS
2422 3923 2855 3980 ANTONINVS
2916 3920 3299 3978 AVGVSTVS

721 4047 804 4072 =
880 4028 1031 4082 IMP.
1108 4027 1403 4082 CAESAR
1476 4028 1543 4083 L.
1618 4028 1889 4083 AELIVS
1955 4028 2333 4083 AVRELIVS
2409 4026 2819 4083 COMMODVS
2894 4025 3299 4084 AVGVSTVS.

723 4120 927 4186 Filius
972 4122 1380 4207 imperatoris
1424 4121 1515 4187 M.
1563 4122 1876 4187 Antonini
1923 4132 1988 4187 et
2031 4123 2287 4187 Anniae
2328 4122 2681 4186 Faustinae
2739 4132 2927 4185 natus
2987 4131 3085 4184 est
3127 4119 3299 4206 apud

719 4223 1091 4290 Lanuvium
1136 4245 1285 4289 cum
1340 4223 1541 4289 fratre
1582 4224 1912 4290 Antonino
1958 4227 2211 4310 gemino
2258 4224 2320 4292 d.
2366 4227 2444 4290 31
2493 4246 2695 4289 mens.
2744 4223 3027 4309 Augusti
3069 4248 3127 4290 a.
3180 4225 3295 4288 161

717 4326 853 4390 vita
881 4331 939 4404 1,
970 4331 1054 4404 2,·
1096 4332 1192 4404 10,
1225 4331 1275 4393 2
1318 4327 1400 4408 cf.
1450 4327 1708 4393 Sueton.
1751 4326 1958 4411 Galiq.
2002 4332 2061 4395 8.
2150 4327 2482 4393 Antonino
2529 4327 2866 4414 quadrimo
2913 4326 3081 4392 elato
3114 4328 3300 4394 Com-

721 4428 985 4494 modum
1035 4427 1300 4493 Marcus
1361 4438 1425 4493 et
1483 4431 1616 4494 suis
1671 4432 2033 4517 praeceptis
2093 4442 2158 4496 et
2217 4452 2596 4514 magnorum
2655 4441 2850 4517 atque
2911 4433 3302 4517 optimorum

718 4533 1010 4596 virorum
1041 4531 1299 4596 erudire
1326 4542 1597 4596 conatus
1640 4542 1738 4596 est
1766 4533 1874 4617 (of.
1908 4533 2261 4599 Herodian.
2294 4539 2352 4610 1,
2383 4539 2449 4609 2,
2482 4536 2580 4619 1);
2622 4532 2853 4599 habuit
2881 4532 3299 4598 litteratorem

720 4654 1028 4717 graecum
1075 4632 1540 4716 Onesicratem‚
1590 4634 1862 4700 latinum
1907 4634 2242 4722 Capellam
2285 4636 2658 4719 Antistium,
2709 4645 2925 4700 orator
2969 4637 3027 4699 ei
3075 4635 3302 4700 Ateius

723 4736 1001 4802 Sanctus
1045 4735 1170 4801 fuit
1209 4737 1346 4800 vita
1383 4743 1440 4812 1,
1486 4740 1635 4805 5-6.
1725 4737 1801 4802 L.
1847 4739 2022 4804 Vero
2084 4748 2342 4824 petente
2403 4741 2534 4823 (vit.
2583 4738 2807 4803 Marci
2848 4744 2953 4815 12,
2998 4741 3063 4821 8)
3111 4738 3173 4802 d.
3223 4739 3302 4802 10

720 4862 923 4905 mens.
968 4837 1271 4904 Octobris
1314 4861 1374 4903 a.
1425 4841 1546 4905 166
1604 4862 1768 4925 puer
1822 4862 1970 4905 cum
2018 4840 2216 4905 fratre
2263 4841 2536 4924 (Annio)
2579 4841 2754 4906 Vero
2801 4840 3044 4906 Caesar
3087 4840 3300 4925 appel-

719 4941 888 5007 latus
948 4950 1047 5007 est
1097 4942 1234 5007 vita
1275 4947 1334 5020 1,
1380 4946 1497 5020 10,·
1554 4947 1650 5025 11,
1698 4947 1796 5008 13.
1899 4943 1977 5008 L.
2037 4943 2345 5008 Aurelius
2412 4943 2803 5010 Commodus
2870 4942 3113 5008 Caesar
3175 4945 3303 5007 sivo

725 5043 1120 5111 Commodus
1163 5043 1406 5112 Caesar
1448 5046 1519 5110 in
1556 5047 1830 5111 nmmnis
1860 5047 2081 5129 patris
2119 5046 2331 5112 Cohen
2357 5047 2490 5112 III
2495 5045 2521 5084 ²
2554 5069 2627 5131 p.
2658 5051 2787 5113 132
2813 5067 2936 5130 seq.
3020 5044 3305 5111 Nomina

716 5146 1049 5233 primm-ia
1107 5149 1168 5214 ei
1219 5148 1421 5232 fuisse
1461 5147 1540 5217 L.
1585 5146 1845 5215 Aelium
1889 5147 2229 5216 Aurelium
2277 5148 2701 5217 Commodum
2749 5154 2810 5215 et
2849 5147 2998 5215 inde
3037 5148 3172 5214 veri
3213 5153 3300 5213 es!
