3859 5992
566 556 993 613 ARRVNTIVs
1861 544 1985 613 145
2846 557 3277 615 ABRVNTIVS

568 755 694 821 933
737 754 1097 820 Arruntius
1168 752 1413 840 Aquila
1493 753 1965 819 medicamento
2030 753 2313 840 quodam
2393 764 2655 820 sanatus
2732 754 3020 822 Galenus
3083 752 3287 821 XIII

690 879 763 942 p.
808 861 971 922 1036
1010 857 1101 921 K.

569 962 696 1028 934
738 971 817 1025 Μ.
862 969 1289 1026 ARRVNTIVS
1333 970 1650 1043 AQVILA,
1712 960 1800 1024 M.
1848 948 1922 1039 ᾗ,
1961 958 2139 1024 tribu
2183 960 2521 1043 Teretina,
2570 960 2774 1027 IHvir
2819 980 2968 1026 aere
3013 971 3281 1046 argento

696 1087 852 1130 auro
909 1062 1127 1128 flando
1182 1061 1511 1147 feriund0‚
1578 1072 1880 1148 quaestor
1940 1061 2272 1146 Caesaris,
2336 1063 2639 1128 tribunus
2700 1063 2939 1150 plebis,
3000 1075 3278 1151 praetor,

703 1167 943 1245 consul,
1005 1166 1245 1232 XVvir
1302 1168 1502 1231 sacris
1562 1165 1883 1231 faciundis
1943 1164 2007 1229 V
2033 1168 2208 1231 2819
2252 1170 2295 1231 t.
2341 1164 2716 1232 Patavinus.
2804 1166 2984 1232 Idem
3039 1166 3287 1232 videtur

699 1269 790 1334 M.
821 1269 1178 1335 Arruntius
1209 1268 1453 1353 Aquila
1495 1268 1723 1334 consul
1770 1268 1974 1351 (suff.)
2018 1290 2168 1333 eum
2208 1268 2312 1351 (L.
2347 1269 2652 1354 Pompeio
2685 1270 2995 1356 Vopisco)
3043 1268 3115 1335 C.
3161 1269 3285 1335 Ar-

701 1375 919 1438 runtio
952 1371 1225 1439 Catellio
1258 1370 1486 1437 Celere
1523 1372 1661 1437 1111
1706 1371 1851 1436 idus
1896 1368 2162 1437 Octobr.
2208 1371 2566 1457 imperante
2595 1371 2996 1458 Vespasiano
3026 1371 3101 1437 X
3121 1375 3288 1436 8038

702 1481 744 1541 t.
786 1474 1187 1541 Corsicanus.
1271 1473 1573 1540 Consules
1613 1494 1718 1540 eos
1760 1474 1960 1555 fuisse
2002 1495 2062 1541 a.
2099 1476 2178 1538 78
2218 1473 2315 1538 vel
2358 1479 2438 1539 79
2467 1474 2736 1540 Hubner
2783 1475 2871 1540 ad
2908 1475 3000 1540 II
3019 1474 3089 1542 S.
3118 1479 3287 1541 5264

699 1578 845 1643 inde
895 1579 1150 1654 statuit,
1213 1577 1380 1660 quod
1421 1599 1481 1643 a.
1529 1578 1614 1641 77
1668 1575 1849 1642 Celer
1908 1576 2154 1660 leyatus
2199 1570 2609 1642 Lusitaniam
2661 1570 2861 1645 rexit(
2936 1577 3069 1643 Sed
3120 1577 3286 1654 inde,

701 1682 867 1765 quod
907 1682 1049 1763 quis
1089 1679 1202 1745 illo
1248 1701 1416 1745 anno
1449 1681 1853 1763 provinciam
1883 1681 2289 1762 praetoriam
2333 1680 2835 1757 administravit,
2892 1701 3290 1763 nequaquam

704 1784 1067 1850 concludere
1107 1784 1250 1849 licet
1280 1782 1650 1867 praesidem
1697 1783 1884 1848 talem
1926 1804 2057 1848 non
2087 1784 2375 1866 potuisse
2407 1788 2599 1849 antea
2629 1782 2959 1849 consulatu
3001 1784 3290 1866 functum

703 1907 830 1953 esse
870 1887 952 1968 ef.
988 1886 1361 1964 Mommsen,
1411 1885 1812 1952 Staatsrecht
1854 1885 1948 1950 II
1951 1885 1979 1925 ⁸
2013 1907 2086 1969 p.
2116 1889 2264 1962 250,
2297 1891 2355 1951 1.
2433 1887 2636 1951 Immo
2677 1887 2766 1951 ad
2792 1887 3052 1969 priores
3089 1906 3292 1952 annos

701 1991 956 2072 imperii
996 1989 1374 2071 Vespasiani
1415 1994 1457 2057 t.
1501 1989 1888 2055 Corsicanus
1928 1989 2069 2055 ideo
2107 1989 2267 2054 mihi
2291 1989 2660 2072 referendus
2686 1989 2952 2068 videtur,
2998 1989 3167 2072 quod
3197 1990 3294 2054 ibi

702 2092 1015 2159 beneficia
1082 2092 1325 2157 tributa
1380 2093 1735 2157 Vanacinis
1795 2114 1836 2157 a
1892 2088 2296 2177 Vespasiano
2357 2092 2847 2176 confirmantur,
2912 2090 3152 2179 quibus
3207 2091 3291 2157 ab

703 2219 759 2263 a.
809 2195 931 2261 727
979 2197 1045 2258 in
1092 2204 1386 2281 tempora
1428 2194 1681 2261 Galbae
1727 2196 1826 2260 usi
1875 2205 2077 2262 erant.

576 2301 702 2365 935
746 2297 837 2363 M.
883 2296 1282 2380 Ar[ru]ntius
1327 2297 1647 2383 Aqu[il]a,
1715 2308 2101 2384 procurator
2143 2298 2570 2386 Pamphyliae
2614 2322 2668 2365 a.
2718 2302 2800 2365 50
2846 2299 2980 2364 III
3014 2297 3085 2366 S.
3128 2303 3295 2363 6737

701 2401 775 2466 in
813 2400 1099 2465 miliario
1143 2398 1583 2484 Pamphyliae.

577 2504 703 2570 936
746 2513 815 2568 L.
859 2512 1290 2568 ARRVNTIVS
1353 2513 1730 2568 CAMILLVS
1790 2513 2339 2569 SCRIBONIANVS
2395 2505 2524 2570 sive
2580 2513 2852 2569 FVRIVS
2913 2512 3290 2569 OAMILLVS

708 2615 1292 2684 SCRIBONMNVS,
1353 2605 1579 2670 consul
1638 2630 1697 2671 a.
1742 2609 1825 2672 32
1871 2629 1936 2693 p.
1984 2606 2057 2676 C.
2118 2629 2265 2672 eum
2319 2607 2438 2674 Cn.
2499 2607 2787 2673 Domitio
2833 2606 3293 2672 AhenobarbO.

707 2710 856 2791 Ipse
885 2710 1108 2793 posuit
1151 2710 1221 2773 in
1253 2709 1562 2792 leyatione
1607 2710 1859 2793 cippum
1892 2710 2286 2776 terminalem
2313 2709 2752 2775 Dalmaticum
2780 2710 2916 2775 III
2935 2710 3006 2776 S.
3039 2714 3203 2776 9864
3233 2731 3293 2777 a.

704 2811 790 2876 In
817 2811 1183 2876 consulatu:
1228 2810 1539 2877 Camillus
1568 2811 1969 2897 Arrun[tius]
2001 2813 2164 2895 fasti
2187 2812 2548 2890 Arvalium,
2590 2811 2906 2878 Camillus
2935 2814 3295 2880 Arruntius

703 2914 777 2980 X
813 2918 975 2992 899,
1029 2912 1282 2982 Camill.
1330 2914 1683 2980 Arruntius
1727 2915 1800 2980 X
1838 2920 2005 2981 4847
2048 2916 2186 3000 (ubi
2237 2936 2462 2980 nomen
2505 2915 2776 3000 colleoae
2822 2917 3117 2981 omissum
3158 2915 3292 2999 est),

708 3016 888 3084 Cam.
935 3017 1087 3085 Arr.
1134 3018 1185 3082 I
1220 3022 1339 3083 769
1379 3019 1448 3082 in
1483 3022 1750 3094 tessera,
1815 3017 2127 3084 Camillus
2173 3017 2641 3085 Scribonianus
2695 3020 2841 3085 Tac.
2877 3041 2936 3084 a.
2970 3025 3028 3097 6,
3059 3024 3116 3097 1,
3164 3017 3298 3083 Dio

706 3123 807 3196 58,
838 3125 918 3185 17
931 3140 952 3198 ,·
1010 3119 1321 3186 Camillus
1366 3119 1720 3186 Arruntius
1766 3121 2027 3187 Sueton.
2087 3121 2247 3188 Otho
2290 3128 2376 3202 2,·
2430 3123 2691 3187 nomina
2753 3123 2985 3187 omissa
3041 3126 3188 3187 sunt
3229 3123 3297 3185 in

709 3223 899 3304 fastis
947 3222 1228 3288 Nolanis
1268 3223 1342 3289 X
1379 3227 1565 3301 1233,
1619 3244 1809 3289 erasa
1849 3226 1919 3289 in
1968 3228 2007 3290 t.
2055 3225 2494 3290 Interamnate
2535 3225 2657 3290 XI
2687 3229 2887 3303 4170;
2946 3224 3298 3289 Arruntius

716 3323 1221 3408 Chronoyraph„
1269 3323 1513 3407 Hydat.

842 3428 920 3492 L.
951 3427 1306 3493 Arruntius
1341 3425 1701 3512 Camil[l]us
1733 3428 2295 3513 Serib[o]nia[n]us
2338 3431 2472 3508 tit.‚·
2514 3430 2752 3494 Furius
2787 3428 3097 3495 Camillus
3128 3427 3295 3493 Seri-

713 3530 1032 3595 bonianus
1079 3530 1335 3595 Sueten.
1393 3529 1629 3595 Claud.
1675 3536 1758 3595 13
1817 3529 1991 3611 (inde
2046 3532 2225 3599 Oros.
2276 3538 2331 3609 7,
2379 3537 2438 3610 6,
2486 3532 2569 3615 6),
2629 3531 2765 3597 Dio
2808 3537 2907 3609 60,
2955 3536 3070 3610 15;
3128 3531 3299 3597 Sori-

711 3633 1028 3697 bonianus
1075 3631 1389 3698 Camillus
1436 3632 1659 3717 (Vict.)
1702 3635 2001 3717 F4›itome
2041 3641 2102 3713 4,
2136 3641 2211 3714 4;
2256 3633 2568 3700 Camillus
2607 3636 2754 3701 Tae.
2796 3657 2855 3702 a.
2896 3640 3002 3711 12,
3033 3638 3122 3700 52
3167 3634 3303 3717 (ubi

708 3735 1104 3819 praecedunt
1162 3736 1425 3801 nomina
1482 3735 1612 3820 filii
1651 3736 1838 3801 Furii
1885 3736 2344 3821 Scriboniani),
2408 3738 2667 3804 Sueton.
2723 3737 2964 3803 Claud.
2992 3734 3089 3802 '35
3103 3757 3125 3814 ;
3168 3735 3300 3800 Dio

707 3841 806 3915 55,
852 3842 976 3918 23,·
1018 3837 1485 3903 Scribonianus
1539 3839 1687 3904 Tac.
1733 3839 1795 3904 h.
1840 3845 1898 3917 1,
1929 3844 2050 3918 89,·
2090 3845 2161 3917 2,
2192 3844 2287 3918 75,
2336 3839 2520 3904 Plin.
2566 3841 2743 3923 epist.
2788 3844 2847 3916 3,
2880 3844 2979 3918 16,
3015 3845 3071 3916 7,
3118 3839 3297 3905 Oro-5.

717 3945 771 4017 7,
803 3945 864 4017 8,
896 3947 961 4008 2.
1028 3940 1303 4024 Duplice
1346 3963 1484 4006 eum
1523 3944 1771 4008 nomine
1796 3943 2121 4026 yentilicio
2153 3963 2337 4008 usum
2368 3963 2497 4008 esse
2526 3963 2667 4008 cum
2709 3948 2769 4008 et
2810 3964 2887 4008 ex
2931 3943 3303 4009 testimoniis

715 4041 1010 4109 Suetonii
1050 4042 1403 4125 Dionisque
1455 4049 1515 4109 et
1574 4067 1650 4110 ex
1705 4047 1957 4111 nomine
2004 4046 2133 4130 filii
2177 4047 2315 4111 veri
2362 4045 2567 4110 simile
2615 4042 2909 4111 videatur
2923 4095 2938 4123 ,
3000 4045 3304 4128 quomodo

711 4145 1154 4228 eoeplicandwm
1200 4145 1286 4210 sit
1321 4168 1565 4229 parum
1618 4147 1827 4229 liquet.
1914 4148 2091 4213 Nam
2132 4150 2261 4213 sive
2303 4148 2510 4232 filium
2551 4148 2916 4213 naturalem
2962 4148 3060 4215 M.
3104 4144 3306 4212 Furii

718 4246 981 4313 Camilli
1022 4250 1298 4314 consulis
1343 4252 1386 4312 8
1416 4270 1492 4331 p.
1533 4248 1604 4314 C.
1650 4249 2022 4331 adoptatum
2066 4272 2108 4315 a
2150 4249 2228 4316 L.
2272 4251 2591 4315 Arruntio
2643 4250 2893 4316 consule
2938 4272 2999 4314 a.
3046 4255 3086 4315 6
3115 4273 3188 4334 p.
3231 4249 3303 4315 C.

709 4351 1028 4433 ponimus,
1073 4353 1200 4416 sive
1242 4351 1431 4416 huius
1475 4351 1680 4435 filium
1722 4353 2084 4417 naturalem
2124 4354 2463 4435 siunpsisse
2505 4354 2767 4419 nomina
2808 4352 3009 4418 Furii
3045 4352 3310 4418 Camilli

715 4454 784 4517 in
841 4453 1139 4519 honorem
1197 4454 1523 4520 cuiusdam
1580 4476 1656 4519 ex
1716 4457 2071 4521 maioribus
2122 4458 2430 4522 maternis
2446 4507 2461 4534 ,
2538 4458 2609 4522 in
2673 4454 2955 4539 utraque
3015 4457 3307 4539 opinione

712 4557 1030 4621 nominum
1077 4558 1249 4622 ratio
1294 4579 1538 4641 parum
1598 4559 1882 4623 convenit
1938 4559 2087 4623 usui
2128 4561 2360 4625 aetatis
2412 4560 2811 4625 Tiberianae.
2913 4560 3304 4641 Quamquam

714 4665 900 4724 notus
942 4665 1033 4725 est
1076 4660 1153 4725 P.
1188 4661 1515 4745 Sulpicius
1552 4662 1882 4743 Quirinius
1926 4661 2144 4727 consul
2186 4684 2245 4727 a.
2280 4668 2409 4730 742
2435 4692 2521 4718 =
2548 4668 2656 4730 12.
2690 4685 2750 4728 a.
2793 4662 2863 4730 C.
2961 4662 3196 4727 Restat
3236 4666 3309 4725 ut

718 4762 1214 4829 Scribonianum
1269 4770 1426 4848 post
1498 4765 1898 4848 adoptionem
1966 4786 2192 4830 nomen
2254 4765 2456 4831 Furii
2523 4788 2593 4831 re
2666 4788 2818 4831 vera
2883 4766 3185 4831 abiecisse
3251 4769 3309 4828 et

718 4865 1091 4931 Suetonium
1122 4888 1199 4932 ac
1235 4866 1510 4932 Dionem
1545 4869 1755 4932 minus
1800 4872 2097 4933 accurate
2141 4890 2210 4935 eo
2254 4890 2402 4934 usos
2445 4890 2574 4935 esse
2616 4874 2990 4945 statuamus,
3033 4867 3106 4932 id
3146 4866 3314 4950 quod

718 4967 1151 5033 commendare
1194 4968 1444 5034 videtur
1489 4969 1725 5035 titulus.
1825 4970 2002 5051 Quae
2060 4973 2376 5036 sententia
2424 4973 2696 5036 maxime
2746 4971 2929 5036 nobis
2973 4966 3306 5051 arrideret,

714 5072 847 5135 nisi
886 5070 1088 5136 Furii
1126 5092 1354 5138 nomen
1400 5074 1466 5138 in
1510 5072 1647 5157 filio
1690 5080 2061 5139 recurreret.
2173 5076 2403 5157 Itaque
2444 5094 2546 5139 res
2579 5095 2708 5157 pro
2752 5078 2918 5139 certo
2964 5073 3314 5137 diiudicari

714 5175 928 5255 nequit
971 5195 1167 5257 neque
1195 5177 1420 5260 mayis,
1467 5198 1544 5241 ex
1583 5197 1712 5258 qua
1741 5176 2083 5258 parentela
2128 5177 2548 5242 Scriboniani
2584 5197 2917 5259 cognomen
2961 5176 3309 5241 deduoeem't.

694 5282 1116 5338 Prosopographia
1156 5285 1280 5339 Imp.
1309 5285 1446 5331 Rom.
1499 5285 1543 5329 1.
2836 5279 2899 5332 10
