3859 5992
485 563 953 620 CALPVRNIVS
1774 559 1900 625 279
2724 568 3151 624 CALPVRNIV
3156 569 3193 623 S

744 660 923 668 0——

610 759 787 843 filius
826 760 1088 843 quidam
1125 760 1201 825 P.
1244 760 1588 844 Calpurnii
1617 764 1842 829 Macri
1872 762 2093 829 Caulii
2119 763 2279 848 Rufi
2323 763 2518 846 leyati
2548 765 2837 829 Moesiae
2865 765 3198 846 inferioris

611 862 720 947 (cf.
777 883 980 946 supra
1034 884 1099 927 n.
1143 863 1326 946 220),
1389 885 1477 928 an
1534 865 1623 930 ad
1676 866 1841 931 huno
1882 867 2093 949 ipsum
2137 872 2179 931 t.
2225 866 2595 948 referendus
2639 872 2702 931 et
2746 867 3069 950 leyendum
3111 868 3198 931 sit

619 964 843 1032 ‘Rufi‘.
906 1002 1012 1021 —.
1046 965 1251 1032 Filius
1296 966 1631 1054 Calpurnii
1678 970 1885 1035 Macri
1948 969 2201 1055 (leyati)
2245 970 2495 1034 nomine
2540 970 2765 1035 omisso
2809 974 3197 1035 memoratur

611 1066 786 1137 Plin.
833 1070 1011 1152 epist.
1053 1073 1116 1147 5,
1161 1073 1263 1149 18,
1308 1076 1367 1139 1.

484 1172 612 1236 222
658 1169 1055 1258 Calpurnius
1091 1171 1457 1256 Marcellae,
1505 1176 1536 1239 ὁ
1569 1177 1887 1261 κράτιστος,
1935 1176 2210 1239 maritus
2237 1173 2624 1240 Valentillae
2666 1176 2734 1239 in
2766 1173 2952 1240 titulo
2976 1175 3198 1240 uxoris

614 1271 866 1357 Papers
895 1275 974 1357 of
992 1274 1093 1340 the
1106 1275 1456 1341 American
1475 1275 1689 1341 school
1720 1279 1797 1359 of
1817 1277 2063 1342 classic.
2086 1277 2250 1354 stud,
2278 1283 2346 1342 at
2366 1277 2612 1343 Athens
2626 1279 2719 1343 II
2724 1300 2797 1362 p.
2823 1282 2947 1341 186
2968 1299 3031 1342 n.
3050 1282 3193 1342 189.

485 1378 656 1442 2222,
698 1375 1093 1462 Calpurnius
1135 1377 1482 1461 Maximus,
1529 1380 1682 1465 imp.
1716 1378 2073 1443 Commodo
2119 1390 2184 1444 et
2220 1378 2537 1459 Quintillo
2583 1403 2712 1445 cos.
2759 1381 2843 1463 (a.
2877 1379 3024 1463 177)
3069 1378 3193 1444 sub

614 1480 827 1564 c(ura)
874 1479 1186 1566 Calpurni
1220 1482 1491 1546 Maximi
1537 1483 1607 1547 in
1648 1483 1869 1566 fistula
1900 1482 2206 1565 plumbea
2247 1484 2504 1548 urbana
2539 1483 2791 1549 Notizie
2821 1483 2989 1566 deyli
3022 1483 3198 1547 soavi

612 1587 776 1649 1895
807 1604 881 1666 p.
911 1587 1069 1661 346,-
1098 1590 1491 1667 procurator
1534 1606 1848 1668 aquarum
1892 1606 2060 1650 anno
2106 1591 2247 1650 177.

487 1685 614 1750 223
659 1685 739 1765 Q.
778 1685 1172 1772 Calpurnius
1202 1687 1556 1771 Modestus,
1606 1687 1679 1754 C.
1711 1689 1779 1771 f.,
1828 1688 2002 1753 tribu
2050 1688 2255 1771 Quin,
2304 1698 2685 1775 procurator
2714 1688 2999 1775 Alpium,
3050 1709 3194 1773 pro-

612 1797 877 1852 curator
900 1786 1123 1853 Ostiae
1153 1789 1237 1853 ad
1267 1809 1609 1874 annonam,
1654 1800 2039 1876 procurator
2072 1790 2402 1856 Lucaniae
2430 1789 2616 1856 XIV
2636 1796 2754 1856 161
2787 1796 2830 1854 t.
2868 1790 3192 1855 Ostiensis,

486 1891 614 1955 224
656 1892 1181 1973 (CALPVRNIVS)
1228 1901 1413 1957 PISO.
1508 1893 1795 1974 ‘Quibus
1825 1895 2050 1958 'etiam
2109 1893 2337 1958 diebus
2383 1892 2778 1977 (Augustus)
2823 1892 3030 1957 multa
3080 1914 3197 1977 per

613 2014 699 2075 se,
744 1992 1075 2079 multaque
1119 2016 1235 2080 per
1279 1994 1477 2060 duces
1523 2007 1589 2061 et
1629 1995 1876 2079 legatos
1922 1993 2095 2061 bella
2145 1996 2379 2079 gessit3
2432 2018 2581 2060 nam
2629 1996 2795 2060 inter
2840 2006 3087 2059 ceteros
3131 2002 3197 2057 et

616 2095 766 2159 Piso
808 2094 1124 2161 adversus
1168 2096 1542 2162 Vindelicos
1586 2099 1817 2163 missus
1862 2107 1977 2180 est,
2032 2097 2270 2183 quibus
2324 2097 2608 2162 subactis
2650 2099 2863 2162 victor
2905 2096 2988 2162 ad
3036 2096 3194 2162 Cae-

612 2219 822 2262 sarem
854 2198 1252 2282 Lugdunum
1280 2202 1482 2265 venit‘
1525 2201 1790 2266 Orosius
1818 2207 1875 2278 6,
1900 2205 2008 2278 21,
2036 2206 2152 2278 22,
2197 2201 2310 2284 qui
2334 2205 2481 2265 ante
2520 2199 2680 2265 haec·
2717 2202 2912 2265 verba
2951 2199 3198 2264 rettulit

607 2299 969 2382 Auyustum
1007 2300 1396 2367 Cantabrico
1443 2302 1603 2368 bello
1647 2304 1924 2385 confecto
1958 2302 2233 2368 Romam
2267 2301 2549 2367 rediisse.
2621 2301 2757 2367 Nec
2801 2307 3008 2367 tamen
3052 2301 3197 2367 inde

612 2403 902 2486 colliyere
944 2404 1087 2469 licet
1128 2404 1339 2469 eodem
1381 2406 1516 2487 fere
1562 2411 1836 2489 tempore
1869 2405 2169 2471 Pisonem
2206 2411 2430 2470 contra
2468 2404 2821 2470 Vindelicos
2851 2424 3194 2488 puynasse.

618 2507 792 2572 Nam
835 2506 1100 2573 Orosius
1143 2528 1282 2572 oum
1310 2507 1386 2573 de
1416 2509 1596 2574 bellis
1623 2509 1905 2592 Auyusti
1932 2530 2009 2575 eat
2043 2511 2317 2591 epitoma
2346 2508 2538 2584 Livii,
2584 2507 2812 2585 Floro,
2857 2508 3195 2591 Eutropia

616 2610 919 2677 Suetonio
979 2615 1273 2694 eaecerpta
1330 2613 1833 2696 consarcinaret,
1895 2618 2242 2696 temporum
2302 2611 2583 2676 ordinem
2630 2611 2886 2676 minime
2930 2612 3194 2677 curavit.

615 2716 817 2780 Immo
849 2713 1159 2797 expeditio
1187 2714 1449 2779 Pisonis
1491 2716 1581 2780 ad
1624 2716 1851 2780 bellum
1893 2715 2060 2798 quod
2099 2736 2158 2779 a.
2194 2720 2313 2779 739
2356 2744 2441 2767 =
2484 2718 2563 2778 15
2609 2736 2670 2778 a.
2712 2712 2781 2778 G.
2818 2714 3108 2779 Tiberius
3139 2717 3199 2777 et

613 2817 870 2883 Drusus
915 2822 1137 2882 contra
1181 2817 1457 2883 Noricos
1499 2824 1560 2883 et
1602 2819 1955 2884 Vindelicos
1993 2822 2338 2902 yesserunt,
2372 2817 2695 2900 pertinere
2752 2817 3015 2894 videtur,
3077 2838 3196 2899 quo

620 2927 891 3005 tempore
932 2921 1263 3005 Auyustus
1308 2924 1375 2987 in
1411 2922 1637 2988 Gallia
1680 2924 1807 3006 eyit
1848 2922 1983 2988 Dio
2008 2927 2109 2999 54,
2148 2928 2257 2988 20.
2301 2926 2387 2987 21
2433 2921 2515 3001 cf.
2547 2920 2789 2985 Eclckel
2832 2921 2934 2985 VI
2956 2942 3026 3003 p.
3053 2923 3193 2984 103.

488 3027 615 3092 225
662 3035 1131 3091 CALPVRNIVS
1178 3035 1341 3090 PISO
1388 3027 1686 3092 recitavit
1729 3034 2206 3112 καταστερισμῶν
2252 3023 2451 3088 libros
2483 3023 2682 3105 elegis
2712 3025 2988 3108 scriptos
3023 3021 3194 3087 Plin.

620 3131 795 3213 epist.
826 3132 887 3205 5,
925 3134 1009 3193 17
1021 3148 1041 3207 ;
1083 3139 1287 3194 mater
1317 3138 1380 3193 et
1409 3126 1612 3193 frater
1638 3133 2073 3193 memorantur
2097 3127 2224 3191 ibd.
2290 3126 2536 3191 Dubito
2563 3146 2718 3190 num
2749 3125 2822 3190 de
2860 3125 2931 3190 G.
2963 3124 3198 3190 Pisone

616 3252 738 3297 eos.
771 3253 832 3296 a.
856 3236 976 3296 111
1007 3232 1281 3315 eoyitari
1296 3232 1522 3313 possit,
1555 3231 1723 3313 quod
1761 3231 1916 3295 Piso
1961 3230 2082 3307 hic,
2127 3251 2308 3312 quem
2339 3228 2600 3293 Plinius
2635 3229 2810 3293 circa
2839 3250 2898 3295 a.
2932 3227 3197 3293 105l106

587 3336 984 3401 recitantem
1028 3334 1292 3411 audivit,
1340 3334 1420 3398 ab
1467 3354 1537 3398 eo
1583 3333 1819 3398 dieitur
1859 3333 2242 3399 adulescens
2284 3332 2331 3415 §
2376 3337 2416 3396 4
2462 3331 2503 3395 l.
2548 3330 2591 3395 l.

488 3438 613 3503 226
661 3446 1129 3501 CALPVRNIVS
1190 3446 1387 3516 PISO,
1447 3436 1771 3522 Scipionis
1828 3436 2020 3502 Orfiti
2080 3435 2252 3499 filius
2309 3436 2655 3499 honoratus
2701 3438 2744 3497 t.
2781 3432 2998 3496 Attico
3038 3430 3195 3497 CIA

604 3540 749 3605 III
765 3544 913 3606 620.
989 3539 1094 3604 De
1136 3539 1385 3604 homine
1423 3539 1563 3604 vide
1605 3540 1790 3621 infra
1814 3541 1931 3603 sub
1964 3539 2107 3605 Ser.
2147 3537 2502 3619 Calpurnio
2545 3536 2845 3619 Scipione
2885 3534 3109 3617 OrfitO.

486 3642 612 3708 227
660 3651 722 3707 C.
769 3651 1237 3706 CALPVRNIVS
1283 3651 1443 3706 PISO
1502 3648 1889 3707 memoratur
1947 3643 2018 3706 in
2078 3642 2240 3706 actis
2281 3639 2622 3704 Arvalium
2679 3660 2741 3703 a.
2783 3641 3051 3713 38-63,
3114 3634 3201 3700 ad

617 3766 755 3810 eum
796 3746 1034 3827 referri
1078 3749 1290 3828 potest
1335 3751 1376 3812 t.
1423 3744 1831 3810 Dalmatieus
1875 3745 2010 3810 III
2042 3744 2113 3811 S.
2162 3749 2405 3810 12794:
2460 3780 2537 3788 —
2588 3781 2666 3789 —
2712 3741 2970 3805 termini
3016 3741 3194 3804 resti·

616 3849 739 3912 tuti
794 3870 836 3912 a
892 3846 1177 3931 [P]isone
1234 3845 1360 3930 leg.
1420 3870 1535 3933 pro
1596 3859 1854 3933 pretore
1912 3848 2051 3933 (sie)
2110 3847 2256 3931 [Ti.]
2319 3843 2553 3911 Claudi
2614 3844 2912 3910 Caesaris
2973 3841 3191 3926 [Aug]

617 3950 992 4017 Germanici
1023 3971 1142 4034 per
1172 3986 1257 3996 —
1289 3986 1390 4015 —.
1428 3988 1505 3997 —
1535 3949 1936 4015 Praenomen
1976 3954 2149 4014 extat
2191 3951 2261 4013 in
2297 3951 2459 4014 actis
2486 3946 2828 4011 Arvalium
2857 3950 2914 4010 el
2954 3946 3101 4010 Tac.
3135 3966 3195 4008 a.

620 4058 718 4129 14,
752 4057 868 4131 65,·
910 4058 1009 4129 15,
1039 4057 1140 4129 84,
1185 4051 1247 4119 h.
1276 4059 1334 4129 4,
1367 4058 1466 4129 11,
1515 4053 1775 4118 Sueton.
1814 4052 1954 4121 Cal.
1991 4058 2096 4129 25,
2143 4051 2276 4116 Dio
2317 4056 2419 4128 59,
2450 4054 2510 4117 8.
2909 4120 2914 4125 ,

745 4154 1098 4241 Calpurnio
1157 4177 1397 4239 genere
1451 4164 1631 4220 ortus
1688 4178 1766 4219 ac
1821 4153 2058 4219 multas
2117 4155 2537 4240 insignesque
2592 4150 2867 4216 familias
2929 4159 3198 4235 paterna

619 4257 954 4323 nobilitate
1013 4257 1389 4343 complexus
1447 4257 1620 4322 claro
1680 4257 1855 4343 apud
1916 4257 2183 4340 vulgum
2246 4278 2503 4322 rumore
2548 4264 2687 4318 erat
2729 4276 2847 4340 per
2890 4255 3197 4317 virtutem

614 4370 728 4426 aut
784 4362 1030 4445 species
1090 4360 1441 4425 virtutibus
1500 4359 1767 4441 similes;
1836 4381 2119 4446 namque
2181 4359 2552 4424 facundiam
2621 4355 2878 4422 tuendis
2942 4354 3198 4418 civibus

618 4463 983 4547 exercebat,
1032 4461 1438 4546 largitionem
1485 4464 1800 4529 adversus
1844 4466 2088 4527 amicos
2135 4472 2200 4527 et
2243 4463 2479 4545 ignotis
2525 4480 2807 4545 quoque,
2861 4458 3025 4520 comi
3069 4478 3197 4519 ser-

615 4588 806 4631 mone
850 4577 915 4631 et
955 4587 1343 4648 congressu3
1388 4565 1662 4630 aderant
1705 4568 1898 4630 etiam
1945 4567 2226 4647 fortuita,
2277 4586 2510 4650 corpus
2555 4583 2916 4648 procerum,
2963 4559 3200 4624 decora

617 4667 836 4751 facies,
882 4669 998 4733 sed
1044 4668 1270 4754 procul
1307 4671 1594 4751 gravitas
1625 4691 1873 4734 morum
1905 4678 2020 4733 aut
2049 4666 2455 4754 voluptatum
2487 4666 2898 4751 parsimonia,
2948 4661 3194 4726 lenitati

614 4794 691 4836 ac
733 4771 1249 4853 magnificentiae
1293 4782 1358 4836 et
1393 4770 1740 4857 aliquando
1786 4770 1948 4835 luxu
1995 4769 2374 4855 indulgebat
2425 4769 2572 4833 Tae.
2608 4790 2668 4831 a.
2701 4769 2797 4842 15,
2827 4768 2928 4830 48.
3022 4762 3198 4825 ‘Piso

616 4871 847 4938 bonus‘
910 4871 1325 4956 praedicatur
1390 4874 1559 4937 inter
1628 4872 1918 4936 homiues
1984 4875 2216 4936 aetatis
2276 4870 2698 4936 Claudiorum
2765 4863 3064 4931 liberales
3131 4865 3194 4926 in

617 4976 857 5039 amicos
887 4974 1172 5038 luz-enat.
1203 4978 1263 5051 5,
1294 4980 1415 5039 114
1445 4975 1527 5055 ef.
1565 4974 1865 5039 Martial.
1894 4981 1953 5052 4,
1985 4979 2084 5051 40,
2117 4980 2191 5052 1,·
2220 4979 2325 5050 12,
2355 4977 2455 5048 36,
2484 4975 2545 5035 8.
2623 4972 2772 5034 Piso
2805 4965 3198 5052 Calpurnius

619 5078 887 5164 antiqua
925 5074 1187 5152 familia,
1241 5077 1532 5141 scaenico
1580 5076 1802 5142 habitu
1843 5075 2214 5160 tragoedius
2249 5075 2542 5139 actitavit
2569 5074 2678 5155 (ef.
2718 5072 2864 5136 Tae.
2896 5092 2956 5134 a.
2989 5074 3086 5143 15,
3120 5072 3196 5130 65

619 5179 769 5243 Piso
805 5180 1051 5261 tragico
1090 5189 1322 5243 ornatu
1352 5178 1673 5261 canebat),
1722 5180 1790 5242 in
1834 5176 2346 5243 latrunculorum
2392 5176 2539 5240 lusu
2584 5186 2714 5238 tam
2765 5171 3086 5258 perfectus
3134 5179 3199 5233 et
