3859 5992
633 513 911 572 ANNIvs
1944 506 2022 572 71
3055 515 3335 574 ANNIVS

750 714 840 798 (n.
883 716 1050 802 536),
1109 712 1200 778 Μ.
1245 711 1502 778 Annius
1562 711 1728 778 Libo
1789 712 1874 796 (n.
1916 715 2093 796 508),
2154 710 2376 778 Annia
2434 711 2702 778 Galeria
2758 714 3074 779 Faustina
3135 721 3340 800 nupta

758 814 953 881 Arrio
996 814 1329 881 Antonino
1371 816 1485 901 qui
1530 816 1891 902 imperavit.
1973 813 2190 879 Annio
2220 814 2396 881 Vero
2440 813 2573 879 filio
2616 824 2872 881 mortuo
2913 816 3005 882 Μ.
3049 813 3341 881 Annium

761 917 1004 983 Verum
1025 928 1353 1005 nepotem,
1397 919 1510 1003 qui
1540 927 1765 1004 postea
1792 918 2157 1004 imperavit,
2187 916 2526 1003 adoptavit
2553 927 2617 984 et
2646 917 2951 984 educavit
2973 919 3085 984 vit.
3119 917 3345 985 Marci

760 1026 820 1098 1,
866 1025 966 1085 10.
1012 1058 1094 1068 -
1144 1021 1548 1086 Memoratur
1592 1041 1635 1086 a
1680 1020 1917 1086 Marco
1959 1022 2043 1092 εἰς
2084 1020 2296 1086 ἑαυτόν
2339 1025 2399 1098 1,
2442 1025 2503 1086 1.

633 1124 757 1189 536
800 1124 939 1207 (M.)
968 1132 1248 1189 ANNIVS
1278 1132 1546 1203 VERVS‚
1589 1121 1763 1188 filius
1799 1122 1891 1188 M.
1923 1122 2125 1189 Annii
2156 1122 2316 1188 Veri
2362 1133 2461 1188 ter
2504 1121 2787 1189 consulis
2830 1126 2918 1209 (n.
2947 1122 3110 1207 535),
3155 1132 3344 1210 pater

761 1225 967 1290 Marci
1012 1226 1451 1311 imperatoris,
1500 1226 1859 1312 praetorius
1903 1224 2183 1290 decessit
2225 1225 2424 1310 (circa
2469 1246 2529 1291 a.
2575 1225 2722 1302 130)
2764 1227 2873 1291 vit.
2923 1226 3150 1293 Marci
3189 1232 3249 1305 1,
3279 1230 3339 1295 1.

767 1328 949 1393 onr
994 1328 1282 1393 Domitia
1337 1326 1592 1393 Lucilla
1644 1328 1717 1392 in
1774 1327 1998 1411 teyulis
2052 1328 2381 1412 inscnptis
2436 1328 2732 1394 Domitia
2787 1327 3019 1398 Lucill.
3064 1329 3227 1395 Veri
3286 1333 3346 1393 et

761 1429 1016 1496 Lucilla
1059 1431 1219 1496 Veri
1263 1430 1337 1496 X
1349 1430 1567 1496 V131.
1613 1434 1929 1496 617-619.
1975 1434 2159 1496 1068.
2204 1435 2385 1495 1071.
2432 1435 2623 1497 1072.
2671 1436 2855 1499 1077.
2897 1433 3085 1497 1078.
3129 1433 3341 1496 1080-

760 1538 949 1601 1082.
994 1536 1178 1600 1085.
1224 1537 1408 1598 1086.
1452 1536 1638 1599 1089.
1681 1537 1871 1611 1090,
1913 1554 2073 1615 quae
2117 1532 2293 1617 apud
2335 1533 2720 1617 bioyraphos
2757 1536 2889 1619 (vit.
2923 1534 3152 1600 Marci
3175 1537 3237 1613 1,
3267 1537 3347 1606 3,·

760 1643 818 1716 6,
850 1642 910 1716 9,
947 1638 1057 1702 vit.
1102 1635 1294 1701 Didii
1337 1634 1579 1701 Iulian.
1627 1640 1685 1712 1,
1730 1635 1798 1719 3)
1843 1634 2079 1701 dicitur
2122 1636 2413 1701 Domitia
2456 1635 2735 1702 Calvilla
2776 1638 2859 1720 cf.
2902 1635 2972 1702 D
3013 1640 3156 1703 158.
3244 1635 3347 1702 De

758 1741 1041 1806 moribus
1085 1739 1358 1804 Marcus
1403 1740 1487 1810 εἰς
1529 1738 1740 1805 ἑαυτόν
1783 1743 1842 1817 1,
1887 1743 1955 1805 2.
2000 1743 2102 1804 17.

640 1842 762 1908 537
806 1851 888 1908 Μ.
918 1851 1202 1907 ANNIVS
1232 1850 1478 1907 VERVS
1507 1871 1594 1896 =
1622 1851 1776 1906 IMP.
1824 1850 2119 1906 CAESAR
2162 1851 2242 1906 M.
2272 1850 2650 1906 AVRELIVS
2693 1849 3127 1909 ANTONINVS
3173 1851 3345 1908 AVG.

762 1944 969 2011 Filius
1012 1945 1162 2029 (M.)
1206 1944 1409 2010 Annii
1452 1944 1612 2009 Veri
1658 1944 1963 2030 praetorii
2011 1953 2079 2009 et
2119 1944 2451 2009 Domitiae
2493 1943 2805 2029 Lucinae,
2852 1943 3126 2010 Calvisii
3169 1943 3346 2011 Tulli

763 2047 863 2113 bis
893 2047 1175 2112 consulis
1204 2046 1395 2130 filiae,
1431 2068 1632 2133 nepos
1661 2046 1750 2112 M.
1784 2046 1987 2111 Annii
2016 2046 2178 2111 Veri
2208 2045 2490 2112 consulis
2521 2046 2625 2113 III
2655 2070 2713 2112 a.
2743 2048 2863 2113 126
2890 2048 3001 2117 vit.
3035 2048 3261 2114 Marci
3286 2053 3346 2113 1.

759 2149 1048 2216 Ceterum
1081 2149 1222 2215 vide
1265 2149 1340 2216 de
1372 2149 1713 2232 parentela
1755 2154 2036 2227 stemma,
2073 2148 2241 2232 quod
2278 2149 2674 2215 subiecimus.
2741 2150 2950 2217 Natus
2981 2161 3079 2217 est
3105 2151 3352 2216 Romae

765 2254 831 2317 in
871 2261 1091 2318 monte
1132 2251 1356 2319 Caelio
1401 2252 1507 2318 die
1551 2253 1635 2318 26
1679 2274 1880 2317 mens.
1925 2250 2135 2338 April.
2182 2274 2240 2318 a.
2282 2254 2400 2318 121
2449 2253 2587 2318 vita
2627 2258 2685 2330 1,
2717 2256 2778 2330 3,
2825 2252 2986 2335 fasti
3028 2252 3354 2320 Philocali

764 2356 815 2421 I
834 2377 907 2438 Ρ.
938 2359 1097 2434 340,·
1141 2355 1227 2437 cf.
1257 2353 1394 2420 Dio
1427 2361 1526 2432 71,
1556 2359 1640 2420 33
1668 2360 1728 2420 et
1754 2360 1871 2421 34.-
1912 2366 2208 2420 mortuus
2253 2353 2361 2420 die
2393 2355 2474 2443 17ν
2502 2355 2745 2420 mensis
2773 2354 2995 2422 Martii
3039 2357 3193 2422 anni
3229 2356 3352 2422 180

764 2459 935 2525 vixit
978 2468 1122 2524 octo
1170 2467 1235 2524 et
1278 2459 1759 2544 quinquaginta
1816 2479 2020 2523 annos
2080 2479 2467 2544 mensesque
2511 2455 2735 2523 decem
2793 2480 2871 2522 ac
2929 2457 3070 2524 dies
3117 2458 3350 2542 viginti

767 2570 830 2627 et
874 2559 1065 2627 duos.
1154 2561 1486 2648 Principio
1546 2562 1694 2627 aevi
1750 2562 1852 2626 sui
1908 2583 2148 2627 nomen
2206 2559 2435 2627 habuit
2492 2559 2710 2628 Catilii
2756 2560 3016 2643 Severi,
3075 2561 3353 2626 materni

766 2665 1023 2750 proavi,
1087 2673 1236 2749 post
1292 2685 1632 2729 excessum
1689 2685 1845 2729 vero
1903 2664 2111 2749 patris
2153 2662 2237 2730 ab
2280 2662 2617 2728 Hadriano
2656 2662 2912 2729 Annius
2956 2663 3354 2728 Verissimus

764 2775 1033 2832 vocatus
1074 2776 1193 2849 est,
1240 2776 1388 2852 post
1428 2764 1684 2831 virilem
1727 2775 1946 2831 autem
1991 2776 2210 2851 togam
2252 2765 2509 2831 Annius
2537 2764 2752 2832 Verus
2793 2767 2930 2832 vita
2964 2771 3024 2845 1,
3056 2771 3134 2845 9‚·
3176 2763 3352 2832 Κατί-

766 2873 888 2942 λιος
921 2869 1207 2957 πρότερον
1244 2869 1697 2955 ὀνομαζόμενος.
1742 2868 1875 2934 Dio
1898 2872 1998 2947 69,
2023 2874 2131 2937 21.
2170 2871 2348 2951 Quae
2378 2869 2453 2934 de
2493 2868 2721 2935 Catilii
2748 2868 2968 2935 Severi
2992 2868 3354 2935 nominibus

768 2971 1127 3049 traduntur,
1173 2972 1271 3036 ita
1321 2970 1738 3055 intelleyenda
1774 2970 2083 3049 videntur,
2128 2975 2203 3036 ut
2238 2970 2580 3037 secandum
2619 2992 2858 3037 morem
2896 2971 3075 3037 illius
3121 2972 3352 3037 aetatis

771 3074 1042 3140 Marcus
1082 3074 1443 3139 nominibus
1473 3073 1766 3158 propriis
1810 3072 2134 3139 addiderit
2171 3073 2433 3139 nomina
2464 3076 2702 3157 proavi
2741 3074 3035 3151 materm‘,
3064 3077 3139 3138 at
3173 3074 3354 3158 fieret

770 3177 950 3243 homo
980 3181 1389 3264 πολυώνυμος,
1422 3176 1495 3241 id
1518 3176 1687 3258 quod
1715 3182 1948 3260 postea
1976 3176 2354 3260 repudiavit.
2413 3176 2820 3243 Verissimmn
2851 3198 2976 3261 per
3017 3178 3225 3244 iocum
3269 3179 3351 3244 ab

766 3280 1110 3347 Hadriano
1152 3279 1548 3345 nominatum
1605 3299 1734 3345 esse
1779 3280 2115 3363 confirmat
2155 3278 2291 3344 Dio
2335 3282 2434 3357 69,
2477 3284 2584 3358 21,
2623 3300 3006 3363 quamquam
3048 3280 3240 3345 etiam
3283 3281 3352 3346 in

764 3404 1013 3448 numo
1067 3403 1297 3466 yraeco
1345 3381 1454 3466 (cs.
1498 3381 1741 3447 Eckhez
1784 3382 1929 3448 VII
1964 3403 2037 3465 Ρ.
2085 3386 2191 3466 69)
2245 3382 2641 3447 Verissimus
2700 3381 2946 3450 Caesar
2999 3382 3355 3463 investitum

772 3490 1112 3569 praeterea
1162 3484 1562 3551 Verissimus
1622 3484 1856 3550 dicitur
1920 3485 1992 3549 iu
2045 3485 2460 3568 inscriptione
2516 3484 2848 3569 apoloyiae
2901 3490 2941 3551 1
2957 3535 2975 3563 ,
3022 3490 3063 3551 1
3113 3486 3356 3551 Iustini

768 3589 1091 3671 Martyris
1146 3587 1318 3672 (inde
1356 3587 1674 3652 Eusebius
1729 3586 1950 3655 histor.
1999 3587 2337 3653 ecclesiast.
2381 3593 2440 3667 4,
2489 3588 2615 3669 18),
2668 3588 3064 3655 Verissimus
3109 3586 3353 3653 Caesar
3434 3630 3450 3647 .

767 3690 1084 3757 Eusebius
1125 3689 1387 3754 Armen.
1434 3688 1631 3754 chron
1675 3689 1764 3754 ad
1805 3711 1866 3754 a.
1914 3689 2078 3754 Abr.
2110 3694 2278 3756 2164
2305 3719 2389 3743 =
2421 3690 2846 3773 Hieronymus
2873 3692 3043 3756 2165
3069 3719 3155 3745 =
3187 3690 3351 3774 Syn-

767 3792 956 3859 cellus
999 3814 1073 3876 Ρ.
1124 3796 1277 3869 663,
1321 3795 1364 3856 3
1381 3842 1395 3869 ,
1463 3813 1592 3874 qua
1657 3792 2083 3875 amellatione
2139 3792 2462 3858 Eusebius
2516 3814 2751 3858 memor
2808 3793 3052 3858 Iustim'
3104 3792 3352 3858 videtur

764 3915 914 3961 usus
956 3915 1104 3963 esse.

891 3997 1267 4064 Hadrianus
1314 3998 1372 4062 ei
1418 3998 1688 4062 sexenni
1734 3997 2044 4062 honorem
2075 3998 2227 4084 equi
2272 3996 2517 4084 publici
2547 3994 2797 4080 detulit,
2844 4005 3073 4062 octavo
3118 3997 3349 4063 aetatis

770 4123 939 4167 anno
998 4102 1065 4165 in
1120 4099 1427 4165 saliorum
1487 4100 1831 4184 collegium
1889 4098 2141 4165 rettulit
2179 4100 2317 4165 vita
2356 4105 2416 4179 4,
2462 4105 2521 4165 1.
2612 4100 2806 4165 Patre
2849 4109 3102 4165 mortuo
3148 4100 3350 4185 (circa

769 4226 828 4268 a.
878 4202 1018 4286 130)
1076 4202 1160 4269 ab
1218 4224 1341 4267 avo
1387 4213 1652 4289 paterno
1700 4201 2043 4288 adoptatus
2089 4212 2155 4268 et
2211 4201 2522 4268 educatus
2566 4213 2665 4269 est
2699 4203 2835 4267 vita
2878 4207 2937 4281 1,
2982 4205 3082 4271 10.
3172 4203 3349 4268 Vsus

772 4316 867 4373 est
920 4306 1249 4389 magistris
1308 4305 1387 4370 ad
1449 4307 1660 4391 prima
1714 4303 2037 4369 elementa
2080 4304 2498 4390 Euphorione
2558 4303 2915 4371 litteratore
2958 4314 3024 4370 et
3069 4305 3347 4373 Gemino

767 4407 1089 4492 comoedo,
1136 4411 1380 4473 musico
1431 4407 1739 4473 Androne
1782 4407 2139 4493 eodemque
2168 4416 2530 4491 geometra3
2576 4430 2731 4472 usus
2776 4415 3113 4494 praeterea
3156 4409 3352 4492 (puer

762 4510 859 4577 vel
896 4509 1283 4593 adulescens)
1319 4511 1760 4594 grammaticis
1791 4508 2048 4574 Graeco
2079 4508 2454 4576 Alexandro
2490 4508 2857 4576 Cotiaeensi
2901 4509 3011 4592 (cf.
3047 4508 3347 4575 Marcu-m

764 4616 845 4686 εἰς
888 4614 1097 4680 ἑαυτόν
1143 4618 1200 4691 1,
1247 4613 1373 4697 10),
1425 4613 1674 4678 Latinis
1719 4614 1951 4678 Trosio
1998 4612 2180 4699 Apro
2237 4622 2303 4677 et
2361 4610 2658 4678 Pollione
2712 4622 2778 4677 et
2819 4611 3147 4696 Eutychio
3192 4612 3347 4676 Pro·

763 4714 905 4782 culo
967 4716 1253 4783 Siccensi
1272 4740 1289 4800 3
1352 4715 1715 4782 oratoribus
1777 4737 1937 4781 usus
1996 4725 2095 4780 est
2152 4715 2425 4782 Graecis
2465 4713 2707 4780 Aninio
2751 4713 3009 4797 Macro,
3070 4713 3348 4781 Caninio

762 4818 989 4885 Celere
1020 4829 1085 4886 et
1105 4819 1372 4885 Herode
1395 4819 1631 4903 Attico,
1665 4819 1900 4884 Latino
1930 4817 2263 4883 Frontone
2295 4815 2596 4883 Cornelio
2624 4817 2760 4884 vim
2780 4822 2845 4896 2,
2870 4821 3028 4884 2-4.
3071 4816 3351 4883 Audivit

760 4920 1176 5008 philosophos
1220 4921 1637 5008 Apollonium
1682 4920 2194 4988 Chalcedonium
2239 4917 2544 5000 (Marcus
2585 4926 2645 4999 1,
2687 4924 2776 5008 8),
2825 4919 3098 4986 Sextum
3143 4917 3345 4985 Chae-

760 5046 1099 5090 ronensem
1135 5023 1466 5090 Plutarchi
1498 5034 1797 5112 nepotem
1830 5022 2131 5104 (Marcus
2160 5028 2220 5102 1,
2253 5022 2339 5106 9),
2381 5023 2644 5089 Iunium
2673 5025 3017 5090 Rusticum
3045 5020 3349 5100 (Marcus

759 5132 816 5205 1,
861 5130 947 5206 7),
994 5127 1347 5194 Claudium
1389 5128 1753 5193 Maximum
1783 5127 2083 5212 (Marcus
2110 5132 2171 5205 1,
2201 5126 2326 5209 15),
2371 5125 2649 5193 Cinnam
2693 5124 2999 5192 Catulum
3045 5116 3089 5198 (
3077 5125 3352 5193 Marcus
