3859 5992
521 558 831 614 CAESIVS
1816 550 1944 615 269
2808 561 3223 617 CAESONIVS

552 762 561 769 '
645 763 754 825 29.
797 760 1028 833 31-34,
1076 757 1168 821 ΙΙ
1198 760 1389 833 2958,
1446 756 1549 821 VI
1577 761 1726 822 268.
1807 756 2016 822 Plena
2058 758 2319 822 nomina
2361 762 2579 823 extant
2624 757 2726 823 VI
2756 762 2903 837 268,
2951 760 3079 824 tab.
3124 765 3223 838 34,

646 864 913 925 ceteram
958 860 1037 927 L.
1083 858 1353 925 Caesius
1395 860 1523 924 sive
1568 859 1835 926 Caesius
1878 858 2199 925 Martialis
2238 861 2416 942 fasti.

525 966 643 1030 155
691 972 999 1027 CAESIVS
1039 971 1332 1044 NASICA,
1379 961 1633 1046 legatus
1673 961 1948 1047 legionis
1994 965 2060 1027 in
2106 963 2444 1029 Britannia
2485 986 2543 1027 a.
2582 965 2665 1028 50
2714 964 2861 1029 Tae.
2896 987 2957 1030 a.
2996 971 3092 1042 12,
3123 971 3226 1031 40.

522 1069 645 1133 156
689 1065 762 1131 C.
797 1064 1065 1131 Caesius
1094 1065 1314 1149 Niger,
1364 1064 1444 1146 Q.
1476 1064 1542 1141 f.‚
1593 1065 1768 1131 tribu
1814 1065 1986 1148 Ter„
2035 1088 2117 1130 ex
2163 1067 2374 1152 prima
2416 1066 2813 1132 admissione
2858 1067 3019 1151 (soil.
3066 1070 3226 1131 ami-

648 1190 861 1234 eorwm
903 1168 1188 1251 Augusti
1240 1168 1338 1233 vel
1404 1169 1687 1251 Tiberii),
1754 1190 1836 1233 ex
1895 1178 2203 1256 quattuor
2262 1168 2521 1234 decuris
2574 1170 2747 1248 (ante
2790 1171 3231 1253 imperatorem

650 1271 934 1357 Gaium),
982 1272 1161 1335 curio
1208 1272 1418 1336 minor
1463 1270 1565 1337 VI
1594 1276 1762 1337 2169
1807 1277 1849 1336 t.
1892 1271 2290 1355 sepulcralia

529 1376 645 1443 157
692 1376 766 1443 Ρ.
800 1373 1071 1439 Caesius
1103 1372 1539 1458 Phosphorus,
1586 1373 1881 1455 libertus,
1921 1375 2029 1438 eui
2063 1372 2316 1438 Plinius
2361 1375 2461 1439 ius
2494 1374 2846 1455 Quiritium
2878 1399 2919 1440 a
2945 1375 3226 1440 Traiano

646 1479 833 1565 petiit
875 1476 1051 1541 Plin.
1100 1476 1189 1541 ad
1238 1476 1503 1544 Traian.
1535 1482 1633 1554 11,
1663 1481 1730 1543 2.

524 1582 646 1647 158
694 1581 847 1647 Sex.
909 1579 1180 1646 Caesius
1242 1579 1738 1666 PropertianuS,
1802 1580 1953 1646 Sex.
2008 1580 2086 1663 f.‚
2150 1580 2382 1644 flamen
2425 1577 2700 1644 Cerialis
2755 1581 3024 1662 Romae,
3087 1602 3230 1665 pro·

649 1692 909 1747 curator
966 1683 1374 1768 imperatoris
1432 1704 1473 1746 a
1534 1684 1920 1769 patrimonio
1969 1692 2033 1747 et
2085 1681 2552 1748 hereditatibus
2597 1692 2663 1747 et
2706 1706 2747 1747 a
2789 1681 3055 1765 libellis,
3119 1684 3227 1748 tri-

649 1785 863 1850 bunus
908 1783 1184 1849 militum
1230 1783 1503 1868 legionis
1550 1787 1685 1851 1111
1730 1785 2211 1868 Macedonicae,
2266 1785 2633 1870 praefectus
2678 1785 2959 1850 cohortis
3003 1787 3230 1850 tertiae

649 1890 1110 1974 Hispanorum,
1160 1887 1346 1953 hasta
1391 1910 1553 1973 pura
1598 1899 1662 1953 et
1706 1910 1946 1952 corona
2006 1910 2207 1954 aurea
2250 1888 2559 1971 donatus3
2620 1891 3031 1973 quattuorvir
3091 1890 3232 1952 iure

648 1990 963 2071 dieundO,
1026 1992 1436 2076 quattuorvir
1494 1991 2024 2077 quinquennaliS,
2090 1991 2384 2077 pontifex
2440 1990 2854 2075 (Mevaniae),
2918 2002 3229 2078 patronus

648 2096 981 2178 municipii
1043 2094 1439 2175 (Mevaniae)
1497 2093 1619 2160 XI
1649 2099 1821 2160 5028
1880 2099 1921 2159 t.
1973 2094 2493 2159 Mevanianensis
2542 2094 2794 2176 publice
2828 2096 3096 2176 positus.
3143 2133 3230 2141 —-

648 2197 1141 2262 Procurationes
1198 2196 1379 2261 illum
1424 2199 1736 2280 accepisse
1781 2198 1861 2262 ab
1910 2198 2290 2279 imperatore
2334 2195 2581 2261 Vitellio
2624 2197 2960 2262 Bormann
2987 2199 3229 2280 proba-

649 2299 861 2365 biliter
916 2298 1063 2364 inde
1118 2292 1362 2376 staticit,
1424 2299 1592 2382 qnod
1649 2298 1935 2365 Vitellius
1980 2299 2238 2382 primus
2291 2299 2670 2364 ‘ministeria
2727 2301 3132 2386 principatus
3191 2324 3231 2365 a

646 2401 892 2467 libertis
953 2402 1057 2484 agi
1121 2400 1331 2466 solita‘
1380 2404 1449 2467 in
1509 2403 1740 2483 equites
1797 2402 2128 2468 Romanos
2175 2401 2504 2467 transtulit
2557 2402 2681 2486 (es.
2718 2402 2864 2467 Tae.
2910 2401 2971 2467 h.
3016 2407 3075 2478 1,
3120 2401 3230 2484 58)

648 2510 705 2570 et
751 2504 910 2587 leyio
955 2504 1129 2569 IIII
1164 2503 1605 2581 Macedonica,
1653 2504 1832 2569 cums
1875 2503 2171 2569 tribunus
2203 2502 2673 2585 Propertianas
2712 2504 2947 2584 fuerat,
2993 2503 3123 2584 fuit
3164 2503 3234 2567 in

649 2607 996 2691 leqionibus
1050 2606 1483 2683 Germanicis,
1546 2628 1708 2689 qaae
1769 2629 1907 2672 eum
1955 2607 2204 2672 Vitellio
2263 2609 2331 2671 in
2374 2606 2641 2671 Italiam
2686 2607 3024 2688 profectae
3065 2610 3231 2683 sant,

506 2757 517 2766 ·
647 2732 842 2793 neque
910 2713 1295 2777 memoratur
1362 2731 1641 2793 unquam
1700 2715 1855 2793 post
1927 2731 2167 2775 annum
2232 2714 2340 2786 69,
2410 2713 2823 2774 exauctorata
2885 2707 3127 2774 scilieet
3192 2729 3234 2771 a

659 2812 1065 2895 Vespasiano.

544 2954 627 2963 -
693 2926 760 2993 Q.
806 2923 1195 2978 PETILLIVS
1242 2923 1587 2978 CERIALIS
1634 2922 1945 2978 CAESIVS
1991 2923 2252 2982 RVFVS.

528 3021 648 3086 159
692 3018 765 3085 C.
815 3016 1080 3082 Caesius
1143 3017 1423 3082 Sabinus
1483 3017 1792 3081 dedicavit
1851 3017 1950 3081 dis
1995 3018 2350 3100 deabusque
2395 3018 2704 3084 Sassinae
2761 3018 2978 3083 titulos
3037 3016 3235 3081 editos

654 3145 696 3187 a
719 3121 1093 3187 Bormanno
1116 3119 1501 3200 Festschrift
1522 3120 1628 3184 cles
1648 3120 2102 3202 Gymnasinms
2121 3142 2264 3186 ‚eum
2281 3142 2527 3202 ,qrauen
2551 3122 2631 3186 K
2634 3122 2826 3186 loster
2845 3126 3007 3186 1874
3024 3143 3096 3203 p.
3115 3126 3237 3185 361

649 3247 711 3290 n.
746 3230 871 3289 1-4
905 3223 1103 3307 (1-4),
1149 3228 1536 3288 memoratur
1578 3225 1647 3287 in
1690 3223 1934 3288 mutilis
1980 3224 2210 3291 ibidem
2253 3227 2520 3308 repertis
2547 3230 2587 3290 5
2617 3225 2708 3310 (5)
2754 3229 2812 3289 et
2853 3230 2936 3289 10
2980 3223 3088 3308 (6),
3125 3224 3239 3305 qui

654 3326 740 3393 acl
788 3327 1143 3391 Traianum
1173 3327 1473 3408 pertinet.

784 3430 1068 3495 Nomina
1100 3427 1303 3510 plena
1347 3428 1639 3493 exhibent
1684 3427 1874 3505 tituli,
1918 3429 2032 3493 secl
2073 3430 2141 3494 in
2184 3434 2225 3494 t.
2258 3434 2390 3493 1-4
2433 3431 2676 3513 scripta
2705 3428 2778 3495 C.
2815 3428 2888 3496 C.
2920 3427 3236 3509 Sabinus3

656 3532 831 3616 apud
873 3531 1254 3597 Martialem
1287 3530 1555 3596 Caesius
1587 3530 1868 3596 Sabinus
1912 3531 2007 3595 vel
2046 3531 2345 3597 Sabinus.
2375 3569 2462 3577 —
2492 3534 2598 3597 Ex
2631 3534 2894 3597 Sassina
2925 3531 3238 3595 oriundus

660 3634 960 3701 Martial.
1007 3639 1067 3710 9,
1112 3639 1212 3711 58,
1259 3639 1391 3698 1-4
1436 3634 1519 3714 ef.
1569 3638 1625 3711 7,
1672 3638 1771 3709 97,
1820 3639 1858 3697 1
1910 3632 2237 3698 ‘Caesium
2296 3645 2639 3698 montanae
2681 3633 2882 3698 decus
2929 3633 3239 3698 Vmbriae

659 3737 1022 3803 Sabinum‘.
1091 3736 1362 3801 Amicus
1400 3734 1735 3819 Martialis,
1785 3738 1895 3821 qui
1944 3737 2205 3823 scripsit
2246 3737 2328 3801 ad
2374 3759 2518 3802 cum
2550 3739 2747 3820 epiqr.
2780 3742 2837 3813 7,
2871 3742 2957 3802 97
2964 3757 2985 3815 ;
3028 3742 3087 3813 9,
3120 3742 3237 3814 58;

661 3847 720 3918 9,
756 3846 870 3919 60,·
915 3845 1013 3917 11,
1062 3845 1122 3905 8.
1166 3844 1264 3904 17.
1310 3877 1396 3885 —
1442 3840 1545 3903 Ex
1588 3841 1862 3925 posteris
1909 3841 2050 3903 eius
2095 3839 2354 3904 videtur
2398 3840 2549 3907 Sex.
2595 3839 2849 3905 Tettius
2893 3840 3239 3904 Montanus

656 3943 926 4009 Caesius
972 3942 1255 4009 Sabinus
1303 3964 1466 4028 equo
1514 3940 1773 4028 publico
1821 3943 1887 4007 in
1932 3947 1976 4006 t.
2020 3942 2355 4009 Sassinate
2402 3942 2440 4007 l.
2489 3942 2528 4007 l.
2573 3964 2635 4008 n.
2685 3948 2782 4007 16.

552 4083 637 4093 -
702 4043 1009 4112 Cornelia
1052 4044 1303 4112 Caesia.

549 4186 637 4196 —
701 4147 974 4215 Suillius
1023 4147 1442 4214 Caesoninus,

534 4253 656 4318 160
699 4261 769 4317 L.
816 4259 1233 4315 CAESONIVS
1279 4260 1643 4315 LVCILLVS
1690 4259 1954 4313 MACER
2011 4259 2492 4315 RVFINIANVS.
2592 4249 2827 4314 Tituli:
2885 4251 2945 4314 ei
2989 4251 3243 4332 positus

659 4359 747 4419 est
804 4353 995 4419 XIV
1023 4358 1196 4419 3902
1237 4353 1326 4438 (1)
1386 4356 1427 4420 t.
1489 4354 1558 4417 in
1616 4374 1772 4435 ayro
1833 4352 2167 4417 Tiburtino
2224 4358 2544 4436 repertus,
2594 4354 2813 4435 posuit
2859 4353 3244 4435 parentibus

660 4457 788 4522 ibcl.
834 4456 1023 4522 XIV
1044 4461 1213 4521 3900
1257 4458 1374 4541 (2).
1417 4461 1579 4521 3901
1617 4455 1705 4540 (3)
1751 4461 1794 4520 t.
1840 4454 2237 4538 sepulcrales,
2286 4459 2670 4520 memoratur
2713 4457 2783 4519 in
2829 4456 2988 4520 actis
3029 4456 3240 4519 Arva-

659 4559 813 4624 lium
858 4558 960 4623 VI
990 4562 1179 4624 2086.
1225 4562 1395 4623 2104
1439 4560 1522 4642 (4.
1566 4561 1651 4642 5).

786 4658 993 4726 Plena
1048 4662 1308 4725 nomina
1365 4659 1610 4725 exhibet
1657 4665 1695 4724 t.
1744 4660 1801 4737 1,
1861 4660 1936 4724 L.
1985 4659 2341 4726 Caesonius
2404 4657 2693 4723 Lucillus
2755 4663 2797 4723 t.
2842 4665 2901 4723 4.
2945 4663 3019 4736 5,
3082 4658 3238 4725 Cae·

662 4766 883 4829 sonius
927 4762 1218 4828 Lucillus
1265 4769 1307 4828 t.
1353 4770 1418 4831 2.
1462 4768 1524 4828 3.
1599 4762 1672 4827 C.
1720 4761 1893 4827 filius
1940 4767 1983 4828 t.
2030 4767 2068 4826 1
2109 4762 2348 4828 seilicet
2393 4760 2562 4827 filius
2608 4762 2682 4829 C.
2727 4761 3025 4828 Caesonii
3072 4762 3148 4827 C.
3197 4761 3239 4830 f.

662 4866 867 4931 Macri
913 4866 1251 4931 Rufiniani·
1292 4877 1356 4930 ct
1394 4864 1702 4930 Maniliae
1748 4864 2042 4930 Lucillae
2087 4870 2129 4929 t.
2160 4871 2226 4931 2.
2257 4870 2333 4943 3,·
2377 4864 2550 4929 tribu
2591 4864 2871 4946 Quirina
2917 4870 2959 4933 t.
2991 4871 3048 4930 1.
3125 4866 3245 4931 Vir

661 4968 1052 5034 clarissimus
1100 4975 1140 5037 t.
1178 4976 1237 5046 3,
1284 4969 1521 5034 electus
1568 4970 1633 5032 in
1682 4966 1991 5033 familiam
2038 4969 2376 5054 patriciam
2422 4973 2462 5032 t.
2506 4975 2564 5033 1.

793 5071 961 5135 Xvir
989 5070 1271 5136 stlitibus
1303 5071 1682 5153 iudicandis,
1731 5081 2036 5156 quaestor
2067 5070 2483 5155 kandidatus,
2533 5080 2791 5158 praetor
2829 5070 3238 5153 kandidatuS,

665 5187 926 5242 curator
982 5181 1073 5242 rei
1136 5178 1438 5263 publicae
1495 5177 2016 5259 Puteolanorum,
2067 5179 2217 5243 item
2264 5180 2753 5261 Suessanorum,
2809 5175 3060 5261 legatus
3106 5197 3221 5262 pro
