3859 5992
551 561 943 617 CLVSINIVS
1847 555 1975 621 425
2942 565 3257 623 CLVVIVS

670 758 916 842 fugisse
946 759 1382 844 iactatumque
1413 759 1667 824 casibus
1696 762 1914 845 variis,
1962 771 2282 826 retentum
2326 761 2519 826 etiam
2565 783 2605 825 a
2649 781 2803 844 rege
2847 761 3077 845 (neseio
3109 763 3252 845 quo)

673 862 935 928 tandem
970 864 1036 927 in
1065 861 1322 927 Italiam
1357 872 1553 948 atque
1580 865 1858 948 patriam
1889 886 2072 929 suam
2100 864 2471 948 *Marginos
2498 864 2930 947 (Marrucinos
2952 865 3252 948 Bonnell)

668 967 926 1031 venisse
949 976 1142 1051 atque
1168 964 1256 1031 ibi
1281 967 1578 1049 agnoscit,
1604 987 1752 1031 cum
1777 988 2036 1031 causam
2064 968 2202 1031 eius
2219 966 2549 1031 Labienus
2573 965 2969 1047 defenderet,
2987 969 3253 1034 Asinius

671 1068 878 1134 Pollio
924 1079 1150 1133 contra
1186 1069 1356 1133 dixit
1398 1070 1675 1134 servisse
1722 1092 1867 1135 eum
1911 1071 2171 1134 nomine
2223 1069 2627 1155 Sosipatrum
2674 1071 2927 1135 Pisauri
2975 1070 3253 1137 dominis

669 1170 939 1254 duobus,
988 1171 1374 1236 medicinam
1421 1172 1767 1255 factitasse,
1799 1194 1999 1237 manu
2028 1174 2298 1237 missum
2337 1171 2587 1237 alienae
2616 1194 2684 1236 se
2720 1172 3003 1238 familiae
3034 1174 3249 1239 venali

669 1275 1124 1357 immiscuisse,
1178 1298 1218 1339 a
1262 1297 1332 1339 se
1376 1285 1745 1359 rogantem,
1807 1285 1882 1341 ut
1926 1277 1983 1340 ei
2034 1277 2337 1358 serviret,
2401 1285 2689 1361 emptum
2743 1277 3006 1357 Quintil.
3052 1279 3248 1343 instit.

669 1384 726 1456 7,
771 1382 837 1456 2,
884 1385 942 1444 4.
987 1382 1044 1443 5.
1092 1383 1200 1444 26.

536 1479 661 1544 949
707 1478 1041 1547 Clusinius
1087 1480 1334 1565 Gallus,
1386 1483 1630 1546 amicus
1678 1480 1891 1563 Plinii,
1940 1480 2024 1544 ad
2066 1503 2259 1566 quem
2304 1483 2564 1568 scripsit
2595 1484 2770 1564 epist.
2801 1486 2862 1558 4,
2893 1487 2993 1546 17.
3068 1482 3250 1548 ‘Clu-

660 1586 863 1649 sinius
924 1586 1039 1668 (an
1096 1583 1392 1648 dusinius
1406 1582 1492 1666 ‘?)’
1544 1583 1733 1649 codex
1790 1582 2396 1648 Asburnhamianus
2450 1585 2519 1648 in
2574 1582 2780 1648 indice
2844 1582 2997 1649 libri
3036 1586 3255 1668 quarti

665 1687 900 1772 Stanyl
929 1687 1306 1771 Philoloyus
1333 1687 1542 1753 XLV
1560 1688 1771 1771 (1886)
1792 1710 1863 1771 p.
1899 1691 2037 1764 655,
2086 1740 2102 1754 .
2127 1689 2289 1752 sinio
2334 1708 2420 1771 ga
2444 1737 2459 1753 .
2485 1736 2501 1752 .
2529 1740 2544 1754 .
2591 1709 2706 1752 suo
2754 1687 2944 1753 eodan
2972 1686 3249 1753 Floren-

663 1792 831 1856 tinus
873 1793 942 1857 in
985 1793 1274 1875 maryine
1319 1791 1408 1856 ad
1449 1793 1622 1873 epist.
1667 1796 1726 1867 4,
1772 1795 1872 1867 17,
1921 1796 2190 1855 ceterum
2235 1791 2517 1856 traditur
2545 1789 2770 1873 Gallo;
2814 1790 2997 1873 vulyo
3043 1790 3251 1856 editur

660 1892 888 1958 Asinio
922 1892 1132 1962 Gallo.
1208 1891 1367 1958 Cum
1409 1894 1478 1957 in
1520 1893 1843 1975 scriptura
1884 1891 2240 1957 minuscula
2281 1913 2444 1975 quae
2473 1892 2709 1957 dicitur
2752 1892 3003 1958 litterae
3032 1892 3092 1957 cl
3118 1897 3178 1957 et
3206 1891 3249 1957 d

660 2017 788 2061 non
828 1996 1016 2061 semel
1044 1998 1152 2061 vix
1181 1997 1635 2081 diqnoscantur
1667 2000 1728 2059 et
1771 2016 1813 2059 a
1857 1994 2148 2060 librariis
2178 2016 2488 2078 persaepe
2531 1997 2833 2078 confusae
2873 1997 3021 2073 sint,
3069 1995 3249 2060 lectio

661 2097 991 2164 Clusinius
1023 2099 1167 2164 inde
1196 2100 1629 2182 confirmatur,
1673 2097 1842 2181 quod
1868 2097 1940 2162 id
1967 2119 2206 2175 nomen,
2251 2097 2418 2181 quod
2459 2120 2502 2163 a
2547 2096 2767 2164 Clusio
2812 2098 3039 2181 oppido
3085 2098 3249 2162 deri-

658 2205 874 2265 vatum
913 2201 1177 2279 videtur,
1222 2202 1540 2267 invenitur
1577 2201 1957 2282 Quintilian.
2004 2202 2271 2268 institut.
2320 2207 2379 2280 7,
2410 2208 2475 2279 2,
2512 2207 2553 2268 5
2601 2200 2930 2267 Clusinius
2975 2200 3248 2285 Figulus

660 2305 768 2387 (cf.
814 2309 875 2369 et
922 2303 996 2369 C.
1045 2303 1307 2370 Cluseni
1354 2302 1530 2370 Galli
1574 2302 1698 2368 IX
1735 2308 1877 2381 967,
1939 2302 2014 2369 C.
2066 2303 2398 2369 Numisius
2459 2304 2769 2370 Clusinus
2813 2303 3003 2369 XIV
3033 2303 3240 2387 4031).

662 2405 906 2472 Contra
949 2407 1211 2472 Dusinii
1257 2407 1533 2471 nominis
1571 2426 1683 2471 nec
1724 2406 2055 2488 vestiyium
2096 2426 2210 2471 nec
2253 2408 2424 2472 ratio
2470 2412 2755 2491 apparet.

532 2508 660 2574 950
704 2508 1033 2575 Clutorius
1080 2510 1361 2575 Priscus.
1451 2509 1563 2576 Sic
1604 2514 1770 2574 recte
1821 2508 1968 2575 Tac.
2016 2530 2077 2572 a.
2120 2513 2179 2587 3,
2228 2514 2332 2587 49,
2396 2511 2569 2582 Γάιος
2610 2511 2944 2596 Λουτώριος
2987 2509 3242 2597 Πρίσκος

659 2610 810 2690 Dio,
857 2613 969 2695 qui
1011 2611 1185 2695 apud
1223 2613 1595 2694 scriptorem
1640 2611 1909 2675 latinum
1953 2610 2264 2692 quendam
2309 2611 2547 2695 leyerat
2588 2611 2662 2678 C.
2707 2612 3041 2678 Lutorius.

785 2715 1004 2801 Eques
1062 2716 1392 2780 Romanus
1452 2723 1597 2800 post
1659 2712 1912 2777 celebre
1971 2735 2263 2797 carmen,
2328 2735 2456 2799 quo
2502 2716 2874 2783 Germanici
2936 2737 3244 2801 suprema

589 2830 596 2837 “
660 2815 1035 2900 defleverat,
1095 2840 1135 2881 a
1177 2816 1439 2881 Tiberio
1501 2819 1776 2903 pecunia
1831 2816 2107 2881 donatus
2166 2839 2331 2881 anno
2381 2820 2480 2901 21,
2545 2839 2693 2883 cum
2739 2818 3000 2882 Drusus
3050 2839 3246 2900 aeger

661 2929 845 3003 esset,
885 2941 1002 3007 per
1045 2918 1598 3005 vaniloquentiam
1645 2920 1884 2983 iecerat
1926 2940 1996 2981 se
2042 2920 2499 3005 composuisse,
2533 2919 2726 3005 quod,
2759 2921 2813 2983 si
2844 2920 3102 2985 Drusus
3133 2943 3242 2984 ex-

659 3023 896 3088 tinctus
953 3032 1152 3104 esset,
1214 3023 1460 3086 maiore
1518 3023 1803 3108 praemio
1863 3020 2275 3104 vulgaretur3
2344 3021 2426 3086 ob
2497 3021 2564 3086 id
2617 3045 2658 3086 a
2716 3021 3001 3087 delatore
3066 3022 3242 3109 apud

660 3136 951 3191 senatum
996 3135 1338 3190 accusatus
1385 3125 1614 3211 capitis
1660 3123 2003 3189 damnatus
2049 3146 2125 3188 ac
2169 3125 2386 3189 statim
2432 3125 2808 3190 interfectus
2854 3136 2953 3191 est
2990 3127 3137 3192 Tac.
3179 3149 3239 3194 a.

656 3233 715 3306 3,
746 3232 973 3306 49-51,
1019 3228 1153 3294 Dio
1186 3233 1287 3306 57,
1323 3233 1432 3294 20.

529 3332 648 3397 951
700 3329 1032 3397 Clutorius
1065 3332 1328 3396 Priscus
1359 3330 1669 3415 (traditur
1705 3340 1911 3395 sutor·
1956 3330 2052 3394 vel
2095 3340 2289 3413 utor-,
2336 3330 2521 3414 vulyo
2553 3330 2760 3395 editur
2788 3331 3037 3412 Lutor-,
3085 3333 3242 3396 scri-

658 3434 923 3500 bendum
984 3439 1073 3499 est
1136 3432 1417 3516 Clutor·)
1477 3435 1865 3498 Paezontem
1920 3455 1956 3496 e
2006 3431 2401 3517 spadonibus
2455 3431 2673 3497 Seiani
2727 3434 2972 3497 enormi
3035 3435 3240 3520 pretio

658 3547 978 3602 mercatus
1034 3545 1165 3619 est3
1223 3546 1442 3623 ‘quam
1502 3534 1767 3622 quidem
1827 3535 2135 3600 iniuriam
2197 3533 2358 3599 lucri
2418 3534 2574 3599 fecit
2630 3533 2738 3598 ille
2802 3544 3123 3600 mercatus
3174 3537 3241 3599 in

657 3638 837 3705 luctu
895 3641 1208 3725 civitatiS,
1270 3640 1576 3726 quoniam
1637 3658 1912 3722 arguere
1971 3637 2133 3703 nulli
2192 3637 2490 3703 vacabat‘
2539 3635 2722 3702 Plin.
2772 3659 2835 3702 n.
2879 3637 2940 3704 Ῐι.
2989 3643 3046 3716 7,
3091 3644 3238 3717 129,

654 3743 892 3809 scilicet
917 3743 1185 3809 Priscus
1228 3744 1341 3826 (=
1369 3741 1505 3825 ille)
1551 3763 1690 3807 eam
1735 3744 2064 3820 iniuriam,
2111 3763 2301 3825 quam
2346 3742 2653 3807 commisit
2691 3762 2760 3806 eo
2795 3740 2963 3824 quod
3004 3742 3245 3806 enormi

657 3950 812 4031 feeit
870 3950 941 4013 in
1000 3951 1171 4013 tristi
1225 3970 1440 4013 rerum
1486 3947 1901 4032 publicarum
1958 3952 2131 4012 statu
2172 3952 2325 4030 post
2366 3947 2692 4011 interitum
2736 3946 2981 4012 Seiani.
3072 3944 3242 4010 Vnde

660 4057 930 4135 apparet
971 4051 1136 4116 hunc
1180 4071 1308 4117 esse
1352 4051 1664 4116 diversum
1710 4052 1790 4115 ab
1838 4072 1907 4115 eo
1952 4051 2061 4133 qui
2088 4049 2439 4133 praecedit.

528 4153 655 4217 952
699 4151 1125 4219 Cluvidienus
1172 4154 1447 4235 Quietus
1490 4154 1955 4218 coniurationis
2003 4155 2272 4217 crimine
2317 4154 2383 4216 in
2429 4150 2704 4216 insulam
2749 4151 2995 4235 Aegaei
3041 4150 3239 4214 maris

657 4265 910 4321 amotus
955 4279 1123 4322 anno
1167 4259 1249 4322 65
1303 4257 1450 4323 Tac.
1484 4278 1543 4324 a.
1575 4260 1673 4334 15,
1703 4262 1799 4322 71.

530 4359 656 4424 953
702 4358 1077 4443 CluvienuS,
1132 4368 1325 4446 poeta
1367 4368 1579 4425 aetate
1622 4357 1955 4424 Iuvenalis
2000 4358 2287 4424 Juvenal.
2326 4364 2382 4441 1,
2420 4362 2524 4422 80.

529 4462 657 4527 954
702 4470 763 4526 C.
798 4471 1112 4526 CLVVIVS
1144 4483 1428 4527 nummos
1460 4482 1674 4527 aereos
1704 4463 1812 4545 (cf.
1840 4462 2216 4538 Mommsen,
2252 4460 2656 4525 Munzu'esen
2672 4481 2744 4543 p.
2771 4463 2890 4524 654
2920 4459 3070 4525 adn.
3091 4457 3242 4535 552)

658 4565 727 4629 in
772 4564 1098 4648 Hispania
1144 4587 1204 4631 a.
1252 4564 1440 4631 708s9
1485 4594 1568 4618 =
1609 4566 1796 4630 46l45
1845 4587 1902 4629 a.
1953 4563 2019 4629 0.
2067 4564 2270 4640 cudit,
2331 4566 2443 4646 qui
2495 4565 2565 4628 in
2627 4562 2896 4626 adversa
2956 4562 3249 4645 inscripti

659 4672 806 4731 sunt
849 4666 1091 4733 Caesar
1135 4667 1466 4751 dic(tator)
1513 4667 1851 4749 ter(tium),
1913 4667 1984 4731 in
2043 4686 2267 4731 aversa
2325 4664 2399 4731 C.
2446 4663 2771 4748 Clovi(us)
2817 4663 3241 4750 praef(ectus)

657 4769 978 4848 Babelon,
1043 4770 1386 4835 Monnaies
1432 4770 1507 4834 de
1552 4769 1619 4834 la
1661 4769 2057 4852 Re'publique
2100 4769 2416 4834 Romaine
2460 4769 2511 4833 I
2539 4789 2612 4851 p.
2641 4773 2783 4833 366.
2869 4766 3246 4849 Praefectus

657 4874 855 4955 iyitur
914 4871 1212 4938 Caesaris
1274 4872 1434 4937 bello
1493 4871 1929 4954 Hispaniensi.
2020 4871 2100 4936 A.
2149 4872 2273 4936 709
2321 4900 2403 4925 =
2447 4872 2528 4936 45
2574 4872 2780 4935 Roma
2837 4871 2903 4934 in
2962 4867 3244 4936 Galliam

660 4974 1105 5060 (Cisalpinam)
1165 4976 1494 5062 profectus
1556 4984 1678 5057 est,
1740 4995 1888 5038 cum
1954 4976 2036 5038 ‘ei
2094 4976 2426 5057 negotium
2484 4973 2715 5057 (nescio
2770 4971 2959 5055 quod)
3022 4971 3243 5036 datum

660 5089 831 5143 esset
874 5102 931 5144 a.
975 5079 1049 5145 C.
1081 5079 1379 5160 Caesare,
1427 5101 1560 5143 non
1597 5076 1958 5160 iudicium’3
2005 5100 2135 5163 quo
2181 5087 2468 5163 tempore
2513 5076 2745 5143 Cicero
2790 5076 2847 5139 ei
2891 5096 2995 5139 res
3039 5076 3244 5138 muni-

661 5183 812 5267 cipii
843 5181 1130 5247 Atellani
1159 5180 1642 5248 commendavit
1666 5180 1796 5245 Cio.
1831 5180 1919 5243 ad
1942 5178 2136 5244 Fam.
2159 5185 2257 5256 13,
2285 5185 2342 5244 7.
2388 5179 2567 5245 Idem
2594 5179 2842 5243 videtur
2872 5176 2945 5243 C.
2973 5175 3245 5242 Cluvius
