3859 5992
590 555 1069 611 ALEXANDER
1909 546 1991 613 47
2829 551 3311 610 ALEXANDER

588 754 716 819 361
765 750 1177 834 Alexander,
1236 751 1519 816 Herodis
1579 762 1644 815 et
1702 750 2117 815 Mariammes
2172 752 2405 837 prioris
2463 751 2636 816 filius
2699 749 3055 817 Aristobuli
3085 751 3310 816 'frater

726 856 807 937 cf.
855 854 1135 920 Schfirer
1173 854 1395 919 Geso-h,
1443 853 1501 921 d.
1537 852 1874 937 jadisehen
1919 852 2144 918 Volkes
2185 855 2236 918 I
2266 859 2395 919 337
2416 875 2545 936 sqq.
2617 853 2812 919 Circa
2855 877 2916 919 α.
2945 859 3063 919 731
3100 885 3185 908 =
3221 860 3312 921 23

725 957 1018 1024 Herodes
1049 957 1283 1022 fratres
1310 958 1581 1022 Romam
1612 957 1788 1021 misit
1814 957 2062 1039 Ioseph.
2089 961 2218 1021 ant.
2244 961 2342 1034 15,
2376 962 2474 1033 10,
2508 963 2583 1036 1,·
2619 967 2767 1043 post
2794 957 3309 1044 quinquennium

726 1062 859 1126 fere
902 1064 971 1126 in
1017 1062 1293 1146 patriam
1338 1059 1603 1124 reduxit
1633 1069 1699 1124 et
1724 1058 2102 1124 Alexandro
2135 1058 2540 1146 Glaphyram
2571 1059 2766 1125 filiam
2798 1059 3104 1125 Archelai
3135 1059 3309 1142 regis

727 1162 1185 1250 Cappadocum
1245 1164 1312 1226 in
1370 1161 1851 1226 matrimonium
1909 1160 2091 1226 dedit
2146 1162 2233 1226 id.
2281 1168 2379 1240 16,
2425 1168 2483 1241 1,
2531 1167 2595 1228 2.
2694 1163 3082 1245 Calumniis,
3146 1184 3309 1247 quas

728 1265 983 1333 Salome
1028 1274 1253 1329 contra
1296 1264 1460 1329 filios
1502 1264 1917 1329 Mariammes
1961 1263 2340 1350 spargebat,
2403 1264 2735 1331 lacessitus
2778 1265 3077 1331 Herodes
3122 1266 3307 1332 Anti-

725 1379 981 1455 patrum
1024 1368 1232 1432 filium
1278 1367 1631 1450 relegatum
1678 1366 1762 1432 ad
1807 1365 2026 1432 aulam
2070 1367 2403 1432 revocavit
2458 1377 2524 1433 et
2582 1367 2940 1433 honoribus
2985 1369 3303 1454 provexit,

722 1470 896 1536 unde
925 1469 1288 1535 discordiae
1319 1472 1490 1536 inter
1522 1479 1772 1556 patrem
1813 1479 1879 1534 et
1920 1468 2089 1533 filios
2119 1468 2535 1535 Mariammes
2581 1481 2760 1536 ortae
2805 1480 2957 1535 sunt
2997 1470 3086 1536 id.
3121 1476 3219 1548 16,
3244 1477 3305 1548 3,

725 1572 863 1641 bell.
911 1577 971 1650 1,
1014 1576 1119 1650 23,
1164 1578 1320 1639 1-2.
1411 1572 1597 1653 Quae
1658 1594 1804 1637 cum
1863 1570 2210 1658 Antipatro
2270 1583 2538 1638 auctore
2597 1582 2964 1638 crescerent
3021 1574 3089 1637 in
3149 1572 3305 1655 dica,

720 1675 1012 1740 Herodes
1071 1677 1139 1740 in
1196 1673 1453 1741 Italiam
1513 1674 1839 1762 profectus
1902 1673 1992 1753 (a.
2052 1675 2188 1757 fere
2233 1679 2359 1742 742
2395 1706 2480 1728 =
2521 1680 2633 1763 12)
2690 1676 2855 1741 filios
2915 1697 3137 1740 secum
3198 1675 3308 1741 ad·

723 1777 953 1844 ductos
997 1778 1341 1865 Aquileiae
1399 1777 1573 1864 apud
1623 1778 1993 1861 Augustum
2053 1778 2417 1857 accusavit,
2483 1778 2597 1843 secl
2658 1779 2742 1844 ab
2801 1780 3186 1864 imperatore
3240 1779 3307 1843 in

722 1883 995 1965 gratiam
1043 1881 1290 1946 reducti
1338 1891 1489 1946 sunt
1530 1881 1617 1948 id.
1662 1886 1764 1958 16,
1807 1886 1868 1959 4,
1914 1885 2066 1958 1-4,
2130 1880 2270 1947 bell.
2313 1886 2371 1957 1,
2419 1885 2525 1959 23,
2576 1886 2637 1946 3.
2726 1881 3009 1947 Domum
3062 1883 3305 1946 reversi

719 1983 932 2049 denuo
992 1985 1361 2049 inimicitias
1414 1982 1844 2067 exercebant,
1906 2006 2069 2071 quas
2133 1985 2200 2048 in
2245 1994 2502 2070 tempus
2547 1983 2907 2050 Archelaus
2948 1986 3311 2071 composuit

720 2086 806 2152 id.
855 2092 984 2154 ant.
1018 2092 1118 2164 16,
1149 2091 1211 2164 8,
1244 2092 1302 2165 6,
1352 2086 1493 2155 bell.
1524 2092 1583 2164 1,
1614 2090 1721 2165 25,
1760 2086 1915 2152 dum
1944 2086 2243 2152 Herodes
2274 2086 2727 2153 Alexandrum
2766 2098 2829 2152 et
2857 2087 3307 2153 Aristobulum

722 2190 992 2256 crimine
1048 2187 1381 2275 parricidii
1441 2190 1510 2253 in
1562 2188 1824 2254 vincula
1878 2190 2155 2255 coniecit
2198 2189 2286 2254 id.
2334 2194 2465 2255 ant.
2522 2194 2611 2267 16,
2657 2195 2758 2268 10,
2804 2189 2943 2258 bell.
2988 2196 3046 2268 1,
3092 2193 3199 2267 27,
3245 2195 3305 2258 1.

721 2292 826 2357 De
884 2291 1136 2356 consilii
1195 2292 1547 2376 sententia,
1610 2291 1787 2378 quod
1830 2292 2148 2378 Berytum
2199 2303 2621 2375 convocarat,
2678 2292 2964 2358 damnati
3024 2302 3090 2358 et
3130 2292 3307 2379 apud

725 2394 1039 2462 Sebasten
1084 2396 1280 2459 occisi
1322 2403 1476 2460 sunt
1520 2415 1582 2459 α.
1627 2395 1762 2477 fere
1804 2399 1928 2460 747
1955 2424 2038 2449 =
2071 2399 2114 2459 7
2152 2394 2240 2459 id.
2273 2400 2375 2473 16,
2407 2401 2507 2473 11,
2541 2400 2693 2473 1-7‚
2742 2395 2882 2461 belz.
2917 2401 2974 2473 1,
3006 2400 3116 2473 27,
3145 2401 3302 2479 2-6,

723 2496 1064 2581 (Mcolaus
1107 2495 1489 2565 Damascen.
1538 2497 1613 2562 de
1654 2498 1789 2563 vita
1830 2518 1952 2562 sua
1990 2499 2076 2581 fr.
2121 2502 2162 2563 5
2204 2498 2339 2563 III
2360 2498 2481 2577 M„
2532 2497 2770 2564 Strabo
2808 2502 2906 2575 16,
2941 2497 3105 2579 765).

589 2601 720 2665 362
763 2598 1170 2682 Alexander,
1233 2600 1538 2684 Tigranis
1597 2601 1769 2684 regis
1815 2600 2165 2666 Armeniae
2222 2599 2424 2685 filius,
2486 2603 2759 2666 maritus
2817 2601 3072 2687 Iotapes
3133 2599 3306 2665 filiae

720 2702 1025 2769 Antiochi
1069 2704 1242 2787 regis
1276 2702 1877 2787 Commagenorum,
1926 2727 1968 2768 a
1996 2704 2398 2789 Vespasiano
2445 2703 2707 2787 regulus
2749 2703 2998 2768 insulae
3043 2702 3306 2770 Ciliciae

720 2806 1105 2871 constitutus
1149 2805 1454 2888 Iosephus
1500 2810 1629 2873 ant.
1675 2809 1777 2883 18,
1821 2809 1882 2884 5,
1925 2812 1985 2874 4.
2092 2806 2453 2872 Memora&
2505 2806 2753 2871 videtur
2804 2808 2876 2871 in
2934 2811 2977 2875 t.
3026 2806 3098 2873 0.
3144 2805 3309 2872 Iulii

719 2907 1053 2991 Ayrippae
1117 2908 1247 2992 filii
1306 2907 1515 2974 Greek
1572 2909 1859 2991 inscript.
1928 2909 2000 2973 in
2065 2909 2164 2975 the
2228 2907 2483 2973 British
2543 2909 2842 2974 Museum
2897 2910 3030 2975 III
3061 2931 3136 2993 Ρ.
3181 2913 3309 2975 187

717 3030 782 3075 n.
822 3015 965 3079 537.

584 3114 717 3177 363
760 3111 1169 3193 Alexander,
1231 3112 1635 3198 Asclepiadis
1701 3113 1907 3196 filius,
1972 3113 2403 3197 Cotiaeensis,
2473 3117 2935 3199 grammaticus
2991 3114 3302 3197 Graecus,

719 3216 1026 3298 magister
1070 3216 1275 3280 Marci
1325 3217 1730 3300 imperatoris
1778 3215 2051 3280 Marcus
2096 3219 2179 3288 εἰς
2222 3217 2431 3282 ἑαυτόν
2476 3222 2535 3294 1,
2578 3222 2677 3293 10,
2722 3218 2832 3283 vit.
2881 3218 3108 3283 Marci
3144 3223 3210 3296 2,
3239 3224 3300 3297 3,

721 3318 1024 3401 Stephan.
1047 3317 1406 3401 Byzantius·
1434 3338 1486 3383 s.
1516 3339 1572 3386 υ.
1605 3317 1935 3399 Κοτιάειον,
1965 3318 2285 3384 Aristides
2316 3324 2477 3385 orat.
2515 3320 2677 3385 XII
2697 3322 2966 3403 passim.
3028 3321 3306 3408 Scripsit

722 3418 1046 3508 Ὁμηρικὴν
1091 3425 1458 3509 συγγραφήν,
1504 3421 1683 3486 cuius
1734 3421 2039 3504 reliquias
2094 3421 2342 3504 colleyit
2381 3422 2585 3487 Lehrs
2642 3424 3034 3505 quaestiones
3091 3425 3303 3507 opicae

721 3545 794 3606 Ρ.
824 3528 1093 3589 11-16.
1160 3523 1633 3589 Laudationem
1680 3523 2020 3589 funebrem
2057 3525 2195 3588 eius
2226 3524 2308 3588 ad
2341 3522 2757 3590 Cotiaeenses
2787 3527 3045 3611 scripsit
3074 3525 3301 3590 Aelius

718 3625 1040 3691 Aristides
1082 3627 1360 3692 Aris-tid.
1407 3632 1568 3694 orat.
1612 3626 1781 3691 XII.

582 3730 718 3794 364
756 3728 1152 3812 Alexander,
1200 3729 1597 3812 Platonicus,
1645 3751 1838 3815 quem
1881 3730 2233 3815 imperator
2275 3728 2542 3795 Marcus
2590 3739 2872 3795 sectatur
2903 3730 3175 3796 Marcus
3221 3734 3304 3803 εἰς

719 3833 928 3898 ἑαυτόν
973 3837 1032 3909 1,
1079 3837 1185 3898 12.

582 3936 713 4000 365
754 3933 1164 4017 Alexander,
1226 3935 1590 4000 Alexandri
1659 3934 1736 4016 f.,
1806 3933 1999 4018 volgo
2071 3933 2479 4022 Πηλοπλάτων
2546 3935 2944 4017 nominatus,
3015 3934 3303 4021 sophista

721 4036 1166 4121 Seleuciensis,
1214 4037 1297 4102 ab
1343 4039 1729 4124 imperatore
1760 4036 1983 4101 Marco
2030 4038 2093 4100 in
2127 4037 2530 4102 Pannoniam
2562 4047 2844 4120 vocatuS,
2892 4036 2976 4102 ab
3010 4036 3300 4122 epistulis

717 4138 986 4204 Graecis
1031 4141 1171 4204 eius
1216 4139 1529 4205 Phnostr.
1573 4141 1682 4204 vit.
1728 4139 1901 4223 soph.
1949 4140 2041 4205 II
2061 4160 2134 4223 Ρ.
2165 4144 2286 4205 571
2303 4161 2322 4217 ,·
2380 4146 2728 4227 τελευτῆσαι
2770 4143 2869 4206 τὸν
2912 4138 3300 4228 Ἀλέξανδρον

716 4245 769 4307 οἱ
812 4245 919 4329 μὲν
964 4244 1028 4308 ἐν
1072 4241 1321 4315 Κελτοῖς
1366 4264 1541 4331 φασιν
1587 4242 1671 4309 ἔτι
1716 4243 2163 4320 ἐπιστέλλοντα,
2226 4247 2280 4308 οἱ
2340 4242 2460 4308 δ’ἐν
2508 4242 2725 4329 Ἰταλίᾳ
2776 4244 3153 4330 πεπαυμένον
3197 4250 3301 4310 τοῦ

716 4346 1094 4424 ἐπιστέλλειν,
1147 4348 1245 4411 καὶ
1304 4349 1358 4411 οἱ
1417 4348 1524 4432 μὲν
1569 4347 1986 4433 ἑξηκοντοῦτην
2032 4349 2087 4411 οἱ
2132 4348 2198 4411 δὲ
2251 4348 2349 4412 καὶ
2393 4346 2595 4425 οὔπω,
2656 4349 2754 4412 καὶ
2797 4349 2851 4412 οἱ
2896 4350 3003 4432 μὲν
3050 4349 3145 4413 ἐπὶ
3190 4350 3303 4433 υἱῷ

715 4450 770 4512 οἱ
814 4445 981 4513 δ’ἐπὶ
1023 4450 1275 4535 θυγατρί
1313 4447 1442 4516 ibd.
1478 4452 1619 4516 575.

583 4551 714 4616 366
757 4549 1153 4633 Alexander,
1200 4552 1680 4634 Damascenus,
1728 4550 2150 4637 philosophus
2194 4552 2684 4637 peripateticus,
2731 4552 3041 4635 magister
3083 4552 3296 4617 Flavii

714 4651 946 4717 Boethi
987 4652 1215 4718 Galen.
1247 4654 1340 4719 II
1357 4676 1432 4737 Ρ.
1463 4659 1609 4731 218,
1656 4653 1844 4719 XIV
1861 4677 1936 4738 Ρ.
1968 4659 2114 4722 612.
2155 4659 2286 4721 627
2314 4655 2403 4719 K.

581 4755 710 4820 367
755 4754 1148 4839 Alexander,
1196 4755 1696 4821 Abonoteichita
1737 4777 1985 4840 magne,
2028 4757 2314 4842 aequalis
2345 4757 2640 4837 Luciam,
2677 4759 2789 4840 qui
2832 4758 2906 4824 de
2951 4779 3019 4823 eo
3065 4759 3299 4824 librum

717 4856 1104 4945 Ἀλέξανδρος
1134 4860 1172 4946 ἢ
1204 4859 1593 4946 ψευδόμαντις
1638 4861 2001 4942 composuit.
2076 4859 2274 4925 Socer
2314 4859 2627 4926 Rutiliani
2673 4862 2948 4926 Romani
2992 4861 3078 4926 ib.
3108 4867 3166 4928 4.
3197 4866 3297 4927 35.

580 4960 713 5025 368
755 4959 1130 5025 Alexander
1174 4960 1438 5047 quidam
1483 4961 1658 5047 apud
1703 4960 2108 5027 Caracallam
2157 4985 2305 5027 reus
2348 4963 2557 5029 factus
2600 4963 2733 5029 Dio
2781 4969 2877 5041 77,
2917 4968 2980 5029 8.

584 5062 715 5128 369
757 5062 1163 5146 Alexander,
1225 5086 1387 5150 puer
1429 5065 1640 5131 Asinii
1687 5064 2031 5148 Pollionis,
2079 5065 2348 5130 deliciae
2394 5066 2701 5151 Vergilii,
2765 5088 2958 5152 quem
3014 5066 3300 5131 secunda

718 5163 936 5249 ecloge
976 5164 1239 5232 Alexim
1284 5165 1571 5253 appellat
1610 5169 1716 5236 vit.
1765 5167 1944 5251 Very.
1990 5167 2231 5234 Donat.
2265 5191 2340 5252 Ρ.
2370 5173 2458 5234 57
2481 5169 2589 5247 R„
2638 5169 2897 5234 Serm'us
2940 5168 3051 5232 ecl.
3081 5173 3148 5246 2,
3179 5172 3238 5235 1.
