3859 5992
474 562 1050 618 AVRVNCVLEIVS
1768 553 1896 618 220
2717 561 3188 617 AVSTVRNIVS

598 779 912 843 reynasse,
969 758 1335 824 Gallienum
1379 765 1589 824 autem
1624 759 2047 842 'ommynancli
2089 760 2381 825 Postumi
2420 759 2631 824 studio
2661 781 2892 843 pacem
2937 781 3076 824 cum
3121 782 3190 825 eo

603 862 1019 944 composuisse
1085 864 1337 927 omnino
1389 862 1731 946 perperam
1800 869 2069 928 enarrat
2135 868 2359 928 auctor
2420 864 2591 928 vitae
2648 861 2937 928 Gallieni
2986 867 3056 939 2,
3114 867 3155 927 6
3168 884 3189 940 ;

598 971 658 1043 3,
690 972 747 1030 1.
778 970 855 1043 4,·
897 971 956 1043 4,
989 971 1029 1031 6
1072 966 1154 1048 cf.
1185 967 1294 1030 vit.
1331 967 1476 1049 triy.
1510 970 1632 1049 tyr.
1662 971 1763 1043 11,
1794 970 1855 1030 3.
1922 964 2107 1031 Bello
2137 989 2178 1031 a
2208 964 2506 1031 Gallieno
2552 976 2779 1031 contra
2809 966 3187 1031 Postumum

599 1079 780 1154 gesto
826 1068 1150 1151 interfuit,
1213 1067 1328 1133 sed
1383 1071 1467 1134 ab
1513 1070 1901 1155 imperatore
1946 1069 2334 1135 Postumum
2377 1070 2680 1155 persequi
2726 1069 2940 1134 iussus
2984 1067 3191 1133 noluit

601 1172 899 1237 Zonaras
945 1193 1017 1254 p.
1063 1175 1183 1236 144
1248 1171 1331 1252 cf.
1389 1172 1497 1235 vit.
1555 1170 1835 1237 Gallien.
1901 1176 1957 1247 7,
2019 1177 2091 1235 1:
2155 1171 2484 1237 Aureolus
2545 1192 2694 1236 cum
2751 1193 2869 1257 per
2926 1171 3189 1236 Raetias

598 1272 965 1358 legionibus
1005 1282 1345 1360 praeesset,
1393 1284 1648 1360 sumpto
1681 1275 1953 1359 imperio
1984 1275 2252 1339 Romam
2285 1271 2718 1338 contendebat
2754 1272 2966 1339 Victor
3006 1272 3185 1339 Caes.

597 1382 698 1455 33,
729 1381 816 1442 17
823 1397 843 1454 ;
871 1376 1104 1440 rectius
1130 1381 1204 1439 ut
1228 1375 1477 1440 videtur
1505 1377 1801 1442 Zosimus
1828 1381 1886 1453 1,
1917 1381 1999 1441 40
2034 1375 2138 1455 (ecc
2165 1376 2375 1442 eodem
2405 1378 2579 1458 fonte
2616 1377 2862 1441 brevius
2892 1376 3188 1441 Zonaras

601 1484 706 1556 12,
750 1482 836 1546 25
879 1479 1047 1560 init.)
1093 1479 1446 1564 ἀγγέλλεται
1496 1480 1813 1567 Γαλλιηνιβ
1852 1490 1942 1568 τῷ
1986 1481 2133 1565 πρὸς
2177 1479 2413 1552 Σκύθας
2454 1481 2898 1566 ἐγκαρτεροῦντα
2941 1480 3188 1565 πολέμῳ

599 1584 698 1648 τὸν
756 1588 862 1665 τῆς
914 1583 1095 1646 ἵππου
1154 1585 1349 1668 πάσης
1391 1582 1722 1668 ἠγοὸμενον
1769 1580 2059 1668 Αὐρίολον
2105 1584 2168 1647 ἐν
2215 1581 2574 1670 Μεδιολάνῳ
2618 1593 2691 1668 τῇ
2737 1582 2906 1649 πόλει
2947 1585 3053 1668 τὴν
3093 1583 3190 1647 ἐπὶ

599 1688 705 1771 τὴν
754 1683 1005 1750 Ἰταλίαν
1053 1685 1310 1771 πάροδον
1357 1684 1704 1770 Ποστοῦμου
1749 1685 2102 1771 τεταγμένον
2156 1689 2629 1772 παραφυλάττειν
2673 1689 2756 1757 εἰς
2811 1688 2879 1751 τὸ
2927 1687 3190 1771 νεωτερί-

605 1794 723 1861 ζειν
769 1789 1103 1872 τετράφθαι
1143 1792 1269 1853 κτλ.
1334 1785 1672 1852 Gallienus
1717 1787 1942 1852 audita
1987 1787 2338 1853 rebellione
2388 1812 2466 1853 ex
2512 1787 2775 1874 Illyrico
2821 1790 2886 1852 in
2935 1787 3186 1853 Italiam

603 1890 933 1976 profectus
964 1888 1324 1954 Aureolum
1359 1889 1532 1976 apud
1568 1900 1848 1976 pontem,
1895 1892 2000 1954 cui
2048 1912 2130 1955 ex
2177 1913 2251 1955 eo
2296 1913 2532 1956 nomen
2574 1890 2840 1956 Aureoli
2889 1902 3002 1974 est,
3050 1892 3188 1955 acie

601 1995 778 2075 vicit,
821 1994 1071 2057 victum
1114 1990 1555 2057 Mediolanum
1602 1996 1816 2076 coegit
1860 1994 2241 2079 obseditque
2289 1992 2501 2059 Victor
2540 1994 2719 2063 Caes.
2747 1999 2848 2070 33,
2881 1999 2979 2071 18,
3027 1995 3187 2078 Epi-

602 2101 762 2161 tomc
803 2100 902 2173 33,
947 2101 990 2160 3
1049 2096 1132 2178 cf.
1178 2095 1503 2162 Zosimum
1562 2100 1621 2159 et
1674 2097 2004 2161 Zonaram
2050 2096 2089 2161 l.
2140 2096 2178 2161 l.
2239 2093 2434 2177 (falso
2492 2100 2566 2160 ut
2613 2096 2771 2162 solet
2814 2102 3037 2162 auctor
3077 2099 3186 2164 vit.

602 2200 744 2281 triy.
792 2204 911 2283 tyr.
957 2204 1056 2276 11,
1099 2204 1142 2264 4
1199 2220 1339 2263 eam
1385 2219 1675 2282 puynam
1727 2197 2008 2263 Claudio
2068 2200 2337 2284 tribuit).
2442 2198 2780 2265 Fabellam
2844 2199 3188 2265 absurdam

601 2301 676 2366 de
719 2307 1061 2367 commento
1103 2300 1391 2379 Aureoli,
1436 2322 1558 2383 quo
1599 2300 1936 2366 Gallienus
1966 2302 2230 2384 periret,
2273 2301 2520 2366 rettulit
2564 2302 2780 2366 Victor
2801 2307 2902 2379 33,
2933 2308 3058 2379 20;
3102 2301 3190 2366 ad

602 2404 861 2469 eandem
920 2404 1139 2469 allusit
1195 2405 1493 2488 Epitome
1534 2409 1633 2481 33,
1678 2409 1738 2469 3.
1829 2405 2181 2490 Postquam
2242 2403 2539 2472 Gallieno
2600 2406 2810 2470 occiso
2871 2404 3186 2470 Claudius

604 2509 955 2592 imperator
998 2517 1410 2594 nuncupatus
1456 2517 1585 2585 est,
1630 2506 1955 2573 Aureolus
2003 2505 2278 2573 Claudio
2325 2528 2394 2571 se
2432 2507 2713 2591 dedidit,
2775 2507 2888 2572 sed
2934 2510 3187 2572 occisus

603 2620 700 2674 est
746 2619 831 2694 (a.
869 2610 1022 2693 268)
1068 2611 1363 2693 Epitome
1404 2615 1502 2687 34,
1549 2617 1615 2687 2,
1662 2611 1957 2676 Zosimus
1999 2616 2055 2687 1,
2101 2614 2201 2687 41,
2249 2610 2547 2676 Zonaras
2587 2615 2693 2688 12,
2738 2615 2828 2677 26
2871 2612 3032 2689 init„
3076 2613 3186 2677 vit.

609 2713 880 2779 Claudii
914 2718 973 2782 5.
1078 2714 1399 2778 Diversae
1453 2713 1855 2779 diversorum
1920 2715 2325 2778 narrationes
2384 2714 2467 2778 de
2526 2712 2794 2779 Aureoli
2863 2736 3019 2779 nece
3075 2716 3183 2779 vit.

601 2814 949 2880 Aureliani
987 2820 1086 2892 16,
1133 2821 1281 2883 1-3,
1342 2851 1422 2863 -
1487 2815 1807 2882 Aureolus
1859 2840 1897 2879 a
1943 2816 2132 2881 Gallo
2193 2816 2538 2902 Antipatro
2598 2839 2817 2882 rerum
2875 2818 3186 2904 scriptore

600 2918 903 2984 laudatus
934 2920 1043 2984 vit.
1087 2919 1357 2985 Claudii
1379 2925 1437 2997 5,
1467 2925 1527 2985 4.
1564 2956 1639 2967 —·
1669 2919 2075 2985 Memor-atur
2103 2922 2210 2984 vit.
2253 2919 2544 2986 Gallieni
2568 2923 2626 2997 5,
2658 2924 2698 2984 6
2714 2939 2734 2997 ,·
2778 2924 2837 2997 9,
2869 2924 2946 2998 1,·
2988 2926 3092 2997 21,
3121 2924 3181 2997 5,

601 3023 746 3105 tri9.
780 3027 899 3105 tyr.
929 3027 1036 3099 12,
1066 3027 1150 3100 2;
1180 3027 1279 3099 14,
1312 3028 1385 3101 1;
1426 3027 1525 3099 18,
1558 3027 1615 3086 1.
1646 3027 1723 3101 3,·
1767 3028 1870 3099 30,
1902 3027 2009 3097 23,
2056 3021 2323 3087 Claudii
2350 3028 2408 3099 4,
2438 3028 2500 3099 4,
2531 3022 2856 3087 Ammian.
2889 3022 3185 3088 Marcell.

601 3130 707 3201 21,
741 3129 835 3201 16,
868 3128 968 3201 10,
1019 3124 1254 3192 Zosim.
1293 3129 1352 3201 1,
1383 3129 1485 3189 38.

739 3227 986 3292 Titulus
1049 3230 1182 3293 eius
1242 3248 1507 3311 yraecus
1570 3228 1949 3311 sepulcralis
2011 3230 2121 3311 qui
2185 3229 2335 3293 olim
2400 3232 2682 3294 sincerus
2754 3229 3028 3294 creditus
3098 3233 3189 3293 est

605 3329 772 3395 CIG
816 3335 994 3411 6761,
1042 3336 1206 3395 recte
1249 3333 1320 3395 in
1363 3331 1565 3412 falsos
1611 3333 1890 3396 abiectus
1938 3336 2027 3395 est
2073 3332 2154 3414 cf.
2201 3332 2367 3397 IGI
2393 3338 2511 3397 355
2527 3332 2582 3407 *,
2627 3336 2842 3414 utpote
2884 3331 3071 3414 fictus
3113 3353 3191 3396 ex

604 3435 1058 3517 epiyrammate
1102 3435 1247 3518 triy.
1294 3439 1412 3517 tyr.
1458 3439 1555 3511 11,
1590 3440 1650 3499 5.
1745 3434 1880 3499 Nec
1937 3435 2146 3498 minus
2200 3436 2443 3499 nummi
2483 3433 2770 3511 Aureoli,
2829 3435 2942 3516 qui
2984 3432 3189 3497 adhuc

602 3536 673 3600 in
700 3535 973 3601 medium
990 3535 1243 3619 prolati
1269 3540 1435 3612 sunt,
1483 3537 1570 3600 ad
1602 3558 1797 3601 unum
1843 3557 2050 3602 omnes
2080 3541 2227 3602 sunt
2255 3537 2412 3619 falsi
2441 3538 2523 3618 cf.
2558 3536 2767 3602 Cohen
2814 3535 2915 3601 VI
2921 3536 2947 3574 ²
2981 3560 3051 3620 p.
3083 3541 3184 3603 90.

477 3637 644 3704 1339
691 3638 1169 3704 Aurunculeius
1214 3637 1672 3722 CornelianuS,
1736 3642 1839 3704 vir
1896 3639 2132 3704 nobilis
2191 3663 2232 3704 a
2276 3640 2587 3725 Septimio
2636 3639 2879 3705 Severo
2938 3639 3187 3702 occisus

599 3743 706 3809 vit.
755 3740 974 3807 Severi
1016 3746 1114 3819 13,
1159 3745 1223 3808 2.

482 3844 642 3910 1340
686 3853 1083 3910 AVRVNCVS
1128 3850 1515 3910 memoratur
1558 3846 1627 3909 in
1680 3846 1953 3928 epistula
1994 3845 2220 3928 synodi
2262 3844 2590 3909 cuiusdam
2631 3848 2704 3907 ut
2743 3844 2991 3908 videtur
3032 3843 3189 3908 data

602 3947 690 4012 ad
733 3950 1174 4032 imperatorem
1212 3949 1419 4013 nescio
1464 3969 1643 4030 quem
1672 3952 1825 4031 post
1867 3947 2301 4026 Hadrianum,
2347 3947 2621 4029 fortasse
2666 3947 2753 4011 ad
2792 3946 3188 4011 Antoninum

602 4050 796 4115 Pium
835 4050 993 4116 CIA
1025 4051 1157 4116 III
1186 4055 1273 4116 21
1288 4072 1310 4115 .·
1356 4049 1662 4138 Ὠροόνκῳ
1706 4064 1796 4139 τῷ
1839 4050 2244 4138 ἀν[θυπάτῳ];
2279 4049 2627 4133 proconsul
2655 4048 2947 4114 Achaiae
2989 4048 3189 4130 fuisse

599 4152 863 4219 videtur.
1844 4198 1851 4205 ·

514 4291 602 4301 —-
643 4254 716 4322 C.
762 4254 1083 4321 Antistius
1128 4255 1420 4342 Auspex·

513 4395 601 4405 —
643 4356 851 4424 Iulius
893 4358 1186 4445 Auspex.

514 4496 600 4506 —
643 4469 739 4525 ΤῙ.
785 4470 1035 4525 IVLIVS
1082 4471 1499 4527 POLLIENVS
1548 4472 1860 4527 AVSPEX.

514 4601 599 4610 —
643 4577 713 4629 A.
761 4574 1180 4629 POLLENIVS
1231 4574 1546 4629 AVSPEX.

477 4666 634 4733 1341
689 4667 1162 4753 [AJuspicatus,
1223 4668 1470 4732 amicus
1527 4667 1828 4732 Dasumii
1891 4667 1994 4732 VI
2035 4672 2251 4733 10229
2309 4687 2362 4730 υ.
2420 4671 2504 4731 18
2560 4671 2994 4732 testamentum
3043 4665 3184 4731 Da-

599 4771 808 4836 sumii.
857 4807 936 4817 —
993 4770 1288 4854 Coyitari
1331 4775 1544 4853 potest
1604 4770 1680 4835 de
1737 4769 1817 4836 A.
1872 4769 2102 4835 Curtio
2163 4768 2517 4855 Auspicato
2575 4769 2989 4851 Titinniano,
3051 4766 3183 4833 filio

605 4873 686 4939 A.
735 4873 947 4939 Curtii
990 4873 1273 4959 Crispini
1319 4872 1455 4939 III
1485 4877 1614 4940 231
1660 4872 1930 4938 eiusdem
1978 4874 2113 4954 fero
2157 4873 2390 4936 aetatis
2432 4872 2513 4953 cf.
2559 4870 2749 4936 XIV
2778 4875 2963 4935 3030.

476 4978 640 5043 1342
685 4979 758 5056 Q.
808 4977 1201 5042 Austurnius
1246 4976 1624 5063 Lappianus
1665 4980 2053 5040 memoratur
2094 4976 2164 5039 in
2210 4979 2250 5041 t.
2296 4975 2517 5039 uxoris
2566 4973 2747 5039 VIII
2783 4977 2948 5038 7978
2990 4973 3184 5037 Rusi-

593 5081 868 5148 cadensi.
956 5081 1028 5147 P.
1077 5079 1156 5161 f.,
1221 5080 1393 5144 tribu
1441 5078 1751 5161 Quirina,
1815 5100 1982 5164 equo
2045 5075 2304 5164 publico
2351 5086 2732 5158 exornatus,
2796 5075 3183 5141 ducenarius

597 5189 1013 5273 (procurator
1044 5187 1114 5249 ut
1140 5182 1410 5267 videtur)
1437 5180 1573 5265 bis3
1605 5180 1853 5259 aedilis,
1884 5181 2092 5246 HIvir
2119 5180 2259 5246 1111
2287 5180 2685 5244 coloniarum
2717 5175 3179 5262 (Cirtensium),
