3859 5992
615 574 846 630 ANTIO
853 574 1179 630 CHIANVS
1920 562 2007 628 82
2897 570 3324 627 ANTIOCHvs

744 770 1100 855 Hadriani,
1161 771 1355 857 periit
1410 791 1556 833 cum
1603 769 1993 854 imperatore
2037 769 2105 833 in
2148 766 2299 832 Nilo
2343 768 2663 850 navigans
2706 789 2764 832 a.
2800 768 2957 851 1303
3017 766 3327 833 cecidisse

744 895 893 938 eum
950 875 1020 938 in
1074 872 1297 937 Nilum
1356 872 1734 938 Hadrianus
1800 871 1938 957 ipse
1999 871 2293 956 scripsit,
2356 891 2503 935 cum
2570 870 2971 935 immolatum
3038 891 3180 934 esse
3242 868 3325 934 ab

742 976 1078 1041 Hadriano
1137 974 1242 1039 vel
1303 976 1517 1060 ipsum
1575 994 1643 1038 se
1703 972 2068 1038 immolasse
2126 994 2240 1058 pro
2295 971 2633 1038 Hadriano
2691 972 2802 1038 alii
2863 973 3327 1039 contenderent

738 1080 848 1144 vit.
895 1077 1105 1143 Hadr.
1155 1082 1250 1153 14,
1292 1082 1354 1155 5,
1400 1076 1533 1142 Dio
1577 1075 1619 1141 l.
1667 1076 1728 1153 l„
1786 1076 1943 1141 Vict.
1986 1074 2168 1140 Caes.
2214 1080 2313 1152 14,
2362 1080 2419 1151 7,
2464 1075 2782 1141 Eusebius
2823 1076 3087 1144 Armen.
3134 1076 3222 1141 ad
3262 1099 3322 1145 a.

739 1182 904 1247 Abr.
949 1185 1119 1248 2143
1176 1210 1259 1233 =
1303 1184 1458 1257 127,
1505 1180 1932 1262 Hieronymus
1989 1178 2079 1242 ad
2133 1199 2195 1243 a.
2239 1178 2404 1244 Abr.
2448 1183 2600 1245 2145
2643 1208 2728 1233 =
2769 1183 2935 1259 129,·
2993 1200 3163 1245 anno
3204 1184 3326 1244 130

742 1284 1158 1350 Hadrianum
1197 1285 1321 1348 iter
1361 1283 1824 1365 Aeyyptiacum
1872 1282 2096 1363 fecisse
2136 1286 2539 1346 monumenta
2583 1282 2803 1347 docent
2844 1283 2928 1365 cf.
2973 1281 3177 1360 Durr,
3224 1282 3326 1347 die

740 1387 976 1452 Reisen
1019 1386 1125 1451 des
1170 1385 1447 1450 Kaisers
1491 1383 1830 1449 Hadrian-s*
1876 1406 1949 1467 p.
1992 1387 2093 1448 64.
2191 1384 2267 1447 In
2314 1383 2622 1449 honorem
2667 1385 2902 1450 mortui
2947 1383 3323 1450 Hadrianus

741 1489 970 1555 urbem
1009 1486 1499 1573 Antinoopolim
1543 1485 1716 1573 apud
1761 1485 1986 1550 Nilum
2030 1484 2322 1550 condidit
2363 1507 2439 1550 eo
2485 1485 2660 1570 loco,
2721 1508 2850 1572 quo
2910 1486 3020 1551 ille
3076 1486 3326 1552 obierat

739 1589 873 1656 Dio
921 1590 961 1654 l.
1010 1590 1073 1667 l„
1118 1589 1490 1655 Pausanias
1530 1593 1592 1665 8,
1639 1593 1698 1665 9,
1745 1593 1804 1665 7,
1866 1587 2024 1656 Vict.
2066 1587 2247 1653 Caes.
2298 1593 2395 1664 14,
2443 1593 2501 1664 6,
2548 1588 2931 1653 Ammianus
2970 1594 3084 1665 22,
3125 1593 3224 1665 16,
3255 1594 3320 1665 2,

742 1692 1170 1776 Hieronymus
1214 1690 1254 1756 l.
1301 1691 1361 1775 l„
1409 1690 1806 1775 Heqesiquus
1851 1690 2027 1773 apud
2062 1689 2410 1754 Eusebium
2452 1689 2597 1755 hist.
2642 1691 2786 1756 eccl.
2818 1696 2876 1765 4,
2909 1695 2969 1768 8,
3026 1689 3321 1756 Chronic.

745 1795 974 1862 Pasch.
1008 1817 1079 1878 p.
1108 1798 1233 1860 475
1290 1794 1431 1881 (ubi
1470 1793 1639 1876 falso
1684 1792 2063 1858 Hadrianus
2123 1792 2352 1858 urbem
2409 1792 2778 1859 condidisse
2835 1793 3077 1858 dicitur
3132 1793 3195 1861 d.
3241 1795 3325 1858 30

742 1899 981 1962 mensis
1024 1896 1330 1963 Octobris
1385 1895 1624 1961 Aviola
1681 1906 1746 1960 et
1800 1898 2016 1962 Pansa
2073 1894 2445 1961 consulibus
2487 1925 2571 1949 =
2617 1916 2679 1961 a.
2724 1895 2901 1980 122),
2964 1894 3324 1963 Antinoum

741 2003 911 2067 inter
974 1999 1132 2064 deos
1204 1998 1455 2065 rettulit
1521 2010 1586 2063 et
1667 1996 1903 2082 templa
1969 1998 2447 2085 simulacraque
2518 2000 2858 2064 constituit
2922 1999 3007 2081 cf.
3063 2005 3325 2083 praeter

740 2104 1080 2186 scripwres
1119 2101 1303 2167 modo
1349 2100 1644 2166 laudatos
1684 2121 1970 2166 nummos
2015 2101 2191 2183 apud
2216 2101 2458 2166 Eckhel
2486 2101 2527 2169 l.
2562 2101 2625 2179 l„
2673 2102 2887 2167 titulos
2923 2100 3114 2167 XIV
3128 2107 3320 2179 2112,

740 2205 909 2272 IGI
957 2210 1097 2271 960.
1159 2209 1279 2270 961
1330 2234 1412 2258 ==
1463 2203 1632 2269 OIG
1673 2207 1858 2280 6007,
1921 2203 2089 2268 IGI
2136 2203 2283 2268 add.
2346 2208 2528 2270 978α
2572 2226 2645 2287 p.
2686 2208 2827 2270 695.
2934 2203 3327 2269 Nominatur

743 2309 918 2392 apud
945 2306 1252 2373 Photium
1299 2307 1447 2372 bibl.
1481 2306 1574 2372 ΙΙ
1589 2328 1661 2390 p.
1693 2310 1832 2383 535,
1889 2305 2263 2372 Tertullian.
2296 2306 2544 2390 apotoy.
2575 2311 2673 2383 13,
2723 2306 2812 2372 ad
2850 2308 3093 2374 nation.
3124 2311 3189 2385 2,
3221 2312 3322 2384 10,

743 2411 817 2477 de
858 2431 1097 2477 corona
1139 2415 1237 2488 13,
1285 2409 1586 2475 adversus
1633 2408 1847 2474 Marc.
1878 2415 1939 2487 1,
1978 2413 2080 2478 18.

614 2515 741 2581 575
785 2512 1289 2595 Antiochianus,
1359 2534 1528 2577 unus
1594 2534 1678 2576 ex
1737 2511 2082 2597 praefectis
2139 2514 2465 2597 praetorio
2523 2512 2866 2596 Elagabali
2927 2536 2985 2579 a.
3031 2517 3153 2581 221
3214 2516 3322 2579 vit.

742 2617 1027 2700 Elayab.
1073 2621 1173 2692 14,
1209 2619 1270 2680 8.
1360 2614 1539 2679 Idem
1584 2618 1796 2697 potest
1839 2634 1969 2679 esse
2012 2614 2519 2697 Antiochianus,
2582 2615 2663 2679 ad
2710 2637 2906 2701 quem
2949 2615 3327 2681 Alexander

741 2743 799 2787 a.
823 2722 949 2786 222
980 2714 1319 2804 rescripsit
1344 2716 1479 2782 cod.
1509 2718 1742 2782 Iustin.
1774 2721 1832 2795 6,
1862 2721 1963 2793 35,
1992 2722 2051 2782 3.
2075 2755 2162 2764 —
2192 2717 2448 2799 (Aelius
2476 2717 2967 2801 Antiochianus,
3001 2719 3326 2784 Antonius

740 2822 1212 2887 Antiochianus
1255 2820 1637 2885 decuriones
1681 2818 1889 2884 alares
1935 2828 2283 2885 veteranae
2327 2820 2619 2888 Gallicae
2662 2843 2722 2888 a.
2773 2822 2893 2886 199
2939 2822 3071 2887 III
3102 2823 3228 2904 14).

616 2924 741 2989 576
788 2923 1278 3006 Antiochianus,
1326 2944 1545 2987 rerum
1581 2923 1858 3008 scriptor
1892 2922 2132 2988 librum
2163 2922 2247 2987 dc
2279 2922 2447 2988 bello
2487 2922 2792 2988 Parthico
2822 2924 2982 2989 Veri
3026 2923 3322 3006 confecit,

736 3049 932 3113 quem
990 3027 1322 3113 inscripsit
1367 3025 1771 3113 Ἀντιοχιανοῦ
1828 3032 1935 3091 τοῦ
1981 3025 2362 3098 ’Λπόλλωνος
2414 3029 2700 3114 ἱερονίκου
2753 3033 2872 3093 τῶν
2924 3029 2988 3093 ἐν
3035 3026 3324 3115 Ἀρμηνίᾳ

743 3132 839 3196 καὶ
883 3128 1317 3216 Μεσοποταμίᾳ
1358 3131 1458 3195 καὶ
1502 3130 1566 3195 ἐν
1610 3128 1818 3217 Μηδίᾳ
1860 3135 1961 3195 νῦν
2007 3127 2324 3216 Ῥωμαίοις
2367 3131 2759 3218 πραχθέντων
2802 3131 3075 3197 Imcian.
3121 3152 3321 3214 quom.

742 3233 888 3298 hist.
935 3251 1174 3297 consor.
1217 3236 1319 3296 30.

630 3370 718 3379 —
782 3342 1101 3398 FLAVIVS
1144 3341 1726 3401 ANTIOCHIANVS.

611 3436 735 3502 577
786 3435 1142 3501 Antiochus
1166 3436 1307 3519 (II),
1341 3458 1425 3500 ex
1451 3457 1692 3520 genere
1722 3456 1952 3520 regum
1973 3435 2459 3521 Commagenes,
2492 3436 2695 3503 frater
2715 3436 3115 3502 Mithridatis
3138 3437 3322 3520 (111);

741 3538 1078 3623 Augustus
1123 3559 1271 3603 eum
1315 3560 1374 3603 a.
1407 3539 1532 3604 725
1575 3568 1659 3592 =
1704 3540 1788 3604 29
1833 3540 2104 3604 Romam
2147 3542 2390 3605 accivit
2429 3549 2510 3623 et,
2559 3540 2735 3627 quod
2779 3540 2997 3604 fratris
3040 3539 3323 3624 legatum

743 3643 1013 3707 Romam
1058 3644 1326 3707 missum
1371 3640 1712 3725 occiderat,
1760 3641 2097 3707 damnavit
2141 3642 2595 3728 interfecitque
2639 3642 2772 3707 Dio
2812 3647 2920 3721 52,
2966 3647 3066 3708 43.
3166 3641 3324 3707 C'um

740 3745 873 3812 Dio
915 3752 1015 3824 54,
1076 3751 1116 3811 9
1171 3747 1285 3811 sub
1347 3769 1407 3814 a.
1457 3751 1574 3811 734
1623 3776 1705 3801 --
1747 3752 1837 3813 20
1901 3748 2148 3828 referat
2211 3748 2603 3835 (Αὔγουστος)
2663 3746 2999 3835 Μιθριδάτῃ
3056 3749 3162 3813 τινὶ
3218 3749 3325 3834 τὴν

740 3847 1167 3938 Κομμαγηνήν,
1222 3852 1428 3939 ἐπειδὴ
1473 3852 1572 3915 τὸν
1616 3851 1845 3938 πατέρα
1889 3852 2070 3917 αὐτοῦ
2113 3853 2146 3917 ὁ
2188 3852 2461 3939 βασιλεὺς
2504 3852 2686 3938 αὸτῆς
2730 3850 3038 3916 ἀπεκτόνει
3053 3899 3071 3929 ,
3115 3851 3321 3937 καίπερ

741 3955 1031 4040 παιδίσκῳ
1077 3951 1161 4019 ἔτ’
1208 3951 1328 4018 ὄντι
1367 3954 1680 4042 ἐπέτρεψε,
1739 3952 1893 4018 haec
1946 3975 2086 4018 cum
2124 3954 2351 4037 priore
2392 3952 2630 4019 Dionis
2670 3953 2980 4018 relatione
3023 3953 3122 4017 ita
3164 3974 3324 4017 com-

738 4055 904 4135 poni
959 4054 1161 4119 solent
1218 4076 1295 4119 ac
1334 4060 1632 4139 possunt,
1687 4060 1761 4120 ut
1800 4055 2186 4120 Antiochum
2244 4061 2305 4120 et
2362 4055 2634 4138 leyatum
2676 4057 2911 4138 fratris
2953 4060 3013 4120 et
3055 4056 3326 4137 fratrem

738 4156 945 4237 ipsum
988 4158 1378 4238 interfecisse
1420 4163 1764 4234 statuatur,
1807 4158 2180 4222 damnatum
2223 4163 2433 4224 autem
2476 4179 2607 4224 esse
2652 4181 2696 4223 a
2722 4159 3035 4224 Romanis
3066 4157 3327 4240 potissi-

742 4279 912 4322 mum
958 4259 1034 4323 ob
1080 4260 1183 4323 ius
1210 4259 1574 4326 Romanum
1620 4260 1825 4343 Ieyato
1855 4260 2132 4326 Romam
2172 4262 2361 4327 misso
2404 4263 2735 4345 interfecto
2776 4261 3098 4326 violatum.
3169 4259 3327 4325 Cum

739 4362 951 4443 frater
988 4362 1401 4427 Mithridatis
1443 4368 1617 4439 esset,
1659 4365 1788 4447 fuit
1829 4364 2005 4447 filius
2034 4363 2341 4430 Antiochi
2368 4365 2446 4450 (I
2429 4363 2470 4448 )
2514 4364 2881 4449 Epiphanis
2924 4370 2984 4429 et
3020 4363 3327 4429 Laodices

741 4465 823 4546 cf.
870 4465 1120 4529 Lebas-
1138 4464 1568 4549 Waddinyton
1612 4466 1793 4532 136d
1835 4471 1896 4532 et
1937 4468 2117 4550 infra
2157 4488 2220 4533 n.
2253 4471 2396 4533 578.

611 4566 738 4632 578
784 4566 1148 4632 Antiochus
1195 4568 1370 4652 (III),
1419 4591 1539 4633 rex
1569 4568 2156 4652 Commagenorum
2199 4568 2544 4634 defunctus
2589 4592 2646 4637 a.
2682 4569 2780 4651 17,
2828 4571 3014 4634 cuius
3056 4590 3326 4652 regnum

743 4671 1013 4756 imperio
1072 4670 1361 4735 Romano
1413 4673 1688 4736 accessit
1738 4671 1886 4737 Tac.
1934 4695 1994 4737 a.
2035 4677 2101 4747 2,
2139 4678 2230 4739 42
2270 4673 2355 4755 ef.
2395 4677 2461 4751 2,
2503 4677 2603 4749 56,
2652 4672 2899 4737 Strabo
2941 4677 3024 4736 16
3064 4694 3139 4755 p.
3187 4676 3324 4736 749.

739 4772 852 4839 Ad
893 4794 1031 4837 eum
1073 4773 1473 4855 referendum
1517 4794 1648 4839 esse
1690 4774 2118 4857 fraymentum
2165 4774 2338 4839 tituli
2370 4775 2579 4839 Attici
2616 4773 2776 4840 GIA
2820 4774 2954 4840 III
2981 4779 3104 4839 554
3148 4774 3327 4863 [βασι-

741 4876 873 4959 λέα]
924 4875 1229 4964 Ἀντίοχον
1289 4876 1630 4965 [βασι]λέως
1687 4879 2056 4965 Μιθριδάτου
2122 4878 2268 4962 [υἱόν
2328 4927 2345 4943 .
2370 4926 2388 4944 .
2413 4926 2431 4943 .
2455 4876 2498 4960 .]
2564 4899 2641 4943 ex
2699 4877 3059 4942 litterarum
3116 4879 3328 4961 forma

742 4979 989 5045 Kb'hler
1019 4979 1233 5063 lapide
1259 4980 1461 5045 denuo
1490 4981 1853 5046 examinato
1884 4982 2315 5065 comprobavit
2343 4980 2726 5046 Athenisehe
2756 4981 3252 5065 Mi'ttheilunyen
3281 4983 3328 5047 Ι

741 5082 954 5167 (1876)
984 5106 1059 5167 p.
1088 5088 1181 5150 28
1223 5083 1370 5151 adn.
1441 5084 1685 5149 Contra
1730 5085 1982 5150 titulum
2023 5084 2372 5169 Ephesium
2415 5085 2661 5149 Lebas-
2679 5083 3111 5167 Waddinqton
3152 5088 3273 5149 136
3288 5084 3332 5149 d

737 5207 868 5251 non
896 5189 1221 5269 pertinere
1267 5187 1355 5252 ad
1393 5186 1779 5252 Antiochum
1823 5189 1979 5266 III,
2027 5189 2115 5253 ad
2155 5209 2334 5270 quem
2377 5186 2754 5252 rettulerant
2797 5185 3229 5271 Waddinyton
3271 5191 3331 5252 et
