3859 5992
653 583 967 642 CLODIVS
1934 576 2061 642 422
3038 580 3356 640 CLODIVS

780 783 982 860 modO,
1021 788 1093 848 ut
1126 783 1393 850 videtur.
1469 781 1643 847 Nam
1685 782 1853 865 quod
1893 784 1964 848 iu
2004 782 2275 866 epistula
2318 783 2474 866 ficta
2508 782 2644 846 vita
2676 786 2774 858 10,
2804 786 2884 846 11
2928 781 3200 846 Marcus
3222 786 3365 865 post

777 885 1178 950 rebellionem
1208 884 1434 949 Avidii
1472 884 1687 949 Cassii
1715 884 1788 949 de
1819 885 2058 950 Albino
2105 885 2386 949 traditur
2424 885 2751 966 scripsisse
2783 882 3122 949 ‘habemus
3166 886 3368 967 igitur

784 991 994 1053 virum
1027 987 1296 1071 dignum
1328 986 1683 1069 consulatu,
1734 1010 1925 1073 quem
1974 987 2290 1053 sufficiam
2339 989 2407 1052 in
2454 986 2664 1051 locum
2695 985 2903 1052 Cassii
2935 988 3204 1073 Papirii’
3235 992 3366 1063 etc„

779 1091 1020 1157 aunam
1065 1089 1252 1173 fidem
1297 1095 1589 1154 meretur.
1656 1090 1832 1154 Dein
1864 1113 1982 1177 per
2013 1089 2441 1156 Commodum
2472 1090 2554 1154 ad
2586 1088 2868 1155 Galliam
2898 1088 3268 1169 translatae,
3304 1092 3367 1154 in

782 1216 912 1280 qua
961 1192 1121 1257 fusis
1172 1193 1475 1277 gentibus
1528 1192 2017 1257 transrhenanis
2064 1193 2318 1259 celebre
2367 1215 2601 1259 nomen
2644 1214 2832 1257 suum
2880 1192 3068 1275 fecit3
3130 1191 3369 1279 quibus

786 1296 981 1360 rebus
1041 1317 1354 1359 accensus
1402 1294 1794 1360 Commodus
1840 1298 1897 1360 ei
1945 1295 2427 1360 Caesareanum
2472 1316 2706 1359 nomen
2752 1293 2985 1360 obtulit
3045 1305 3111 1359 et
3168 1294 3365 1359 dandi

782 1397 1088 1483 stipendii
1111 1394 1481 1462 facultatem
1504 1408 1566 1462 et
1587 1396 1766 1484 pallii
1785 1400 2031 1462 coccini
2052 1397 2293 1480 utendi,
2313 1398 2548 1484 quibus
2566 1396 2862 1462 omnibus
2883 1397 2989 1462 ille
3012 1397 3367 1484 prudenter

781 1501 1094 1565 abstinuit
1122 1500 1256 1564 vita
1284 1504 1341 1576 6,
1373 1504 1524 1568 4-5.
1603 1499 1783 1565 Haec
1812 1500 1967 1582 ficta
1996 1520 2125 1566 esse
2160 1499 2469 1576 videntur,
2504 1521 2643 1564 cum
2674 1500 2840 1565 idem
2883 1507 3110 1565 auctor
3137 1505 3367 1584 postea

780 1609 880 1681 13,
925 1608 965 1667 4
994 1622 1122 1685 sqq.
1189 1602 1498 1667 Albinum
1527 1602 1945 1668 Britannicos
1974 1605 2284 1668 exercitus
2308 1607 2619 1686 reyeutem
2652 1601 3117 1669 Caesareanum
3146 1626 3370 1668 nomen

780 1705 1148 1789 repudiasse
1197 1706 1460 1770 scribat.
1553 1705 1779 1770 Minus
1824 1711 2120 1771 accurate
2167 1705 2340 1789 apud
2378 1706 2747 1789 scriptorem
2790 1706 3119 1788 quendam,
3165 1728 3206 1771 a
3251 1727 3369 1789 quo

778 1809 1034 1891 pariter
1087 1812 1309 1872 auctor
1363 1808 1530 1871 vitae
1573 1807 1805 1872 Albini
1845 1814 1903 1886 1,
1950 1815 2008 1886 1,
2074 1809 2288 1875 Victor
2332 1808 2510 1873 Caes,
2555 1814 2662 1884 20,
2711 1813 2768 1883 9,
2814 1808 3112 1891 Epitome
3152 1814 3258 1885 20,
3304 1813 3369 1887 2,

781 1911 1055 1993 Eutrop.
1097 1913 1157 1987 8,
1205 1915 1288 1974 18
1318 1910 1623 1993 pendent,
1669 1917 2011 1975 narratum
2051 1916 2191 1975 erat
2232 1911 2540 1977 Albinum
2569 1916 2721 1993 post
2759 1909 3122 1975 Pertinacis
3164 1932 3369 1975 necem

783 2015 851 2077 in
892 2013 1120 2079 Gallia
1179 2013 1520 2078 Caesarem
1579 2034 1645 2077 se
1702 2015 1956 2096 fecisse,
2019 2035 2157 2078 cum
2199 2036 2270 2077 re
2312 2036 2463 2078 ‘cera
2503 2011 2802 2079 Caesaris
2840 2034 3063 2078 nomen
3110 2015 3174 2077 in
3216 2013 3373 2077 Bri-

785 2118 1029 2197 tannia,
1077 2116 1146 2179 in
1188 2115 1414 2180 Gallia
1460 2117 1733 2199 Auyusti
1773 2121 2062 2180 sumeret.
2160 2115 2331 2181 Vnde
2374 2117 2443 2180 iu
2485 2117 2619 2179 vita
2649 2117 3052 2198 provinciam
3091 2116 3371 2198 aliquam

792 2218 1162 2284 Galliarum
1206 2220 1443 2283 rexisse
1494 2220 1720 2300 fertur.
1804 2217 1914 2283 Ad
1964 2218 2226 2283 cundem
2279 2224 2595 2283 auctorem
2648 2219 2929 2301 iynotum
2977 2218 3375 2302 referendum

791 2326 881 2386 est
938 2321 1103 2403 quod
1161 2327 1382 2385 auctor
1425 2324 1592 2385 vitae
1634 2326 1734 2398 14,
1782 2326 1839 2399 6,
1902 2320 2135 2399 Victor,
2181 2321 2538 2405 Eutropius
2582 2321 2622 2385 l.
2668 2321 2707 2389 l.
2754 2321 3017 2386 tradunt
3060 2321 3371 2387 Albinum

793 2422 1129 2487 occidendi
1163 2423 1520 2487 Pertinacis
1553 2422 1749 2487 Didio
1782 2421 2036 2487 Iuliano
2085 2434 2416 2488 auctorem
2445 2421 2552 2486 vel
2597 2424 2840 2487 socium
2886 2421 3104 2489 fuisse.
3176 2421 3374 2487 Deui-

792 2546 909 2608 que
944 2526 1125 2590 Iunii
1162 2525 1360 2590 Cordi
1402 2526 1510 2610 (cf.
1536 2526 1644 2592 vit.
1674 2529 1733 2602 5,
1765 2531 1882 2604 10,·
1928 2531 1986 2602 7,
2016 2530 2092 2603 3,·
2137 2530 2232 2601 11,
2264 2530 2334 2613 2)
2382 2530 2726 2589 commenta
2766 2525 2936 2590 male
2976 2525 3259 2590 redolent
3302 2547 3377 2590 ea

792 2650 954 2710 quae
999 2627 1072 2692 dc
1125 2626 1525 2693 Caesareano
1568 2628 1817 2692 nomine
1860 2650 1902 2692 a
1940 2628 2278 2693 Commodo
2322 2628 2532 2692 oblato
2578 2629 2827 2710 passim
2874 2628 2941 2691 in
2981 2628 3115 2691 vita
3149 2628 3378 2693 Albim·

789 2732 1233 2814 proferuntur.
1316 2731 1518 2815 (Num
1567 2731 1728 2795 idem
1769 2733 2137 2797 narraverit
2183 2737 2404 2797 auctor
2444 2732 2552 2796 vit.
2589 2731 2810 2796 Severi
2837 2736 2892 2814 6,
2925 2736 2985 2809 9,
3030 2732 3147 2796 ubi
3184 2733 3377 2798 verba

796 2838 1096 2917 corrupta
1141 2833 1497 2911 traduntur,
1539 2834 1720 2899 valde
1765 2835 2030 2918 dubito.)

924 2937 1211 3020 Legatus
1276 2938 1652 3003 Britanniae
1719 2938 1946 3003 eodem
2012 2947 2332 3024 tempore,
2404 2959 2530 3023 quo
2591 2937 2988 3001 Pescennius
3042 2936 3247 3020 Niger
3311 2939 3373 3001 in

805 3041 1071 3122 oriente,
1123 3041 1472 3126 Septimius
1522 3041 1801 3107 Severus
1847 3043 1913 3105 in
1962 3040 2224 3126 Illyrico
2271 3040 2368 3124 (id
2407 3045 2498 3104 est
2542 3045 2780 3104 aestate
2829 3041 3080 3105 ineunte
3125 3062 3184 3105 a.
3230 3039 3375 3122 193)

801 3143 1081 3229 sumpsit
1125 3144 1466 3228 imperium
1511 3142 1642 3208 Dio
1692 3148 1787 3220 73,
1831 3148 1932 3208 14.
2025 3143 2304 3208 Severus
2366 3166 2481 3228 per
2539 3142 2783 3207 litteras
2829 3141 3171 3208 Caesarem
3231 3165 3377 3208 eum

802 3248 1068 3329 agnovit
1123 3244 1255 3310 Dio
1303 3252 1399 3323 73,
1445 3252 1554 3323 15,
1617 3245 1968 3315 Herodian.
2013 3249 2079 3323 2,
2140 3251 2240 3323 15,
2291 3252 2449 3312 2-5.
2548 3245 2632 3309 D.
2700 3245 2966 3312 Clodius
3032 3245 3379 3331 Septimius

803 3347 1082 3413 Albinus
1123 3348 1364 3413 Caesar
1409 3353 1449 3413 t.
1482 3355 1530 3414 2
1574 3353 1630 3412 et
1675 3349 1744 3412 in
1786 3350 2077 3412 nummis.
2146 3347 2389 3414 Consul
2420 3372 2459 3412 a
2490 3348 2731 3414 Severo
2764 3347 3124 3413 declaratus
3170 3360 3268 3414 est
3306 3372 3378 3413 eo

806 3461 1126 3535 tempore,
1174 3473 1298 3536 quo
1348 3448 1528 3515 illum
1576 3449 1699 3514 sibi
1746 3461 2091 3535 paraverat
2136 3451 2493 3535 subrogare
2536 3451 2671 3514 rita
2712 3455 2771 3526 6,
2817 3454 2877 3526 8,
2939 3452 3118 3516 cuius
3161 3457 3381 3518 auctor

805 3553 1196 3617 consulatum
1228 3555 1514 3636 primum
1559 3554 1893 3636 iquoravit,
1943 3555 2025 3636 cf.
2070 3553 2176 3618 vit.
2212 3552 2510 3635 Septimii
2539 3553 2760 3617 Severi
2793 3556 2852 3629 6,
2887 3557 2945 3617 9.
3029 3551 3269 3618 Consul
3320 3555 3379 3619 11

804 3679 861 3720 a.
912 3656 1033 3721 194
1067 3678 1212 3720 cum
1258 3656 1409 3741 imp.
1458 3656 1641 3720 Caes.
1688 3656 1765 3720 L.
1814 3656 2128 3740 Septimio
2173 3654 2414 3721 Severo
2460 3655 2631 3737 Aug.
2663 3655 2731 3719 II
2774 3656 2952 3736 fasti.
3026 3654 3268 3721 Consul
3313 3658 3379 3722 H

800 3760 1052 3841 passim
1093 3759 1164 3822 iu
1204 3759 1511 3836 nummis,·
1572 3757 1738 3822 male
1784 3758 1976 3822 lectus
2019 3757 2267 3822 videtur
2310 3777 2596 3821 nummus
2638 3779 2702 3820 n.
2749 3761 2828 3821 19
2869 3755 3096 3835 Coheu,
3154 3760 3269 3842 qui
3314 3761 3380 3824 in

807 3881 1027 3926 aversa
1074 3861 1361 3925 eoelee'bere
1406 3860 1640 3925 dicitur
1685 3860 1822 3925 Fel.
1868 3861 1942 3925 P.
1992 3862 2067 3926 R.
2112 3861 2183 3928 P.
2232 3860 2319 3925 M.
2366 3860 2476 3924 Tr.
2525 3860 2599 3928 P.
2647 3859 2793 3926 Cos.
2842 3859 2963 3926 ΠΙ.

935 3964 1218 4029 Severus
1249 3964 1602 4027 Pescennio
1635 3963 1839 4046 Nigro
1876 3963 2133 4027 devicto
2164 3962 2480 4027 Albinum
2525 3962 2776 4027 insidiis
2822 3983 2858 4026 e
2903 3962 3115 4029 medio
3161 3963 3380 4028 tollere

804 4067 1048 4132 frustra
1093 4066 1341 4131 studuit
1381 4068 1514 4130 vita
1544 4070 1603 4143 8,
1652 4066 2008 4131 Herodian.
2052 4071 2112 4144 3,
2149 4071 2190 4132 5
2233 4076 2299 4131 et
2343 4087 2424 4130 ne
2463 4064 2763 4131 Caesaris
2801 4065 3060 4151 quidem
3106 4067 3379 4153 amplius

806 4169 1080 4235 honores
1127 4168 1356 4234 tribuit
1398 4167 1531 4233 Dio
1581 4172 1674 4245 75,
1722 4174 1780 4233 4.
1856 4169 2050 4233 Vnde
2094 4167 2373 4234 Albinus
2426 4170 2493 4233 in
2539 4167 2755 4236 Gallia
2799 4179 3025 4233 contra
3069 4168 3381 4235 Severum

809 4271 1067 4337 rebellis
1099 4273 1313 4336 extitit
1342 4284 1408 4336 et
1435 4271 1717 4356 Augusti
1760 4293 1988 4335 nomen
2036 4273 2313 4357 sumpsit
2341 4272 2473 4337 Dio
2509 4272 2549 4337 l.
2588 4270 2652 4349 L,
2701 4271 3052 4337 Herodian.
3084 4279 3145 4350 3,
3174 4278 3232 4351 7,
3275 4275 3380 4341 vit.

806 4375 1024 4441 Severi
1063 4381 1159 4452 10,
1207 4381 1266 4452 1,
1315 4396 1482 4440 auno
1526 4380 1649 4440 196
1691 4380 1764 4439 ut
1804 4375 2071 4440 videtur.
2154 4376 2317 4461 Imp.
2365 4375 2550 4441 Caes.
2592 4376 2677 4440 D.
2725 4373 2992 4439 Clodius
3038 4376 3383 4462 Septimius

804 4478 1084 4544 Albinus
1127 4478 1301 4560 Aug.
1345 4479 1602 4543 nummi.
1694 4478 1889 4563 Apud
1936 4479 2310 4543 Tinurtium
2354 4480 2461 4542 υἱέ.
2509 4477 2726 4544 Severi
2750 4482 2848 4555 11,
2883 4484 2922 4542 1
2968 4478 3382 4562 (Lugdunum

806 4583 1065 4665 reliqui)
1096 4581 1158 4649 d.
1195 4582 1275 4647 19
1305 4583 1545 4645 mensis
1580 4579 1925 4646 Februarii
1973 4605 2030 4648 a.
2065 4582 2184 4648 197
2220 4582 2344 4646 ibd.
2377 4586 2477 4659 11,
2511 4586 2551 4646 7
2592 4604 2633 4645 a
2677 4580 2921 4647 Severo
2954 4582 3162 4645 victus
3200 4585 3386 4668 periit

807 4687 940 4750 vita
972 4692 1031 4762 9,
1077 4684 1209 4749 Dio
1239 4688 1337 4761 75,
1369 4689 1522 4762 4-9,
1568 4684 1923 4754 Herodian.
1953 4690 2012 4763 3,
2048 4690 2104 4764 7,
2148 4685 2360 4750 Victor
2385 4683 2565 4751 Caes.
2598 4689 2705 4763 20,
2737 4690 2835 4761 11,
2867 4684 3161 4767 Epitome
3183 4692 3290 4764 20,
3319 4690 3382 4764 2,

806 4789 1080 4872 Eutrop.
1111 4792 1172 4865 8,
1203 4792 1303 4851 18.

936 4891 1092 4956 Fuit
1137 4889 1376 4954 Albino
1424 4913 1624 4971 unus,
1687 4900 1759 4954 ut
1801 4888 2003 4976 aliqui
2047 4890 2305 4965 dicunt,
2352 4890 2559 4969 filius,
2606 4900 2679 4956 ut
2720 4890 3023 4974 (Marius)
3064 4890 3384 4956 Maximus

810 4995 999 5078 dicit,
1062 4993 1224 5077 du0,
1287 4992 1527 5078 quibus
1572 4994 1851 5058 Severus
1909 4995 2191 5078 primum
2241 4996 2497 5058 veniam
2542 4992 2754 5077 dedit3
2814 5004 3039 5079 postea
3080 5016 3236 5058 vero
3280 5014 3384 5057 eos

811 5120 958 5162 cum
1004 5107 1212 5161 matre
1255 5097 1575 5181 percussit
1623 5104 1686 5158 et
1745 5096 1811 5158 in
1871 5095 2298 5181 profluentem
2352 5097 2521 5162 abici
2567 5098 2755 5161 iussit
2794 5097 2929 5160 vita
2968 5100 3027 5172 9,
3072 5100 3113 5161 5
3159 5096 3242 5178 cf.
3281 5097 3384 5160 vit.

813 5200 1034 5266 Severi
1059 5204 1157 5277 11,
1190 5204 1249 5264 9.
1326 5199 1718 5264 Pescennius
1749 5199 2026 5264 Princus
2055 5199 2225 5265 filius
2261 5202 2395 5265 vita
2427 5206 2482 5278 7,
2521 5205 2565 5264 8
2607 5201 2676 5264 iu
2706 5198 2999 5282 epistula.
3031 5236 3115 5245 --
3144 5198 3388 5264 Marius
