3859 5992
707 510 984 566 AELIVS
2026 508 2050 570 l
2064 507 2105 571 6
3139 520 3403 576 AELIVS

714 709 840 774 134
880 716 1155 773 AELIVS
1202 717 1514 774 GALLVS.
1552 709 1948 796 'Pomponio
1993 709 2292 776 Secundo
2337 711 2787 778 obiectabatur
2828 711 3002 778 Aelii
3045 713 3220 781 Galli
3260 719 3406 781 ami·

836 813 1003 895 citia‚
1049 813 1162 898 qui
1191 812 1418 898 punito
1451 811 1686 878 Seiano
1732 814 1799 876 in
1845 812 2063 878 hortos
2103 814 2444 901 Pomponii
2489 817 2673 902 quasi
2717 814 3102 882 fidissimum
3139 817 3224 883 ad
3265 817 3406 883 sub·

831 913 1072 980 sidium
1136 915 1530 1001 perfugisset
1581 915 1728 982 Tac.
1777 937 1836 981 a.
1875 921 1935 994 5,
1981 920 2042 982 8.
2112 916 2308 982 Recte
2351 917 2498 982 inde
2540 917 2789 983 collatis
2831 918 2961 986 ibd.
2990 926 3051 998 4,
3094 924 3137 985 3
3181 926 3241 985 et
3277 924 3337 999 5,
3369 927 3406 988 9

832 1019 1083 1102 collegit
1129 1017 1450 1101 Borthsi
1506 1017 1770 1085 Gallum
1830 1019 2059 1085 Seiani
2121 1021 2328 1105 filiam
2382 1025 2544 1086 natu
2597 1022 2947 1093 maximum
3004 1023 3219 1105 fuisse,
3264 1028 3412 1106 post

829 1143 1041 1188 necem
1083 1122 1304 1205 patm’s
1347 1126 1406 1187 et
1446 1123 1655 1205 ipsum
1696 1123 2154 1208 interemptum.
2229 1124 2420 1188 Iussu
2463 1122 2712 1189 Tiberii
2751 1123 3029 1190 Lentulo
3076 1125 3407 1193 Gaetulico

825 1246 1026 1309 gener
1069 1224 1428 1290 destinatus
1473 1225 1691 1290 fuerat
1731 1224 1862 1290 ibd.
1910 1231 1969 1303 6,
2012 1231 2133 1305 30,·
2172 1249 2212 1290 a
2254 1225 2519 1291 Tiberio
2566 1227 2925 1292 sacerdotio
2973 1237 3238 1293 ornatus
3279 1226 3408 1294 Dio

822 1332 923 1406 58,
959 1332 1002 1392 7
1042 1328 1330 1412 (atroque
1370 1325 1504 1391 loco
1546 1327 1906 1392 nominibus
1949 1328 2240 1414 omissis).

704 1432 825 1498 135
872 1429 1056 1514 O.(‘.>)
1101 1427 1327 1494 Aelius
1372 1426 1622 1494 Gallus.
1696 1428 2097 1496 Praenomen
2139 1429 2388 1496 exhibet
2431 1435 2474 1496 t.
2516 1429 2674 1496 CLA
2710 1431 2844 1496 ΙΠ
2872 1435 3013 1515 577,
3058 1433 3120 1497 si
3168 1430 3412 1515 quidem

826 1533 915 1599 αᾱ
954 1532 1120 1598 hunc
1163 1530 1533 1615 referendus
1574 1532 1674 1596 sit.
1757 1531 1864 1596 Ex
1915 1534 2198 1619 equestri
2245 1533 2471 1597 ordine
2515 1532 2693 1598 Ptin.
2736 1554 2802 1598 n.
2847 1532 2908 1598 h.
2954 1538 3012 1611 6,
3045 1539 3184 1613 160,
3229 1556 3409 1619 prae-

828 1637 1033 1702 fectus
1063 1634 1348 1721 Aegypti
1380 1633 1619 1701 Strabo
1649 1640 1713 1712 2,
1748 1638 1907 1715 118;
1948 1641 2048 1714 17,
2079 1639 2205 1702 806
2248 1657 2417 1702 anno
2460 1636 2596 1718 fere
2628 1641 2756 1702 727
2783 1664 2868 1690 =
2897 1641 2991 1703 27
3013 1642 3412 1721 nuncupatas

829 1738 1304 1825 expeditionem
1365 1740 1650 1824 suscepit
1709 1739 1774 1802 in
1820 1737 2135 1805 Arabiam
2196 1762 2365 1826 quae
2423 1738 2790 1826 appellatur
2841 1739 3200 1805 eudaemon
3245 1760 3411 1806 anno

832 1846 1167 1909 729—730
1207 1870 1293 1895 =
1339 1846 1601 1908 25—24
1638 1841 1875 1908 Strabo
1927 1847 2027 1920 16,
2065 1847 2432 1922 780—7823
2486 1848 2586 1922 17,
2629 1845 2988 1919 819—820,
3036 1842 3209 1911 Plan.
3260 1842 3304 1908 z.
3346 1841 3409 1919 z„

830 1945 965 2012 Dio
997 1949 1098 2023 53,
1128 1950 1216 2012 29
1249 1943 1515 2025 (Zonar.
1546 1951 1648 2023 10,
1677 1949 1810 2032 32),
1857 1946 2105 2030 Ioseph.
2139 1952 2270 2013 ant.
2302 1951 2401 2025 15,
2433 1952 2492 2026 9,
2521 1951 2581 2024 3,
2623 1945 2854 2013 Galen.
2882 1945 3071 2012 XIV
3100 1949 3244 2011 189.
3286 1949 3415 2012 203

829 2049 909 2131 cf.
954 2048 1139 2113 Mon.
1170 2048 1411 2132 Ancyr.
1441 2052 1500 2126 5,
1546 2052 1646 2117 18.
1677 2086 1765 2097 -
1796 2048 2065 2115 Amicus
2110 2048 2452 2116 Strabonis
2495 2055 2561 2127 2,
2601 2053 2758 2129 118;
2799 2054 2899 2127 17,
2947 2052 3090 2115 806.
3163 2047 3415 2112 Filiam

825 2151 904 2216 L.
951 2150 1095 2218 Seii
1134 2149 1479 2218 Strabonis
1533 2151 1867 2236 adoptasse
1909 2152 2176 2231 videtur,
2237 2154 2347 2236 qui
2390 2157 2541 2237 post
2600 2152 2996 2236 adoptionem
3050 2153 3129 2216 L.
3185 2149 3411 2216 Aelius

830 2255 1105 2320 Seianus
1163 2254 1367 2320 dictus
1410 2259 1518 2320 est.
1567 2292 1644 2301 —
1692 2255 2168 2322 Medicamenta
2222 2258 2359 2322 eius
2413 2255 2641 2323 Galen.
2680 2255 2842 2321 XII
2874 2257 3018 2324 625.
3065 2256 3206 2320 738.
3256 2257 3416 2332 784,-

824 2357 1028 2423 XIII
1058 2360 1168 2423 28.
1212 2360 1320 2422 29.
1356 2361 1454 2421 77.
1500 2361 1642 2423 138.
1678 2363 1832 2425 202.
1867 2362 2011 2424 310.
2057 2364 2203 2425 472.
2248 2362 2390 2427 550.
2432 2363 2572 2425 556.
2616 2361 2759 2426 838.
2803 2356 3009 2436 8859,
3051 2354 3242 2422 XIV
3270 2359 3410 2421 114.

826 2463 1152 2527 158159.
1198 2463 1337 2524 161.
1382 2464 1710 2526 170.189.
1755 2466 1903 2529 203.
1955 2466 2092 2526 730.

702 2563 823 2628 136
868 2573 930 2629 Ρ.
975 2571 1250 2626 AELIVS
1299 2562 1772 2648 GEMEL[L]VS,
1815 2565 1920 2627 vir
1966 2561 2358 2628 clarissimus
2402 2563 2535 2629 III
2562 2568 2726 2628 1006
2766 2561 3131 2646 Apulensis.

707 2664 827 2731 137
876 2664 1189 2729 *AELIVS
1223 2673 1675 2749 GORDIANVS,
1725 2666 2042 2733 Gordiani
2073 2668 2480 2753 imperatoris
2524 2665 2695 2731 filius
2740 2665 2800 2749 (5³
2818 2664 3224 2751 imperatoris
3268 2664 3412 2748 ipsa

827 2789 931 2833 res
960 2769 1087 2832 viri
1119 2774 1413 2852 corrupte
1445 2769 1614 2847 libri,
1650 2770 2060 2855 imperatoris
2090 2791 2324 2857 parens
2355 2770 2757 2853 Mommsen),
2790 2770 2895 2834 vir
2936 2768 3207 2833 scientia
3249 2767 3410 2830 iuris

828 2872 1121 2956 insignis,
1169 2871 1305 2938 fuit·
1324 2873 1392 2936 in
1425 2871 1692 2939 consilio
1721 2871 2088 2939 Alexandri
2127 2875 2531 2960 imperatoris
2560 2874 2668 2937 vit.
2693 2872 2882 2937 Alex.
2912 2874 3011 2950 68,
3042 2874 3102 2938 1.
3162 2869 3413 2934 Auctor

825 2975 996 3040 vitae
1040 2978 1099 3039 et
1136 2976 1270 3059 ipse
1306 2975 1404 3041 vel
1445 2976 1514 3041 in
1555 2976 1806 3042 nonn’nc
1848 2973 1944 3042 vel
1986 2976 2055 3041 in
2102 2976 2350 3043 homine
2394 2996 2669 3042 errorem
2715 2973 2992 3039 admisit.

703 3078 825 3143 138
870 3086 1145 3143 AELIVS
1193 3087 1556 3161 GRACILIS,
1604 3077 1854 3163 legatus
1896 3078 2203 3163 Belgicae
2246 3102 2305 3151 a.
2336 3080 2419 3146 58
2474 3080 2621 3145 Tac.
2657 3100 2716 3147 a.
2748 3082 2845 3155 13,
2876 3081 2976 3143 53.

715 3216 804 3228 —
870 3178 946 3245 O.
992 3180 1342 3267 Pompeius
1386 3181 1734 3246 Homullus
1776 3180 2006 3249 Aelius
2052 3182 2333 3251 Gracilis
2377 3182 2728 3250 Cassianus
2771 3180 3126 3263 Longinus.

704 3283 828 3350 139
872 3280 1098 3347 Aelius
1122 3282 1518 3361 Hadrianus,
1543 3293 1815 3369 patruus
1836 3306 2112 3368 magnus
2136 3285 2457 3350 Hadriani
2481 3283 2886 3372 imperatoris
2908 3280 3317 3357 vit.Hadr.1‚
3337 3285 3407 3346 2.

702 3387 824 3453 140
868 3396 932 3450 Ρ.
992 3395 1265 3449 AELIVS
1323 3395 1763 3452 HADRIANVS
1823 3397 2115 3454 :IMR
2177 3396 2471 3453 CAESAR
2529 3395 2907 3451 TRAIANVS
2964 3391 3408 3448 HADRIANVS

824 3498 995 3557 AVG.
1105 3489 1352 3554 Titulus
1411 3491 1471 3554 ei
1513 3490 1774 3574 publice
1817 3492 2072 3574 posztus
2130 3513 2191 3558 a.
2235 3496 2364 3558 112
2422 3492 2503 3556 ab
2561 3489 3052 3555 Athemcnsibus
3114 3485 3413 3551 archonti

828 3593 961 3658 III
992 3596 1132 3658 550.
1221 3593 1297 3658 Ρ.
1344 3592 1410 3672 f„
1454 3591 1632 3658 tribu
1678 3594 1907 3678 Sergia
1954 3598 1995 3661 t.
2041 3592 2210 3658 filius
2264 3593 2512 3660 scilicet
2553 3595 2628 3660 P.
2673 3590 2844 3658 Aelii
2889 3589 3210 3657 Hadriani
3251 3586 3405 3654 Afri

825 3695 1184 3761 Italicensis
1223 3705 1287 3761 et
1330 3695 1657 3762 Domitiae
1702 3694 2016 3761 Paulinae
2060 3696 2426 3763 Gaditanae
2469 3699 2575 3764 mt.
2609 3696 2820 3763 Hadr.
2851 3701 2910 3773 1,
2938 3699 3002 3763 2.
3069 3692 3276 3757 Natus
3305 3701 3406 3755 est

825 3799 887 3865 d.
934 3800 1017 3865 24
1059 3821 1143 3866 m.
1192 3800 1328 3864 Ian.
1374 3822 1431 3867 a.
1467 3800 1546 3865 75
1592 3801 1699 3864 vit.
1731 3805 1787 3877 1,
1819 3804 1863 3864 3
1904 3798 2170 3865 Italicae
2200 3800 2487 3884 Appiam..
2521 3801 2698 3866 Iber.
2737 3802 2839 3876 38,
2880 3796 3044 3864 Gell.
3073 3800 3174 3874 16,
3204 3799 3307 3872 13,
3336 3800 3402 3872 4,

822 3902 1096 3985 Eutrop.
1132 3906 1195 3979 8,
1241 3907 1300 3979 6,
1344 3906 1384 3967 1
1428 3901 1574 3968 inde
1619 3903 1986 3987 Hierony-m.
2021 3903 2234 3968 chron.
2275 3908 2447 3969 2133
2490 3901 2677 3986 (male
2713 3902 2956 3966 Romae
2997 3899 3106 3965 vit.
3137 3903 3196 3976 1,
3224 3901 3286 3975 3,
3332 3900 3409 3961 at

822 4006 906 4089 cf.
951 4011 1017 4083 2,
1048 4010 1122 4084 1,·
1165 4010 1265 4083 19,
1296 4008 1381 4091 1).
1443 4004 1713 4070 Decimo
1758 4006 1987 4070 aetatis
2032 4027 2202 4071 anno
2233 4016 2416 4092 patre
2447 4004 2709 4070 orbatus
2743 4002 3004 4089 leium
3045 4001 3406 4067 Traianum

822 4108 1219 4194 praetorium
1259 4117 1413 4172 tunc
1457 4108 1915 4173 consobrinum
1947 4130 2134 4173 suum
2165 4110 2273 4193 (cf.
2306 4109 2376 4174 in
2391 4111 2611 4193 patre)
2644 4118 2707 4172 et
2736 4104 3029 4173 Caelium
3059 4104 3404 4170 Attianum

823 4214 1105 4298 equitem
1148 4211 1509 4276 Romanum
1557 4221 1799 4275 tutores
1840 4210 2068 4277 habuit
2097 4213 2205 4277 vit.
2238 4216 2295 4289 1,
2327 4217 2387 4277 4.
2437 4211 2703 4288 Romae,
2747 4214 2819 4274 ut
2859 4208 3125 4285 videtur,
3169 4204 3403 4271 studiis

821 4314 1184 4380 litterarum
1228 4313 1513 4380 imbutus
1546 4315 1771 4400 quinto
1804 4314 2052 4379 decimo
2096 4337 2266 4380 anno
2311 4314 2396 4380 ad
2439 4315 2715 4402 patriam
2745 4313 2956 4395 rediit,
2990 4309 3163 4375 unde
3204 4306 3401 4396 paulo

822 4429 969 4506 post
998 4441 1038 4483 a
1066 4419 1348 4483 Traiano
1379 4416 1698 4483 abductus
1728 4417 1809 4483 ad
1842 4440 1977 4484 rem
2015 4417 2341 4504 publicam
2374 4419 2648 4484 accessit
2673 4418 2781 4485 vit.
2804 4420 2864 4494 1,
2893 4421 2933 4482 5
2960 4435 3084 4498 seq.
3130 4413 3401 4479 Decem·

823 4525 928 4588 vir
970 4519 1257 4588 stlitibus
1316 4521 1681 4587 iudicandis
1727 4527 1769 4587 t.
1815 4523 1923 4587 vit.
1969 4528 2035 4600 2,
2080 4527 2139 4600 1,
2201 4523 2375 4586 sevir
2430 4531 2683 4586 turmae
2725 4542 2824 4606 eq.
2871 4520 2981 4601 R,
3034 4515 3400 4603 praefectus

820 4626 1128 4691 feriarum
1174 4624 1558 4690 Latinarum
1602 4630 1644 4693 t.
1693 4627 1868 4691 circa
1913 4648 1974 4691 a.
2019 4630 2232 4693 92Ι93.
2315 4624 2479 4691 Inde
2536 4623 2835 4690 tribunus
2890 4621 3016 4705 leg.
3071 4621 3140 4685 11
3195 4617 3399 4684 Adiu-

821 4731 998 4795 tricis
1041 4752 1102 4815 p.
1151 4728 1194 4796 f.
1240 4730 1348 4793 vit.
1380 4732 1438 4806 1,
1469 4734 1518 4796 2
1548 4734 1625 4807 t.‚·
1670 4738 1817 4815 post
1860 4728 1985 4794 hoc
2029 4730 2094 4792 in
2141 4727 2512 4793 inferiorem
2545 4727 2858 4792 Moesiam
2901 4721 3246 4790 translatus
3290 4742 3398 4785 ex·

820 4833 1039 4898 tremis
1086 4833 1210 4897 iam
1256 4831 1611 4897 Domitiani
1657 4830 2057 4918 temporibus
2097 4833 2182 4917 (a.
2216 4832 2427 4918 951‘96)
2469 4831 2578 4896 vit.
2625 4835 2692 4908 2,
2735 4834 2778 4894 3
2822 4827 3124 4894 tribunus
3165 4823 3291 4908 leg.
3338 4821 3400 4888 V

818 4934 1277 5001 Macedonicae
1308 4939 1349 5003 t.
1423 4935 1705 5001 Traiano
1736 4958 1777 5000 a
1801 4936 2024 5002 Nerva
2067 4936 2371 5021 adoptato
2402 4935 2507 5021 (m.
2537 4933 2801 5000 Octobri
2826 4954 2886 4997 a.
2919 4930 3023 5014 979
3054 4929 3136 4995 ad
3178 4938 3396 5013 gratu·

818 5039 1123 5104 lationem
1169 5040 1493 5106 exercitus
1534 5038 1617 5104 ad.
1648 5038 2003 5104 Traianum
2044 5038 2356 5124 (legatum
2401 5049 2555 5104 tunc
2584 5036 2976 5103 Germaniae
3019 5033 3396 5119 superioris)

823 5143 889 5208 in
922 5141 1340 5209 Germaniam
1371 5144 1771 5231 superiorem
1816 5143 2167 5210 translatus
2209 5154 2307 5211 est
2346 5142 2455 5207 vit.
2485 5148 2550 5219 2,
2583 5146 2624 5209 5
2667 5139 2888 5227 ibique
2931 5138 3055 5204 fuit
3099 5133 3394 5200 tribunus
