3859 5992
451 543 724 599 AELIVS
1777 539 1855 604 17
2888 554 3163 610 AELIVS

579 742 704 827 leg.
763 742 966 807 XXII
1027 743 1447 827 primigeniae
1508 767 1568 829 p.
1628 743 1671 812 f.
1729 750 1771 809 t.
1825 746 1909 827 ef.
1955 747 2062 811 vit.
2109 751 2174 824 2,
2221 752 2278 812 6.
2380 746 2700 828 Quaestor
2759 750 3164 835 imperatoris

583 846 845 914 Traiani
898 868 955 909 a.
994 847 1106 911 101
1158 846 1266 910 vit.
1310 851 1370 923 3,
1405 852 1443 911 1
1489 852 1530 911 t.
1576 858 1641 912 et
1693 869 1904 914 comes
1947 849 2376 936 expeditionis
2421 851 2705 916 Dacicae
2747 853 2854 920 vit.
2899 858 2958 930 3,
3004 859 3053 919 2
3097 859 3161 932 t„

582 952 766 1018 donis
824 947 1213 1013 militaribus
1271 949 1356 1015 ab
1417 971 1491 1014 eo
1553 949 1832 1016 donatus
1893 951 1996 1017 bis
2055 958 2097 1019 t.
2188 953 2347 1018 Post
2390 964 2806 1041 quaesturam
2865 955 2949 1020 ab
3001 958 3164 1022 actis

585 1063 844 1120 senatus
888 1053 996 1116 vit.
1041 1057 1103 1129 3,
1141 1055 1209 1130 2,
1255 1051 1556 1118 tribunus
1600 1052 1810 1140 plebis
1855 1078 1912 1123 a.
1951 1056 2072 1121 105
2115 1056 2224 1119 vit.
2253 1061 2313 1133 3,
2346 1061 2387 1121 4
2432 1062 2474 1123 t.
2551 1056 2856 1123 Secunda
2900 1059 3162 1145 expedi-

583 1160 753 1223 tione
776 1155 1022 1220 Daeiea
1045 1154 1368 1220 Traianus
1398 1177 1544 1220 eum
1576 1158 1823 1242 primae
1854 1155 2094 1241 legioni
2125 1157 2485 1223 Minerviae
2516 1162 2889 1246 praeposuit
2918 1183 3162 1227 secum·

583 1281 709 1348 que
765 1258 956 1323 duxit
998 1259 1104 1324 vit.
1148 1264 1207 1336 3,
1255 1264 1295 1325 6
1338 1288 1422 1313 =
1466 1259 1719 1343 legatus
1778 1260 1901 1343 leg.
1951 1262 1983 1326 I
2040 1261 2402 1327 Minerviae
2460 1284 2523 1348 p.
2576 1262 2620 1328 f.
2681 1268 2747 1342 t.,
2807 1263 3165 1351 eodemque

583 1375 869 1448 tempore
927 1370 1187 1447 praetor
1244 1366 1287 1427 t.
1348 1361 1563 1446 (aliter
1612 1363 1719 1427 vit.
1772 1368 1832 1440 3,
1883 1368 1926 1427 8
1987 1366 2068 1445 ef.
2131 1363 2306 1447 adn.)
2368 1386 2536 1430 aomo
2592 1371 2666 1431 ut
2720 1366 2966 1432 videtur
3021 1372 3162 1433 106.

482 1535 490 1544 ,
582 1471 815 1534 Postea
870 1464 1123 1547 legatus
1169 1464 1447 1548 Augusti
1512 1486 1608 1550 pr.
1672 1487 1768 1551 pr.
1829 1467 2206 1531 Pannoniae
2266 1466 2589 1532 inferioris
2636 1492 2692 1533 a.
2737 1470 3011 1536 107s108
3055 1473 3161 1538 vit.

579 1577 637 1649 3,
685 1576 724 1635 9
771 1574 813 1633 t.
896 1566 1001 1633 Ob
1063 1590 1162 1632 res
1224 1568 1391 1632 hene
1434 1578 1648 1652 gestas
1695 1569 2102 1634 consulatum
2147 1572 2399 1656 aceepit
2433 1573 2541 1635 vit.
2587 1576 2646 1648 3,
2688 1577 2805 1649 10,-
2849 1571 3073 1637 consul
3120 1578 3161 1638 t.

583 1674 885 1739 suffectus
935 1670 996 1734 d.
1044 1672 1126 1735 22
1186 1692 1267 1734 m.
1328 1671 1472 1738 Iun.
1525 1694 1583 1736 a.
1635 1671 1755 1737 108
1811 1672 1912 1738 VI
1943 1677 2114 1738 2016
2159 1703 2240 1726 =
2284 1673 2472 1739 XIV
2489 1679 2689 1741 2242.
2778 1673 2971 1740 Anno
3020 1678 3160 1759 112,

580 1779 692 1844 ubi
736 1774 957 1840 titulus
987 1774 1240 1857 positus
1280 1773 1545 1851 videtur,
1588 1775 1712 1839 fuit
1742 1775 1975 1840 VIIvir
2007 1774 2371 1861 epulonum,
2419 1776 2656 1841 sodalis
2686 1777 3067 1861 Augustalis
3099 1784 3160 1855 t„

581 1879 822 1945 archon
866 1876 1142 1942 Athenis
1189 1880 1230 1942 t.
1279 1876 1497 1959 Phleq.
1531 1878 1617 1958 fr.
1648 1882 1729 1942 54
1762 1877 1882 1954 M,
1929 1879 2036 1941 vit.
2075 1884 2173 1955 19,
2206 1884 2263 1953 1,
2312 1877 2446 1943 Dio
2475 1883 2575 1956 69,
2608 1884 2705 1957 16,
2737 1886 2794 1945 1.
2869 1880 3165 1947 Plotinae

582 1981 794 2048 studio
839 1979 1092 2063 legatus
1135 1978 1566 2064 expeditionis
1611 1979 1957 2045 Parthicae
2005 1990 2291 2067 tempore
2336 1982 2423 2065 (a.
2460 1987 2581 2047 114
2609 1982 2760 2064 seq.)
2808 1982 3164 2048 destinatus

582 2095 678 2151 est
720 2084 829 2148 vit.
874 2088 934 2160 4,
975 2089 1035 2147 1.
1123 2082 1411 2165 Legatus
1458 2081 1690 2167 Syriae
1735 2106 1794 2147 a.
1843 2084 1965 2149 117
2010 2084 2119 2147 vit.
2158 2088 2216 2161 4,
2252 2089 2306 2161 6,
2353 2082 2486 2148 Dio
2514 2088 2613 2161 68,
2643 2089 2744 2163 33,
2777 2091 2850 2163 1,·
2893 2091 2992 2163 69,
3026 2092 3084 2163 1,
3116 2092 3165 2154 2

582 2188 639 2253 V
684 2186 773 2252 id.
817 2185 988 2269 Aug.
1035 2183 1282 2249 litteras
1327 2183 1692 2271 adoptionis
1738 2187 2007 2272 aceepit,
2061 2185 2320 2271 quando
2366 2196 2432 2251 et
2474 2185 2752 2252 natalem
2797 2187 3164 2274 adoptionis

581 2290 893 2357 celebrari
931 2289 1152 2369 iussit3
1184 2289 1445 2352 tertium
1476 2287 1701 2353 iduum
1733 2289 2084 2354 earundem
2118 2295 2221 2369 (-—-
2256 2289 2313 2356 d.
2338 2295 2418 2355 11
2449 2312 2527 2358 m.
2553 2290 2772 2373 Any),
2808 2291 3067 2378 quando
3101 2302 3167 2356 et

580 2393 859 2460 natalem
898 2392 1154 2476 imperii
1201 2392 1428 2455 statuit
1464 2389 1961 2468 celebrandum,
2023 2414 2325 2457 excessus
2384 2395 2441 2457 ei
2507 2394 2772 2458 Traiani
2832 2397 3166 2460 nuntiatus

582 2506 679 2562 est
719 2496 826 2561 vit.
871 2500 930 2571 4,
981 2500 1036 2558 7.
1110 2492 1543 2579 Adoptionem
1592 2516 1632 2558 a
1676 2494 1938 2559 Plotina
1975 2495 2190 2560 fictam
2235 2493 2419 2560 multi
2467 2506 2781 2581 putarunt
2821 2497 2931 2563 vit.
2970 2503 3029 2574 4,
3061 2504 3162 2575 10,

579 2599 712 2666 Dio
755 2603 856 2675 69,
885 2603 946 2675 1,
994 2596 1148 2661 Viet.
1190 2594 1369 2661 Caes.
1416 2602 1513 2673 13,
1546 2602 1667 2675 12;
1709 2602 1872 2663 recte
1915 2602 1986 2662 ut
2029 2598 2291 2675 videtur,
2338 2619 2716 2681 quamquam
2761 2598 3162 2677 Hadriana&

583 2709 655 2768 ut
694 2703 834 2767 vivo
885 2700 1172 2781 Traia-no
1214 2719 1280 2763 se
1314 2700 1699 2783 participem
1742 2702 1998 2784 imperii
2039 2702 2236 2782 fuisse
2268 2702 2610 2783 probaret,
2657 2723 2978 2767 nummum
3022 2702 3169 2767 oud-i

579 2806 766 2872 iussit
808 2803 1052 2871 Eckhel
1096 2803 1199 2869 VI
1232 2808 1355 2868 473
1397 2831 1482 2856 -·—-
1522 2802 1732 2868 Cohen
1777 2804 1868 2869 II
1899 2809 2046 2880 246,
2094 2810 2132 2869 5
2195 2806 2264 2869 in
2311 2808 2506 2887 parte
2551 2803 2820 2869 adversa
2874 2804 3166 2870 exhiben-

581 2916 702 2975 tem
759 2906 1092 2973 Hadriano
1153 2907 1434 2971 Traiano
1496 2905 1797 2990 Caesari,
1860 2909 1929 2969 in
1991 2927 2216 2972 aversa
2256 2908 2421 2993 Imp.
2469 2906 2656 2973 CaeS.
2700 2907 2855 2973 Ner.
2901 2908 3164 2975 Traian.

586 3011 826 3097 Optim.
875 3008 1044 3092 Aug.
1090 3007 1312 3074 Germ.
1360 3010 1521 3074 Dae.
1569 3010 1676 3091 (ef.
1712 3009 2069 3074 Mommsen
2113 3009 2277 3075 StR.
2309 3010 2425 3075 ΙΙὃ
2456 3015 2635 3087 1154,
2666 3010 2750 3091 5).
2821 3008 3064 3075 Consul
3099 3011 3166 3075 II

581 3140 637 3183 a.
685 3115 844 3195 118,
909 3109 1133 3177 consul
1194 3112 1297 3176 III
1356 3135 1412 3175 a.
1464 3112 1604 3178 119.
1696 3111 1997 3176 Mortuus
2056 3122 2153 3177 est
2209 3112 2382 3198 apud
2429 3113 2622 3177 Baias
2674 3111 2735 3177 d.
2787 3114 2868 3178 10
2912 3135 2996 3180 m.
3041 3111 3164 3178 Iul.

580 3242 636 3287 a.
670 3216 794 3282 138
839 3216 946 3280 vit.
992 3219 1092 3291 19,
1126 3220 1184 3291 6,
1230 3213 1362 3279 Dio
1393 3219 1494 3293 69,
1524 3220 1633 3292 23,
1664 3220 1723 3279 1.
1814 3215 2001 3280 onr
2044 3214 2244 3280 Vibia
2287 3215 2563 3298 Sabina,
2627 3215 2813 3281 liberi
2874 3214 3163 3301 adoptivi

579 3321 657 3386 L.
721 3319 1029 3385 Ceionius
1095 3316 1520 3401 Commodus,
1590 3319 1701 3403 qui
1754 3326 1916 3404 post
1984 3316 2398 3403 adoptionem
2465 3319 2540 3382 L.
2610 3317 2837 3383 Aelius
2905 3316 3163 3399 Caesar,

579 3424 655 3489 T.
704 3420 1009 3488 Aurelius
1053 3418 1306 3485 Fulvus
1346 3422 1656 3486 Boionius
1695 3420 1930 3486 Arrius
1962 3419 2352 3504 Antoninus,
2402 3423 2510 3508 qui
2566 3430 2713 3507 post
2754 3419 3166 3506 adoptionem

580 3529 747 3613 ΙΙιιΡ.
793 3526 870 3591 Τ.
918 3522 1146 3589 Aelius
1192 3523 1434 3590 Caesar
1478 3525 1846 3589 Antoninus
1890 3525 2259 3589 nominatus
2307 3534 2420 3589 est.

862 3626 1181 3680 Praeturam
1209 3624 1560 3680 Hadrianum
1589 3626 1855 3680 absentem
1878 3627 2087 3692 iniisse,
2123 3642 2240 3680 eum
2272 3626 2468 3696 leyiom'
2500 3626 2706 3693 primae
2731 3630 3004 3693 praeesset
3039 3624 3167 3678 bello

728 3711 940 3767 Dacico
975 3710 1224 3775 secundo,
1262 3710 1407 3765 docet
1446 3711 1666 3779 titulu35
1710 3712 1771 3764 in
1804 3718 2069 3780 praetura
2114 3711 2343 3767 Romam
2388 3710 2615 3765 rediisse
2660 3710 3002 3779 bioyraphus,
3048 3725 3168 3763 eum

727 3800 927 3853 scribat
948 3802 1000 3864 3,
1020 3801 1056 3851 8
1082 3795 1403 3851 sestertium
1432 3795 1605 3850 vicies
1631 3796 1703 3850 ad
1738 3795 1902 3851 ludos
1941 3796 2185 3851 edendos
2212 3812 2246 3849 a
2271 3795 2523 3849 Traiano
2561 3794 2861 3864 accepisse.
2922 3793 3165 3848 Praetor

727 3883 914 3938 faetus
960 3887 1046 3937 est
1085 3882 1191 3937 sub
1227 3881 1446 3936 Surano
1480 3883 1670 3948 (immo
1706 3881 1881 3946 Sura)
1917 3886 1976 3936 et
2011 3881 2287 3937 Serviano
2325 3881 2530 3935 iterum
2567 3897 2675 3934 eos.
2713 3906 2780 3923 =
2817 3897 2868 3934 a.
2904 3885 3018 3935 102
3054 3880 3163 3935 bio-

723 3971 966 4042 yraphas
1004 3971 1036 4023 l.
1073 3969 1106 4023 l.
1143 3975 1320 4038 aperte
1352 3984 1557 4023 errans.
1633 3967 1960 4036 Gonfadisse
1996 3973 2172 4023 autem
2217 3984 2335 4023 eum
2371 3966 2613 4022 consules
2651 3984 2701 4021 a.
2739 3971 2852 4022 102
2888 3981 3004 4021 eum
3041 3982 3164 4021 con-

725 4058 935 4112 sulibus
984 4074 1035 4109 a.
1072 4059 1184 4110 107
1217 4054 1399 4122 (Sura
1432 4054 1540 4108 HI
1574 4061 1622 4109 et
1664 4054 1951 4108 Senecione
1984 4053 2087 4122 H)
2133 4069 2201 4107 ne
2239 4069 2530 4122 ponamuS,
2578 4051 2931 4107 adversantur
2975 4051 3164 4121 leyatio

724 4143 1048 4197 Pannonica
1073 4147 1120 4196 et
1143 4142 1457 4196 consulatus
1478 4146 1697 4209 propter
1717 4155 1803 4195 ree
1828 4139 1890 4193 in
1912 4139 2211 4193 Pannonia
2233 4145 2409 4208 qestas
2436 4137 2730 4192 Hadriano
2765 4155 2816 4192 a.
2843 4141 2957 4192 108
2984 4136 3163 4191 datas.

450 4250 571 4315 141
620 4259 680 4316 P.
740 4255 1015 4311 AELIVS
1074 4254 1511 4310 HADRIANVS
1569 4253 1791 4311 AFER.
1889 4243 2287 4309 Praenomen
2340 4264 2480 4307 eum
2538 4243 2710 4307 tribu
2761 4242 3032 4307 innotuit
3091 4264 3166 4306 ea:

582 4351 769 4418 titulo
799 4349 929 4435 filii
955 4349 1086 4414 III
1102 4353 1243 4425 550,
1294 4347 1517 4413 Aelius
1548 4347 1923 4412 Hadrianus
1955 4356 2381 4431 cognomento
2419 4344 2582 4411 Afer
2625 4346 2731 4412 scit.
2761 4344 2973 4412 Hadr.
3006 4349 3064 4421 1,
3096 4348 3161 4420 2,

582 4453 960 4520 Hadrianus
989 4451 1152 4517 Afer
1179 4450 1331 4528 Dio,
1369 4449 1596 4516 Aelius
1628 4450 2003 4515 Hadrianus
2035 4449 2260 4533 (Viet.)
2292 4450 2438 4531 epit.
2475 4485 2562 4494 —
2591 4446 2820 4512 Italica
2850 4446 3165 4512 oriundus

580 4559 688 4622 vit.
722 4555 956 4632 Hadru,
1001 4554 1167 4620 unde
1213 4553 1384 4619 tribu
1416 4555 1678 4638 Sergia3
1726 4553 2087 4639 praetorius
2114 4551 2248 4617 Dio
2283 4556 2383 4628 69,
2414 4558 2474 4628 3,
2509 4556 2545 4615 1
2591 4550 2854 4635 (Zonar.
2888 4556 2987 4626 11,
3018 4550 3167 4632 23),-

579 4670 891 4741 mortuus,
954 4680 1101 4722 eum
1161 4656 1334 4721 filius
1386 4655 1703 4721 decimum
1749 4678 1993 4721 annum
2037 4665 2261 4740 ageret
2306 4684 2389 4708 =
2431 4655 2610 4718 intra
2654 4652 2713 4718 d.
2756 4657 2843 4719 24
2887 4674 2967 4716 m.
3014 4653 3164 4718 Ian.

583 4785 642 4828 a.
672 4766 753 4828 85
802 4767 861 4826 et
904 4760 965 4826 d.
1011 4765 1097 4826 24
1140 4782 1222 4824 m.
1268 4760 1414 4826 Ian.
1463 4781 1521 4824 a.
1556 4763 1638 4823 86
1680 4760 1786 4825 vit.
1821 4757 2033 4823 Hadr.
2067 4763 2123 4835 1,
2164 4762 2222 4823 4.
2314 4759 2492 4824 onr
2537 4755 2825 4820 Domitia
2867 4753 3163 4836 Paulina,

580 4864 765 4930 liberi
791 4865 865 4930 P.
889 4861 1115 4929 Aelius
1144 4861 1523 4927 Hadrianus
1555 4864 1666 4947 qui
1698 4862 2061 4947 imperavit,
2096 4870 2159 4924 et
2188 4860 2479 4924 Domitia
2508 4856 2787 4923 Paulina
2813 4859 2919 4922 vit.
2947 4857 2987 4922 l.
3014 4857 3054 4924 l.
3079 4894 3165 4903 —

576 4972 717 5049 Qua
768 4965 1222 5031 necessitudine
1280 4966 1644 5030 coniunctus
1700 4965 1898 5045 fuerit
1943 4985 2082 5028 eum
2135 4963 2420 5028 Tra-iano
2464 4963 2844 5044 imperatore
2860 5012 2876 5038 ,
2927 4982 3167 5043 parum

584 5071 773 5152 liquet
800 5070 871 5134 in
900 5069 1185 5133 dissensu
1216 5073 1577 5133 auctorum:
1607 5066 2033 5132 consobrinus
2062 5067 2331 5131 Traiani
2359 5067 2468 5130 vit.
2495 5064 2707 5133 Hadr.
2730 5070 2789 5142 1,
2813 5070 2862 5131 2
2890 5064 3165 5147 (omnmo

558 5195 974 5252 Prosopon-aphia
1013 5194 1138 5248 1mp.
1167 5194 1305 5240 Rom.
1358 5193 1402 5239 1.
2722 5183 2756 5238 2
