3859 5992
567 532 1036 588 CALPVRNIVS
1856 521 1984 587 285
2803 527 3272 584 CALPVRNIVS

567 731 693 796 239
737 741 802 797 L.
851 735 1320 794 CALPVRNIVS
1368 738 1564 810 PISO,
1626 732 1888 814 praetor
1943 726 2175 792 'aerarii
2222 726 2424 812 (intra
2468 747 2529 791 a.
2572 728 2694 791 731
2736 752 2820 781 Ξ
2864 729 2953 793 23
2995 746 3056 795 a.
3097 727 3170 794 G.
3215 735 3278 794 et

572 884 581 892 .
692 838 773 898 44
804 856 877 917 p.
920 831 1018 917 C.)
1058 853 1203 896 cum
1234 828 1322 898 M.
1358 829 1603 897 Sallvio
1649 830 1897 916 collega
1938 832 2158 917 posuit
2197 831 2463 916 cippum
2509 828 2910 895 terminalem
2955 829 3058 896 VI
3089 835 3274 898 1265.

565 938 692 1002 240
734 946 802 1001 L.
849 944 1314 1000 CALPVRNIVS
1360 942 1545 1017 PISO,
1607 935 1684 1001 L.
1731 934 1809 1016 f.,
1859 933 2119 1017 publice
2167 933 2517 999 honoratus
2573 936 2617 997 t.
2658 931 2877 999 Attico
2934 932 3006 997 in
3062 933 3277 999 ea'dem

695 1039 839 1105 basi
894 1059 1033 1104 cum
1089 1037 1179 1101 M.
1226 1038 1476 1102 Licinio
1521 1036 1725 1121 Frugi
1780 1037 1872 1101 M.
1919 1037 1965 1101 f.
2010 1035 2167 1102 CIA
2214 1036 2347 1101 III
2378 1041 2556 1100 607..
2630 1034 2912 1101 Tilulum
2953 1037 3277 1119 pertinere

696 1142 784 1207 acl
823 1141 1141 1207 saeculum
1173 1142 1460 1224 primum
1505 1145 1562 1205 et
1612 1140 1700 1205 ad
1742 1144 1881 1205 eam
1922 1139 2172 1223 quidem
2216 1144 2503 1216 aetatm,
2555 1138 2673 1204 ubi
2713 1138 2928 1204 clm-ae
2969 1137 3278 1203 Pisonum

690 1242 1173 1310 et‘Liemioo-um
1202 1243 1495 1326 familiae
1527 1243 1862 1326 adfinitate
1893 1244 2262 1308 coniunctae
2289 1241 2567 1324 fuerunt,
2611 1242 2897 1324 exposuit
2923 1240 3278 1306 Mommsen

694 1344 960 1430 Ephem.
1008 1369 1100 1430 φ.
1147 1352 1185 1410 1
1233 1366 1307 1429 p.
1353 1351 1472 1411 143
1513 1366 1643 1428 sqq.
1727 1344 1830 1409 De
1883 1344 2245 1409 hominibus
2299 1348 2339 1408 t.
2386 1344 2594 1408 Attici
2640 1363 2768 1408 non
2809 1345 2970 1408 satis
3012 1345 3274 1408 constat.

699 1450 1053 1515 Mommsen
1083 1450 1421 1533 proposuit
1464 1447 1906 1531 intelleyendos
1952 1467 2081 1512 esse
2127 1451 2241 1511 aut
2270 1448 2346 1512 L.
2383 1446 2671 1511 Pisonem
2715 1445 3026 1511 consulem
3063 1467 3124 1509 a.
3160 1449 3276 1509 739

585 1600 593 1607 .
696 1557 756 1617 et
799 1552 897 1619 M.
941 1551 1246 1617 Crassum
1288 1550 1501 1634 qui
1543 1549 1858 1615 consulem
1903 1570 1963 1613 a.
2009 1553 2099 1615 27
2128 1569 2200 1631 p.
2244 1546 2315 1613 0.
2363 1553 2478 1613 aut
2519 1549 2595 1611 L.
2627 1547 2924 1613 Pisonem
2968 1547 3280 1612 consulem

697 1677 754 1719 α.
785 1659 874 1721 57
912 1660 972 1720 et
1000 1655 1102 1720 M.
1143 1652 1447 1719 Crassum
1491 1649 1805 1718 consulem
1850 1674 1909 1717 a.
1941 1656 2040 1717 64.
2113 1652 2290 1732 Quas
2329 1652 2719 1715 coniecturas
2758 1654 2829 1714 ut
2869 1651 2942 1715 in
2982 1672 3053 1715 re
3095 1649 3279 1715 hodie

690 1778 935 1839 parum
963 1757 1217 1840 eoqnita
1248 1761 1434 1838 atque
1461 1755 1709 1820 ineerta
1736 1776 1934 1837 neque
1960 1753 2250 1836 refellere
2278 1774 2471 1835 neque
2503 1754 2791 1835 probare
2820 1753 2891 1816 in
2925 1753 3137 1816 auimo
3167 1756 3276 1819 est.

568 1861 687 1925 241
738 1870 806 1923 L.
841 1868 1308 1923 CALPVRNIVS
1341 1867 1503 1922 PISO
1535 1858 1613 1923 L.
1649 1857 1695 1923 f.
1734 1867 1800 1922 et
1830 1858 1902 1924 L.
1936 1855 2201 1923 Cassius
2234 1856 2307 1921 C.
2353 1855 2396 1923 f.
2435 1855 2769 1939 Longinus
2798 1856 2992 1920 IIviri
3023 1855 3278 1937 (Polae)

618 2012 623 2017 .
696 1972 1054 2047 posuerunt
1097 1966 1138 2029 t.
1176 1961 1503 2027 Pelen-sem
1547 1960 1724 2026 1⁷54.
1794 1960 1908 2025 Ad
1949 1959 2269 2024 saeculum
2307 1961 2362 2023 Ἰ
2396 1958 2615 2024 titulus
2644 1959 2970 2042 pertinere
3011 1958 3275 2022 videtur.

571 2067 697 2131 242
741 2075 807 2131 L.
858 2073 1329 2129 CALPVRNIVS
1374 2072 1559 2145 P180,
1622 2062 1846 2127 consul
1891 2086 1953 2128 a.
2000 2063 2122 2128 175
2149 2084 2315 2127 cum
2363 2062 2435 2127 P.
2483 2059 2702 2126 Salvio
2747 2059 3020 2128 Iuliano,
3071 2099 3147 2109 —-
3194 2061 3280 2126 In

696 2167 1062 2233 consulatu:
1106 2168 1182 2234 L.
1217 2166 1612 2253 Calpurnius
1645 2167 1798 2230 Piso
1827 2165 1899 2231 X
1927 2169 2102 2242 7457,
2146 2161 2501 2230 'Bullenino
2544 2158 2870 2229 eomwnale
2899 2168 3063 2230 1885
3095 2186 3167 2247 p.
3199 2167 3281 2229 95

577 2320 581 2324 »
693 2292 758 2335 n.
789 2275 972 2348 1005,
1021 2275 1288 2335 eetemm
1334 2271 1491 2335 Piso
1525 2270 1705 2351 fasti.
1736 2304 1821 2317 --
1851 2268 2095 2334 Frater
2134 2264 2382 2333 videtur
2412 2267 2552 2401 Ser.
2586 2266 2932 2350 Calpurnii
2959 2266 3282 2350 Scipionis

650 2374 911 2457 Orfiti,
959 2375 1031 2438 in
1073 2395 1194 2455 quo
1235 2373 1395 2438 vule.
1953 2422 1958 2425 Α

568 2477 694 2540 243
739 2482 1304 2543 L.OALPVRN1-VS
1334 2484 1523 2540 PISO
1537 2474 1746 2540 neseio
1775 2476 1916 2557 quis
1959 2478 2346 2539 memoratur
2387 2475 2531 2541 int.
2561 2473 2934 2539 libertorum
2979 2471 3081 2537 VI
3095 2475 3276 2537 5458.

695 2582 861 2644 6001
908 2576 1014 2661 (ef.
1059 2578 1270 2661 6000),
1315 2580 1481 2643 servi
1523 2580 1709 2643 9246.

570 2682 695 2745 244
740 2691 804 2747 1..
848 2690 1316 2745 cAnpvnmvs
1362 2680 1594 2764 P[Iso],
1643 2680 1719 2744 L.
1768 2681 1810 2747 f.
1857 2679 1927 2743 in
1972 2684 2015 2743 t.
2059 2672 2282 2743 mutaelo
2331 2678 2668 2745 Taeburtmo
2707 2677 2894 2742 XIV
2910 2678 3149 2743 359112
3187 2678 3283 2743 in-

700 2788 908 2850 certae
952 2785 1202 2861 aetatis,
1247 2804 1386 2848 eum
1427 2804 1508 2848 ne
1553 2782 1628 2848 de
1675 2783 2037 2865 eoymomine
2082 2781 2328 2865 quidem
2372 2785 2621 2847 constet.

571 2887 695 2951 245
739 2897 818 2951 Μ.
843 2886 1366 2968 (CALPVRNIVS)
1398 2894 1578 2969 PISO,
1616 2884 1735 2951 Cn.
1761 2883 2100 2970 Calpurnii
2133 2885 2387 2949 Pisonis
2418 2894 2483 2948 et
2512 2883 2898 2966 (Munatiae)
2931 2884 3283 2949 Plancinae

697 2989 905 3072 filius,
968 2988 1249 3072 legatus,
1298 2998 1373 3053 ut
1414 2988 1701 3068 videtur,
1753 2988 1955 3072 patris
2001 2988 2066 3051 in
2113 2986 2310 3073 Syria
2362 2987 2508 3051 Tac.
2558 3008 2619 3051 a.
2663 2992 2729 3063 2,
2775 2991 2876 3052 57.
2926 2991 3021 3052 76.
3071 2991 3183 3065 78,·
3242 3010 3282 3051 a

602 3106 609 3115 ·
699 3102 881 3178 patre
914 3094 1184 3157 Romam
1214 3093 1605 3177 praemissus
1637 3090 1807 3155 datis
1838 3089 2178 3172 mandatis,
2225 3113 2342 3176 per
2377 3110 2545 3175 quae
2575 3090 2934 3175 principem
2978 3086 3275 3172 molliret,

699 3205 763 3259 et
823 3195 1090 3259 comiter
1132 3217 1172 3258 a
1214 3192 1479 3258 Tiberio
1544 3188 1854 3278 exceptus
1914 3201 2014 3256 est
2065 3190 2193 3256 ibcl.
2240 3198 2302 3268 3,
2349 3196 2428 3269 8;
2485 3201 2671 3277 pater
2729 3189 3153 3255 moribundus
3214 3192 3280 3254 in

698 3294 1012 3361 codicillis
1057 3296 1331 3362 salutem
1378 3297 1516 3360 eius
1560 3319 1601 3360 a
1643 3295 1907 3361 Tiberio
1954 3295 2212 3378 rogavit
2256 3318 2312 3361 a.
2360 3296 2443 3359 20
2488 3295 2572 3361 ib.
2621 3299 2681 3371 3,
2729 3300 2809 3359 16
2819 3313 2839 3371 ,·
2898 3295 3282 3359 sententiam

703 3401 769 3462 in
815 3409 1043 3464 senatu
1088 3410 1313 3464 contra
1358 3422 1507 3463 eum
1552 3399 1791 3463 dictam
1838 3397 2142 3463 Tiberius
2187 3398 2542 3480 mitigavit,
2604 3397 2693 3462 M.
2741 3397 3044 3461 Pisonem
3105 3397 3281 3479 igno-

697 3503 937 3567 miniae
982 3504 1224 3567 exemit
1267 3503 1722 3587 concessitque*
1759 3502 1814 3564 ei
1865 3509 2134 3585 paterna
2174 3499 2348 3564 bona
2391 3499 2521 3564 ibd.
2549 3503 2609 3576 3,
2642 3504 2739 3566 17.
2773 3504 2870 3563 18.

570 3606 695 3670 246
740 3615 802 3672 C.
865 3614 1331 3669 CALPVRNIVS
1392 3614 1555 3669 PISO
1619 3613 1941 3669 CRASSVS
2003 3612 2229 3666 FRVGI
2291 3610 2745 3666 LICINIANVS.
2844 3601 3092 3666 Titulus
3149 3603 3283 3665 eius

695 3709 982 3772 urbanus
1012 3706 1408 3792 (sepulcralis
1435 3712 1509 3771 ut
1533 3702 1803 3789 videtur)
1828 3705 2180 3770 Bullettino
2210 3705 2351 3770 dell’
2368 3705 2671 3769 Instituta
2702 3708 2864 3769 1885
2882 3725 2954 3786 p.
2973 3710 3085 3770 22.
3119 3703 3282 3768 Fuit

699 3832 775 3875 eo:
783 3811 1065 3893 posteris
1089 3810 1186 3878 M.
1214 3808 1458 3875 [sicinii
1486 3810 1715 3875 Crassi
1734 3809 1947 3891 Fruyi
1968 3806 2240 3873 consules·
2264 3828 2324 3871 a.
2347 3813 2518 3890 2712.
2546 3806 2638 3884 C„
2666 3803 2994 3871 artissima
3019 3808 3279 3870 necessi-

700 3913 913 3978 tudine
948 3914 1314 3978 eom'tmctus
1349 3934 1490 3977 eum
1528 3912 1598 3978 G.
1641 3910 1996 3994 Calpmmio
2036 3910 2269 3976 Crasso
2299 3909 2514 3993 Fruyi
2540 3910 2882 3974 Liciniano
2928 3911 3006 3990 es.
3038 3929 3099 3972 n.
3130 3914 3279 3974 206.

570 4017 696 4081 247
744 4026 805 4079 G.
851 4025 1316 4079 CALPVRNIVS
1380 4025 1539 4080 PISO
1600 4024 1859 4096 FRVGI,
1923 4013 2001 4078 L.
2055 4012 2227 4077 filius
2280 4012 2538 4095 publice
2581 4013 2928 4077 honoratus
2980 4017 3019 4079 t.
3065 4011 3282 4076 Attico

700 4117 855 4183 GIA
885 4119 1018 4183 III
1041 4124 1179 4183 601.
1213 4123 1343 4184 602
1386 4120 1455 4182 in
1500 4117 1715 4182 eadem
1761 4117 1920 4193 basi,
1967 4116 2083 4180 ubi
2124 4115 2474 4181 honoratur
2517 4115 2635 4180 Cn.
2670 4113 3063 4199 Calpurnius
3109 4113 3281 4181 Piso.

698 4221 904 4287 Illum
959 4221 1166 4304 filium
1223 4222 1421 4302 fuisse
1471 4223 1775 4285 minorem
1820 4221 1896 4283 L.
1942 4219 2204 4284 Pisonis
2237 4218 2566 4301 pontificis
2612 4215 2756 4296 (cos,
2806 4239 2865 4281 a.
2910 4215 3073 4300 739),
3119 4215 3284 4280 hunc

697 4324 903 4408 filium
943 4326 1248 4388 maiorem
1281 4324 1396 4393 Gn.
1428 4322 1683 4388 Pisonis
1714 4343 1835 4389 eos,
1869 4345 1931 4387 a.
1967 4327 2091 4386 747
2117 4322 2544 4385 demonstrare
2572 4318 2814 4385 studuit
2841 4318 3287 4402 Dittenberyer

700 4426 788 4491 acl
816 4431 858 4491 t.
904 4426 998 4489 At
1028 4415 1165 4490 elom
1192 4427 1427 4491 notitia
1454 4447 1645 4508 quam
1673 4425 1918 4507 quidem
1947 4425 2131 4489 hodie
2159 4424 2460 4488 habemus
2486 4422 2797 4487 Pisonum
2826 4421 3068 4486 saeculi
3080 4416 3289 4503 prime?

699 4529 1036 4595 admodum
1070 4550 1304 4593 manca
1339 4534 1399 4593 et
1432 4529 1661 4593 mutila
1686 4529 1788 4604 sit,
1836 4528 2210 4592 coniecturis
2240 4525 2546 4591 eiusmodi
2566 4546 2810 4608 parum
2826 4528 3037 4606 potest
3065 4524 3283 4590 tribui.

572 4634 697 4698 248
744 4642 859 4698 CN.
909 4641 1374 4696 CALPVRNIVS
1418 4641 1580 4695 PISO
1627 4640 1872 4712 FRVGI,
1922 4629 2149 4694 consul
2189 4629 2493 4693 suffectus
2524 4651 2580 4691 a.
2616 4628 2731 4692 731
2769 4657 2855 4680 :z
2885 4628 2967 4691 23
3000 4649 3056 4691 a.
3092 4625 3164 4691 C.
3197 4662 3283 4671 —

702 4736 787 4800 In
846 4721 1208 4799 consulam:
1264 4733 1407 4817 [Cn.
1464 4733 1880 4819 CalpurnJius
1942 4731 2062 4797 Cn.
2124 4732 2166 4796 f.
2232 4730 2349 4797 Cn.
2398 4753 2460 4797 n.
2509 4730 2659 4794 Piso
2705 4730 2867 4811 fasti
2905 4724 3278 4811 Capitolini,

699 4838 823 4903 Cn:
869 4836 1265 4922 Calpurnius
1318 4836 1469 4901 Piso
1515 4835 1645 4901 Dio
1690 4836 1879 4900 index
1925 4834 1966 4898 l.
2011 4838 2127 4912 53;
2188 4833 2580 4919 Calpurnius
2643 4833 2793 4897 Piso
2839 4831 2971 4897 Dio
3013 4834 3115 4907 53,
3161 4836 3285 4907 30,-

698 4940 816 5006 Cn.
841 4938 992 5005 Piso
1025 4939 1189 5022 fasti
1212 4940 1440 5004 minor.
1466 4939 1557 5004 II
1578 4937 1731 5002 CIL
1759 4937 1811 5002 I
1815 4938 1840 4976 ²
1862 4959 1936 5019 p.
1953 4942 2054 5014 58,
2090 4935 2472 5011 Cassiodor„
2508 4940 2779 5000 ceterum
2811 4934 2960 4998 Piso
2994 4934 3172 5014 fasti.
3202 4969 3280 4979 —

584 5072 589 5076 ·
700 5043 817 5110 Cn.
864 5043 1016 5108 Piso
1077 5042 1255 5125 apud¹
1304 5042 1682 5124 scriptore&
1741 5041 1943 5122 Frugi
1985 5041 2054 5104 in
2094 5040 2368 5103 nummis
2410 5038 2538 5122 filii
2580 5036 2891 5112 Babelon,
2942 5035 3284 5100 Monnaies

664 5146 773 5211 de
819 5146 886 5210 la
928 5145 1297 5229 republique
1339 5145 1656 5210 Romame
1685 5143 1737 5208 I
1757 5165 1831 5226 p.
1862 5147 1988 5208 306
2029 5164 2091 5207 n.
2125 5148 2223 5206 37.
