3859 5992
695 549 895 605 BABA
1994 542 2122 609 223
3086 553 3408 610 BAEBIVS

1994 824 2099 944 B

744 1063 773 1125 1
823 1059 1025 1142 Baba,
1074 1059 1265 1124 homo
1310 1057 1546 1123 stultus
1590 1057 1817 1124 eodem
1861 1081 2034 1124 anno
2065 1080 2193 1146 quo
2240 1060 2589 1146 imperator
2620 1059 2934 1126 Claudius
2977 1071 3271 1127 mortuus
3316 1071 3416 1128 est

824 1163 909 1248 (a.
953 1162 1059 1246 54)
1105 1161 1350 1229 Seneca
1393 1160 1817 1245 apocolooynt.
1861 1166 1922 1240 3,
1970 1163 2149 1245 epist.
2195 1166 2293 1239 15,
2340 1167 2442 1226 10.

738 1269 779 1330 2
823 1264 1228 1349 Baburiana,
1289 1263 1683 1330 desiderium
1741 1267 1879 1329 eius
1931 1265 2130 1330 Arrio
2183 1265 2514 1330 Antonino
2574 1266 2989 1332 commendat
3030 1268 3273 1335 Fronto
3327 1268 3416 1333 ad

825 1368 1010 1432 aonio.
1054 1372 1121 1445 2,
1167 1371 1212 1431 8
1241 1389 1314 1450 p.
1346 1370 1469 1432 199
1502 1365 1589 1434 N.

738 1471 780 1534 3
823 1468 1178 1553 Bacchius,
1231 1468 1555 1553 gladiator
1600 1471 1883 1555 optimus
1927 1478 2140 1534 aetate
2184 1470 2441 1535 Horatii
2483 1469 2718 1534 Horat.
2761 1475 2884 1535 sat.
2930 1477 2989 1549 1,
3039 1477 3094 1550 7,
3139 1476 3230 1537 20
3272 1493 3412 1538 eum

820 1572 1011 1639 schol.

738 1677 777 1739 4
822 1675 1145 1741 Bacchius
1190 1672 1523 1761 (Βακχείου
1575 1674 1672 1740 vel
1714 1674 1992 1761 Βακχίου
2054 1675 2354 1754 traditur,
2421 1674 2714 1761 Εὐτυχίου
2760 1677 3023 1742 coniecit
3073 1675 3408 1766 Gataker),

824 1780 1136 1862 magister
1177 1778 1385 1843 Marci
1431 1780 1836 1864 imperatoris
1884 1778 2158 1843 Mamas
2202 1780 2284 1850 εἰς
2328 1777 2538 1844 ἑαυτόν
2571 1783 2630 1854 1,
2662 1782 2721 1845 6.

740 1881 779 1943 5
824 1878 1071 1946 Badius
1116 1880 1536 1947 Cominianus
1594 1885 1983 1945 memoratur
2039 1882 2109 1945 in
2164 1880 2438 1963 epistula
2487 1879 2756 1945 Aedinii
2796 1880 3049 1945 Iuliani
3093 1883 3415 1965 praefecti

819 1984 1156 2065 praetorio
1186 1983 1395 2066 paulo
1440 1988 1587 2048 ante
1633 2004 1694 2050 a.
1733 1987 1866 2050 ,238
1909 1983 1998 2047 ad
2038 2004 2178 2048 eum
2222 1982 2380 2048 data
2422 1988 2464 2047 t.
2510 1985 2582 2047 in
2624 1982 2757 2048 loeo
2807 1983 3134 2067 Thoriyny
3181 1990 3408 2067 repert.

821 2084 1120 2151 Beriehte
1178 2085 1291 2151 der
1347 2084 1766 2152 Sdehsisehen
1820 2084 2276 2168 Gesellschaft,
2339 2084 2721 2150 Pha-His&
2769 2085 2849 2149 K
2855 2085 2896 2150 l.
2943 2089 3113 2151 1852
3141 2108 3215 2169 p.
3255 2091 3407 2152 242.

826 2187 1322 2272 [Pro]c(urator)
1381 2198 1447 2253 et
1502 2189 1649 2253 vice
1707 2188 2023 2275 praesidis
2083 2208 2286 2272 agens
2344 2186 2629 2271 (Galliae
2671 2187 3163 2272 Lugdunensis)
3219 2189 3412 2276 paulo

824 2301 978 2356 ante
1020 2313 1077 2356 a.
1124 2291 1250 2356 238
1299 2292 1395 2356 tit.

695 2431 781 2439 —
821 2403 1087 2458 ΔΕΙΝΙᾼ
1131 2402 1430 2458 GEMJNA
1474 2403 1864 2458 BAEBIANA
1905 2393 2049 2459 vide
2090 2392 2315 2458 Afinia
2357 2394 2430 2458 in
2472 2391 2822 2460 Addendzs.

739 2498 780 2560 6
824 2496 1166 2580 [BAEBIVS
1216 2546 1405 2563 .....
1407 2495 1460 2581 ],
1512 2496 1733 2562 titulus
1776 2498 1911 2562 eius
1956 2495 2299 2579 acephalus
2344 2495 2447 2562 VI
2478 2501 2661 2573 1361,
2706 2496 2823 2560 ubi
2860 2496 3129 2560 honores
3170 2497 3415 2562 inverso

826 2599 1047 2664 ordine
1088 2604 1505 2677 recensentur,
1552 2601 1663 2682 qui
1706 2599 1798 2664 ad
1836 2620 2018 2681 quem
2060 2599 2430 2681 referendus
2468 2600 2555 2664 sit
2590 2598 2812 2663 docent
2848 2599 3113 2663 nomina
3153 2600 3413 2677 sororis,

818 2723 980 2784 quae
1025 2703 1356 2768 dedicavit.
2747 2777 2752 2781 .

949 2805 1028 2874 L.
1074 2804 1140 2885 f.,
1187 2806 1361 2870 Xvir
1405 2804 1687 2888 stlitibus
1727 2803 2112 2887 iudicandis,
2145 2812 2451 2890 quaestor
2497 2802 2802 2888 urbanus,
2850 2804 3156 2869 tribunus
3185 2802 3410 2889 plebis,

823 2918 1115 2994 praetor,
1179 2906 1528 2995 proconsul
1581 2909 1847 2972 sortitus
1904 2908 2308 2994 provinciam
2355 2907 2688 2972 Baeticam
2732 2955 2748 2972 .
2777 2956 2792 2972 .
2822 2956 2837 2971 .
2866 2955 2882 2971 .
2933 2906 2973 2990 (
2958 2905 3165 2989 phora
3210 2905 3415 2971 deesse

821 3010 1138 3094 possunt).
1174 3050 1251 3059 —
1299 3011 1535 3075 Frater
1568 3009 1905 3096 [B]aebiae
1934 3010 2011 3076 L.
2042 3009 2090 3074 f.
2120 3008 2398 3074 Fulviae
2427 3007 2740 3075 Claudiae
2771 3008 3088 3075 Paulinae
3119 3010 3415 3077 Grattiae

824 3112 1242 3179 Maximillae.

741 3217 778 3282 7
825 3216 899 3283 C.
943 3217 1228 3283 Baebius
1272 3216 1548 3283 Atticus.
1643 3215 1887 3282 Titulos
1932 3215 2227 3300 yemellos
2285 3217 2348 3281 ei
2386 3215 2550 3281 Iulii
2599 3214 2868 3281 Carmei
2910 3215 3132 3298 posuit
3189 3215 3417 3280 civitas

829 3319 1180 3385 Saevatum
1244 3326 1309 3382 et
1360 3318 1794 3383 Laiancorum
1854 3318 1914 3382 V
1948 3321 2115 3383 1838
2156 3317 2266 3402 (1).
2311 3321 2473 3383 1839
2518 3316 2634 3402 (2),
2695 3338 2961 3400 quorum
3005 3321 3049 3382 t.
3093 3323 3133 3382 1
3177 3319 3418 3402 inteyer

824 3426 933 3499 est,
980 3442 1122 3487 own
1166 3420 1430 3487 alterius
1469 3421 1754 3504 frustula
1796 3423 2133 3505 emersam.

954 3524 1027 3591 P.
1088 3523 1163 3604 f.,
1222 3523 1398 3588 tribu
1458 3522 1767 3606 Claudia3
1828 3524 2073 3607 oriyine
2135 3523 2384 3588 videtur
2440 3522 2742 3587 Iulienszs
2800 3543 2876 3587 ex
2934 3524 3107 3588 tribu
3164 3529 3226 3588 et
3282 3522 3416 3589 loco

825 3625 1175 3692 titulorum
1263 3625 1655 3712 Primopilus
1697 3625 1972 3709 legionis
2014 3626 2077 3691 V
2117 3624 2594 3708 Macedonicae,
2642 3625 3007 3711 praefectus
3051 3625 3415 3691 civitatium

822 3729 1110 3794 Moesiae
1162 3739 1226 3794 et
1265 3728 1633 3794 Treballiae
1651 3778 1666 3806 ,
1728 3728 2094 3815 praefectus
2153 3729 2517 3793 civitatium
2575 3729 2645 3791 in
2697 3726 2980 3814 Alpibus
3023 3728 3410 3811 Maritumis,

826 3832 1124 3898 tribunus
1184 3831 1464 3897 militum
1523 3831 1804 3896 cohortis
1868 3832 2033 3897 VIII
2093 3831 2472 3917 praetoriae,
2533 3829 2913 3917 primopilus
2965 3832 3220 3909 iterum,
3264 3852 3410 3917 pro·

825 3946 1087 4001 curator
1148 3934 1250 4000 Ti.
1320 3934 1553 4001 Claudi
1614 3933 1913 4000 Caesaris
1969 3933 2142 4017 Aug.
2203 3934 2578 3999 Germanici
2645 3935 2714 3997 in
2771 3933 3033 3998 Norico.
3098 3969 3178 3979 —
3240 3934 3416 3999 IIvir

825 4039 968 4103 iure
1009 4036 1293 4103 dicundo
1338 4036 1521 4122 (Iulii
1560 4035 1848 4120 Carnici)
1895 4038 1992 4101 tit.

741 4142 781 4206 8
826 4150 893 4209 L.
939 4149 1259 4206 BAEBIVS
1305 4149 1611 4224 AVITVS,
1657 4140 1735 4208 L.
1781 4139 1845 4223 f.,
1893 4139 2072 4204 tribu
2117 4138 2300 4222 Gal„
2359 4139 2725 4225 praefectus
2769 4136 3060 4221 fabrum,
3108 4136 3412 4203 tribunus

824 4243 1096 4328 legionis
1161 4244 1229 4308 X
1294 4244 1643 4325 Geminae,
1724 4252 2112 4329 procurator
2179 4243 2586 4328 imperatoris
2660 4240 2961 4307 Caesaris
3027 4241 3413 4329 Vespasiani

825 4345 1110 4431 Augusti
1155 4347 1531 4432 provinciae
1574 4345 1974 4429 Lusitaniae,
2028 4343 2320 4411 adlectus
2365 4347 2534 4410 inter
2577 4345 2935 4430 praetorios
2980 4343 3084 4409 VI
3116 4348 3297 4410 1359.

740 4450 782 4515 9
824 4449 898 4515 L.
946 4448 1231 4515 Baebius
1289 4447 1599 4514 Aurelius
1654 4449 2000 4533 Iuncinus,
2058 4449 2163 4513 vir
2223 4448 2559 4532 egregius,
2620 4447 2699 4512 L.
2745 4446 2826 4530 f.,
2888 4446 3066 4511 tribu
3126 4446 3409 4529 Galeria,

824 4561 1208 4639 procurator
1249 4549 1789 4617 bibliothecarum
1846 4551 1930 4616 ad
1982 4552 2277 4616 sestertia
2325 4553 2452 4634 Ϊῖῗζ,
2504 4559 2889 4637 procurator
2943 4548 3029 4614 ad
3086 4571 3411 4615 annonam

826 4655 1004 4722 Ostis
1061 4654 1146 4719 ad
1203 4655 1501 4719 sestertia
1542 4656 1669 4738 ffl,
1730 4655 2099 4740 praefectus
2137 4653 2590 4719 vehiculorum
2648 4653 2732 4718 ad
2783 4653 3078 4718 sestertia
3117 4654 3184 4735 ὃ,
3231 4674 3414 4739 prae-

824 4758 1033 4824 fectus
1095 4756 1543 4822 vehiculorum
1600 4757 1685 4822 ad
1746 4760 2044 4824 sestertia
2101 4761 2185 4828 ὦ
2245 4756 2353 4840 (ef.
2405 4754 2800 4838 Hirschfeld,
2859 4754 3415 4839 Untersuchwnyen

819 4883 895 4945 p.
925 4866 1048 4927 101
1093 4860 1241 4929 adn.
1272 4854 1359 4944 1),
1405 4871 1787 4947 procurator
1818 4860 1989 4944 Aug.
2032 4861 2401 4947 praefectus
2444 4860 2821 4947 provinciae
2859 4857 3217 4941 Sardiniae,
3265 4880 3414 4944 pro-

825 4976 1088 5031 curator
1130 4964 1623 5046 hereditatium3
1667 4964 2096 5029 Laurentium
2139 4963 2563 5029 Lavinatium
2598 4961 2672 5026 X
2697 4966 2861 5027 7580
2907 4966 2950 5027 t.
2992 4960 3414 5027 Omralitamus

822 5068 1011 5136 semel
1050 5088 1182 5133 non
1221 5068 1358 5133 sine
1392 5067 1636 5133 mendis
1665 5067 2034 5150 deser-{ptus
2102 5066 2213 5133 Ea:
2242 5066 2523 5151 posteris
2551 5066 2627 5130 L.
2660 5063 2902 5131 Baebii
2930 5064 3193 5130 Iuno-ini
3230 5084 3295 5131 n.
3333 5069 3416 5129 13

823 5171 1091 5238 videtur.
