3859 5992
673 528 1044 589 CLAVDIVS
1963 519 2091 588 378
3007 529 3378 590 CLAVDIVS

801 729 911 796 θον
956 732 1064 815 μὲν
1111 727 1213 796 οὖν
1259 728 1328 795 ἐκ
1368 726 1596 817 Peme
1638 730 1721 800 εἰς
1760 732 1867 816 τὴν
1911 732 2167 816 πατρίδα
2207 729 2703 816 πεπληρωμένων
2748 754 2849 817 μοι
2885 736 3005 795 τῶν
3034 731 3106 797 ἐκ
3142 736 3382 817 γενετῆς

801 832 950 899 ἑπτὰ
1006 835 1103 898 καὶ
1158 834 1471 919 τριάκοντα
1512 836 1698 914 atque
1739 831 1905 897 hunc
1948 853 2278 897 numerum
2319 836 2485 897 recte
2528 831 2838 897 traditum
2880 852 3010 898 esse
3054 833 3201 898 inde
3241 853 3385 897 con-

799 936 1117 1019 firmatur,
1161 933 1328 1017 quod
1369 933 1497 998 ibd.
1544 954 1594 1002 c.
1638 939 1679 998 1
1711 955 1783 1017 Ρ.
1816 939 1917 1012 15,
1964 954 2104 999 oum
2147 934 2222 999 de
2265 935 2453 999 rebus
2494 935 2608 1000 sub
2642 936 2929 1017 primum
2956 933 3231 999 Romam
3271 934 3387 1000 ad-

798 1041 1047 1101 ventum
1091 1035 1287 1117 factis
1330 1040 1561 1119 ageret,
1605 1037 2009 1102 memoravit:
2051 1039 2147 1102 καὶ
2190 1036 2301 1123 γὰρ
2350 1040 2422 1124 δὴ
2461 1040 2559 1103 καὶ
2591 1037 2723 1109 νέος
2753 1039 2836 1102 ὢν
2868 1037 2951 1103 ἔτι
2979 1034 3137 1103 τοῦτ’
3163 1036 3385 1124 ἔπραξα

799 1140 1075 1227 τέταρτον
1107 1138 1240 1211 ἔτος
1264 1139 1431 1225 ἄγων
1463 1142 1562 1205 καὶ
1587 1139 1951 1225 τριακοστόν.
2025 1137 2185 1205 Gum
2214 1145 2424 1205 autem
2466 1141 2536 1205 in
2564 1141 2862 1224 patriam
2904 1139 3118 1205 Roma
3154 1140 3388 1205 rediret

800 1243 918 1308 sub
961 1241 1151 1326 finem
1194 1262 1255 1306 a.
1300 1245 1421 1308 165
1462 1240 1560 1306 vel
1598 1243 1714 1307 sub
1759 1242 2016 1307 initium
2059 1264 2119 1308 a.
2167 1247 2306 1320 166,
2338 1247 2686 1326 postquam
2730 1264 2967 1308 annwm
3007 1243 3389 1308 tricesimum

799 1346 1133 1428 septimum
1170 1345 1404 1410 aetatis
1441 1342 1727 1428 esplevit,
1771 1349 1966 1410 natus
2007 1350 2099 1411 est
2142 1367 2311 1411 anno
2343 1349 2473 1412 128
2512 1345 2609 1411 vel
2651 1349 2796 1414 129.

934 1444 1225 1514 Galenus
1270 1469 1442 1512 anno
1494 1447 1616 1513 169
1659 1448 1932 1513 Romam
1978 1468 2298 1532 reversus,
2351 1470 2499 1515 cum
2546 1450 2901 1535 imperator
2937 1448 3029 1514 M.
3075 1446 3384 1514 Aurelius

803 1551 871 1615 in
914 1548 1158 1615 bellum
1189 1549 1736 1615 Marcomanicum
1769 1549 2101 1637 profectus
2133 1573 2279 1616 eum
2311 1573 2380 1616 se
2417 1552 2601 1637 sequi
2647 1552 2969 1638 cupiisset,
3014 1552 3385 1616 comitatum

804 1653 1187 1739 deprecatus
1245 1653 1482 1717 mansit
1540 1653 1607 1716 in
1668 1651 1828 1718 urbe
1883 1652 2176 1718 medicus
2236 1653 2578 1720 Commodi
2637 1652 2934 1719 Caesaris
2977 1656 3110 1740 περὶ
3151 1661 3266 1719 τῶν
3307 1655 3384 1719 ἰδ.

804 1758 952 1844 βιβλ.
993 1775 1046 1820 c.
1076 1759 1143 1832 2,
1182 1758 1312 1841 περὶ
1353 1759 1459 1820 τοῦ
1504 1760 1926 1842 προγινώσκειν
1972 1776 2025 1822 c.
2056 1760 2097 1822 9
2123 1756 2245 1822 ΧΙ
2253 1755 2315 1822 V
2318 1778 2392 1840 Ρ.
2415 1761 2555 1822 650.
2622 1756 2882 1833 Deinde
2924 1756 3171 1822 Romae
3212 1755 3389 1838 degit

802 1872 869 1924 et
923 1855 1097 1944 apud
1158 1857 1247 1925 M.
1307 1856 1650 1923 Aurelium
1707 1858 1816 1942 (cf.
1877 1861 2009 1946 περὶ
2062 1865 2167 1925 τοῦ
2215 1863 2635 1946 προγινώσκειν
2695 1880 2749 1925 c.
2792 1864 2873 1925 11
2914 1858 3107 1926 XIV
3120 1880 3196 1943 Ρ.
3239 1857 3386 1940 660)

802 1963 1354 2046 imperatoresque
1400 1958 1705 2047 deinceps
1750 1972 1815 2025 et
1857 1961 2033 2047 apud
2086 1960 2376 2026 homines
2418 1961 2671 2027 nobiles
2714 1983 2963 2027 summa
3005 1971 3072 2026 et
3114 1961 3387 2026 auctori-

803 2073 934 2127 tate
991 2073 1059 2127 et
1112 2063 1350 2146 gratia,
1381 2084 1537 2127 usus
1597 2067 1688 2128 est
1730 2067 1863 2149 περὶ
1905 2070 2026 2130 τῶν
2071 2064 2459 2132 πεπονθότων
2504 2065 2705 2132 τόπων
2750 2069 2809 2142 3,
2854 2069 2897 2130 3
2940 2064 3125 2130 VIII
3143 2085 3217 2146 Ρ.
3247 2067 3385 2128 144.

801 2166 1043 2231 Iterum
1075 2171 1285 2230 autem
1313 2166 1383 2230 in
1403 2166 1702 2249 patriam
1729 2187 1866 2231 eum
1893 2168 2108 2232 nescio
2134 2188 2255 2249 quo
2300 2172 2573 2251 tempore
2601 2172 2755 2251 post
2786 2188 2847 2231 a.
2880 2171 2999 2232 169
3029 2166 3385 2250 profectum

802 2288 932 2334 esse
976 2289 1052 2333 ex
1093 2268 1177 2332 iis
1220 2272 1491 2351 apparet
1534 2289 1692 2350 quae
1736 2266 1812 2334 de
1870 2270 2094 2334 itinere
2149 2270 2223 2333 in
2260 2270 2568 2335 Lemnum
2618 2269 2894 2335 insulam
2945 2269 3212 2351 repetito
3255 2269 3386 2351 ipse

801 2371 1170 2436 memoravit
1210 2373 1342 2456 περὶ
1385 2378 1503 2436 τῶν
1549 2373 1757 2436 ἁπλῶν
1799 2375 2135 2458 φαρμάκων
2176 2377 2304 2437 κτλ.
2336 2376 2395 2450 9,
2425 2374 2469 2435 8
2496 2371 2660 2437 XII
2680 2393 2754 2455 Ρ.
2784 2374 2935 2449 216,
2979 2371 3060 2452 cf.
3088 2369 3220 2435 ibd.
3251 2374 3308 2446 9,
3338 2374 3386 2435 2

800 2474 961 2541 XII
981 2496 1054 2558 Ρ.
1085 2478 1225 2542 171.
1296 2473 1555 2561 Scripta
1583 2475 1722 2538 eius
1760 2472 2074 2561 pleraque
2103 2476 2348 2541 Romae
2390 2495 2626 2558 magno
2672 2472 2971 2539 incendio
3016 2471 3197 2538 urbis
3241 2493 3385 2536 con-

801 2578 1162 2662 flagrarunt
1217 2579 1348 2662 περὶ
1397 2576 1739 2647 συνθέσεως
1784 2580 2121 2664 φαρμάκων
2167 2578 2320 2643 κατὰ
2363 2577 2509 2665 γένη
2552 2583 2613 2654 1,
2659 2583 2699 2643 1
2736 2576 2941 2643 XIII
2960 2598 3033 2659 Ρ.
3062 2579 3212 2652 362,
3256 2577 3385 2661 περὶ

801 2678 1119 2745 ἀντιδότων
1150 2684 1208 2756 1,
1240 2683 1322 2743 13
1347 2678 1469 2744 XI
1475 2678 1537 2745 V
1541 2701 1615 2762 Ρ.
1647 2684 1728 2744 66
1762 2684 2070 2763 reynante
2099 2677 2433 2745 commodo
2462 2679 2546 2761 ef.
2580 2678 2712 2745 Dio
2746 2684 2851 2757 72,
2880 2684 2985 2756 24,
3032 2676 3383 2744 Herodian.

801 2788 859 2856 1,
893 2786 988 2858 14,
1020 2788 1085 2864 2,
1132 2781 1366 2847 Euseb.
1399 2803 1560 2847 arm·
1590 2781 1804 2848 chron.
1837 2782 1926 2847 ad
1968 2803 2028 2848 a.
2060 2782 2224 2848 Abr.
2255 2785 2440 2848 2202
2471 2812 2552 2837 =
2580 2782 2951 2865 Hieronym.
2982 2786 3179 2847 2204.
3248 2779 3382 2846 Sub

805 2884 1146 2949 Pertinace
1192 2883 1452 2970 publice
1498 2885 1998 2950 demonstravit:
2044 2889 2175 2972 περὶ
2204 2893 2322 2952 τῶν
2350 2887 2465 2951 ὑπὸ
2498 2884 2856 2972 Περτίνακος
2885 2886 3141 2972 δημοσίᾳ
3182 2883 3387 2970 ῥηθέν-

802 3012 922 3052 των
970 2987 1245 3077 (βιβλίον)
1289 2990 1353 3054 ἕν
1395 2993 1784 3052 memoratur
1829 2988 1909 3053 ab
1955 2988 2096 3071 ipso
2138 2990 2272 3074 περὶ
2313 2994 2431 3053 τῶν
2459 2989 2534 3052 ἰδ.
2580 2989 2731 3075 βιβλ.
2777 3007 2827 3054 c.
2860 2991 2958 3063 13,
3004 2996 3080 3050 ut
3123 2987 3379 3051 omnino

809 3092 1051 3156 Romae
1096 3091 1161 3154 in
1206 3089 1445 3177 templo
1479 3090 1667 3154 Pacis
1696 3090 2276 3167 demonstrationes
2308 3088 2603 3177 publicas
2640 3089 2950 3155 exhibere
2981 3086 3229 3152 solebat
3253 3092 3381 3176 περὶ

803 3201 922 3259 τῶν
965 3194 1038 3258 ἰδ.
1085 3195 1231 3281 βιβλ.
1266 3213 1318 3257 c.
1348 3198 1415 3259 2.
1481 3193 1862 3280 Imperatori
1911 3193 2281 3279 (Septimio)
2327 3192 2572 3259 Severo
2617 3191 2981 3257 antidotum
3026 3193 3383 3277 composuit

804 3299 936 3383 περὶ
974 3296 1289 3362 ἀντιδότων
1318 3302 1375 3372 1,
1409 3300 1490 3361 13
1516 3294 1707 3361 XIV
1716 3317 1790 3378 Ρ.
1823 3300 1919 3360 65.
1997 3295 2428 3382 Septuaginta
2469 3317 2673 3360 annos
2716 3306 2906 3360 natus
2952 3303 3243 3358 mortuus
3286 3302 3381 3358 est

802 3398 1038 3465 &idas
1068 3397 1107 3465 l.
1142 3397 1204 3476 l„
1248 3419 1415 3463 anno
1444 3400 1579 3481 fere
1608 3402 1733 3463 198
1759 3397 1855 3463 vel
1884 3403 2029 3476 199,
2060 3398 2244 3463 modo
2280 3403 2619 3463 accuratus
2653 3400 2738 3462 sit
2777 3416 3075 3463 numerus
3104 3418 3147 3460 α
3176 3395 3380 3462 Sucida

804 3500 1099 3569 traditu-3.
1181 3500 1389 3567 Πολλὰ
1432 3506 1809 3590 συντεταχώς
1845 3504 2077 3590 ἰατρικά
2132 3527 2198 3568 τε
2256 3504 2353 3569 καὶ
2406 3502 2727 3589 φιλόσοφα,
2775 3501 2859 3569 ἔτι
2903 3503 2969 3567 δὲ
3007 3498 3381 3587 γραμματικοὶ

807 3607 904 3670 καὶ
949 3605 1228 3691 ῥητορικά
1256 3604 1499 3672 Sucida-s·
1536 3604 1575 3670 l.
1608 3605 1685 3684 l.,·
1725 3604 1963 3673 τοσαῦτ’
2003 3606 2309 3671 ἐκδέδωκε
2355 3609 2783 3693 συγγράμματα
2829 3604 3132 3691 φιλόσοφά
3172 3628 3238 3668 τε
3283 3605 3380 3668 καὶ

803 3707 1029 3793 ἰατρικὰ
1074 3711 1158 3779 ὡς
1191 3711 1413 3780 πάντας
1443 3711 1795 3797 ὑπερβαλεῖν
1824 3709 1961 3780 τοὺς
1988 3711 2102 3795 πρὸ
2133 3710 2333 3788 αὐτοῦ,
2364 3711 2460 3774 καὶ
2485 3708 2638 3774 κατὰ
2666 3710 2771 3795 τὴν
2802 3708 3117 3795 ἑρμηνείαν
3147 3706 3380 3775 οὐδενὸς

808 3811 892 3875 ὧν
937 3817 1054 3875 τῶν
1099 3812 1370 3897 ἀρχαίων
1416 3813 1858 3899 ἀδυνατώτερος
1899 3811 2265 3876 Athenaeus
2307 3816 2366 3889 1,
2398 3816 2437 3877 1
2458 3811 2508 3893 f,
2554 3812 2667 3894 qui
2704 3831 2845 3875 eum
2882 3808 3379 3874 interlocutorem

802 3914 1072 3975 convivii
1098 3912 1718 3996 dipnosophistamm
1746 3914 2110 3996 induxitcf.
2143 3919 2203 3991 1,
2227 3919 2315 3980 26
2331 3934 2381 3991 c,
2410 3917 2470 3990 3,
2504 3918 2621 3979 115
2637 3932 2731 3977 o-
2756 3916 2868 3978 116
2881 3933 2942 3976 α.
2996 3910 3100 3976 De
3128 3911 3383 3993 smffiis

808 4013 1047 4079 Galeni
1084 4016 1166 4098 cf.
1199 4016 1605 4082 Ackermann
1634 4015 1839 4082 Fabr.
1881 4015 1946 4081 V
1957 4038 2030 4099 Ρ.
2059 4021 2185 4081 398
2210 4037 2360 4100 sqq„
2393 4016 2444 4080 I
2444 4016 2618 4099 lbery
2645 4014 3058 4081 Rheinisches
3089 4013 3381 4078 Museum

804 4118 1106 4184 XLIIII
1125 4120 1347 4205 (1889)
1379 4143 1452 4203 Ρ.
1483 4124 1620 4187 207
1641 4140 1772 4203 sqq.
1803 4124 1862 4184 et
1889 4118 2178 4185 XLVII
2197 4119 2416 4204 (1892)
2445 4141 2516 4203 Ρ.
2546 4122 2670 4185 489
2695 4138 2821 4202 sqq.
2856 4155 2934 4163 ——
2965 4117 3383 4205 Epigramma

807 4223 874 4284 in
920 4243 1067 4285 eum
1112 4224 1429 4308 scriptum
1463 4222 1725 4288 Anthoz.
1751 4244 1851 4306 qr.
1882 4228 1981 4300 16,
2018 4226 2165 4300 270,
2210 4225 2596 4287 memoratum
2641 4225 2699 4287 et
2742 4222 2938 4305 epiyr.
2974 4226 3029 4298 7,
3059 4224 3199 4297 559,
3232 4224 3297 4287 2.

937 4325 1341 4392 Memoratur
1380 4326 1477 4392 vel
1527 4328 1767 4392 citatur
1809 4326 2043 4392 Euseb.
2089 4326 2236 4391 hist.
2282 4325 2425 4392 eccl.
2468 4329 2526 4410 5,
2563 4330 2671 4403 28,
2720 4330 2800 4390 14
2843 4324 3014 4409 (im
3055 4323 3276 4408 Rufin.
3320 4321 3379 4388 h.

808 4428 950 4494 eccl.
980 4434 1039 4506 5,
1070 4429 1220 4513 28),·
1264 4429 1533 4514 Syncell.
1555 4452 1628 4513 Ρ.
1645 4434 1764 4495 666
1793 4460 1872 4483 :2-
1908 4428 2166 4495 cedmon.
2199 4429 2250 4494 I
2268 4451 2341 4512 Ρ.
2368 4433 2510 4506 439,
2542 4434 2583 4494 4
2611 4459 2693 4482 =
2725 4428 2960 4494 Isidor.
2992 4427 3204 4494 chron.
3233 4428 3379 4502 275,

806 4532 917 4612 qui
946 4537 1288 4615 praeterea
1332 4556 1408 4598 ex
1452 4554 1525 4598 eo
1564 4534 1758 4598 verba
1802 4531 1998 4612 affert
2038 4532 2214 4616 Θήρ.
2260 4537 2367 4610 20,
2412 4538 2476 4610 2,
2522 4537 2621 4610 37,
2684 4533 2927 4598 Tzetzes
2970 4531 3112 4596 cha.
3158 4536 3217 4608 3,
3261 4534 3350 4596 32
3364 4550 3384 4608 ,·

804 4638 864 4710 7,
908 4638 1072 4712 808;
1114 4638 1218 4712 12,
1265 4641 1305 4700 5
1347 4656 1475 4719 sqq.
1563 4635 1763 4718 Apud
1817 4636 2121 4701 medicos:
2179 4635 2460 4701 ducentis
2510 4635 2764 4700 circiter
2808 4634 2960 4700 locis
3001 4639 3386 4699 memoratur

808 4738 890 4801 ab
937 4737 1232 4804 Oribaeio
1275 4740 1633 4822 compositis
1689 4739 1957 4806 oeuvres
2002 4738 2063 4804 d’
2078 4738 2345 4805 Oribaee
2394 4739 2487 4804 ed.
2532 4737 2958 4803 Bussemaker
3013 4742 3073 4803 et
3115 4736 3383 4802 Darem-

809 4841 957 4924 bery
1002 4840 1104 4907 VI
1123 4863 1195 4925 Ρ.
1231 4846 1371 4921 705,
1415 4843 1645 4927 viyinti
1678 4847 1876 4926 eptem
1917 4842 1999 4907 ab
2037 4841 2413 4907 Alexandro
2464 4840 2813 4919 Pralliano,
2862 4862 2905 4906 a
2949 4861 3069 4923 quo
3103 4839 3384 4924 plerum-

809 4965 924 5027 que
981 4946 1219 5010 citatwr
1276 4949 1309 5013 ὁ
1367 4947 1671 5018 θειότατος
1714 4946 2001 5033 Γαληνός,
2063 4946 2147 5028 cf.
2191 4945 2461 5011 indicem
2503 4944 2596 5010 ed.
2642 4943 3068 5010 Paschmama
3104 4981 3184 4990 —
3229 4942 3384 5009 Sen-

809 5048 1041 5113 tentiae
1072 5049 1490 5134 phdosophae
1529 5048 1767 5114 Galem'
1805 5054 2238 5115 memorantur
2289 5047 2586 5113 Themist.
2616 5046 2938 5131 ΡαναΡῙιν.
2984 5046 3078 5112 ed.
3121 5044 3385 5130 Spenyel

812 5173 880 5237 Ρ.
920 5155 1069 5228 270,
1101 5156 1204 5218 12.
1237 5156 1323 5218 25
1340 5171 1363 5231 ,·
1393 5154 1541 5234 315,
1571 5155 1654 5217 16
1666 5170 1688 5230 ,·
1729 5155 1877 5231 321,
1907 5155 2008 5230 16,
2053 5150 2240 5218 Alex.
2269 5149 2557 5233 Aphrod.
2586 5150 2657 5216 in
2683 5149 2890 5214 Am'st.
2930 5148 3149 5233 Topie.
3176 5170 3244 5235 Ρ.
3262 5152 3385 5214 549
