3859 5992
483 563 793 621 CASSIVS
1777 554 1904 619 313
2893 560 3194 617 CASSIVS

608 760 789 845 epist.
816 764 877 837 4,
911 764 970 837 7,
1009 758 1160 826 Tac.
1190 779 1254 825 a.
1283 764 1343 836 1,
1371 763 1481 836 32,
1527 757 1742 824 Victor
1780 757 1962 825 Gaea
1997 762 2060 836 3,
2107 757 2343 824 Zosim.
2374 762 2435 835 1,
2471 762 2532 836 6,
2576 755 2915 823 Plutarch.
2948 755 3191 825 Moral.

602 884 679 947 Ρ.
722 867 845 929 170
858 885 911 928 e.

479 967 604 1033 417
652 975 950 1032 CASSIVS
1009 972 1396 1044 CLEMENS,
1458 972 1748 1048 senator,
1808 986 1957 1030 cum
2010 963 2355 1028 Pescennii
2406 962 2593 1047 Nigri
2654 971 2870 1049 partes
2931 971 3192 1029 secutus

608 1092 759 1133 reus
817 1067 1028 1133 factus
1086 1075 1285 1151 esset,
1345 1089 1386 1131 a
1445 1066 1756 1153 Septimio
1819 1067 2068 1134 Severo
2128 1064 2464 1132 absolutus
2522 1075 2622 1131 est
2679 1065 2949 1131 dimidia
3007 1074 3192 1152 parte

610 1171 930 1236 bonorum
975 1192 1284 1234 concessa
1325 1169 1459 1235 Dio
1491 1175 1589 1248 74,
1621 1174 1662 1236 9
1706 1167 2031 1249 (Zonaras
2073 1173 2180 1248 12,
2209 1168 2299 1254 8).

482 1276 609 1341 418
655 1285 718 1343 Ρ.
766 1283 1065 1339 CASSIVS
1125 1282 1436 1338 DEXTER
1490 1277 1881 1338 memoratur
1936 1274 2008 1338 in
2061 1276 2318 1338 senatus
2375 1271 2655 1338 consulto
2710 1294 2772 1339 a.
2823 1275 2948 1338 138
3005 1271 3190 1337 VIII

606 1381 735 1443 270
777 1406 862 1431 =
908 1375 1094 1441 VIII
1128 1376 1199 1442 S.
1245 1379 1446 1442 11451
1490 1373 1582 1462 (1)
1627 1378 1688 1439 et
1734 1375 1801 1439 in
1840 1379 1882 1443 t.
1925 1373 2252 1441 Canusino
2292 1375 2514 1439 uxoris
2556 1373 2678 1439 IX
2709 1379 2831 1440 330
2875 1373 2991 1459 (2).

734 1478 1132 1544 Praenomen
1176 1478 1468 1543 exhibent
1511 1477 1701 1542 tituli.
1771 1477 1849 1542 L.
1892 1476 1960 1560 f.‚
2010 1476 2185 1541 tribu
2229 1475 2511 1542 Aemilia
2553 1481 2596 1541 t.
2636 1480 2695 1544 1.
2739 1513 2827 1524 —
2869 1477 3194 1558 Quaestor

605 1605 662 1648 a.
713 1582 833 1647 138
879 1585 923 1645 t.
954 1586 1027 1658 1,·
1070 1578 1436 1666 proconsul,
1482 1582 1587 1644 cui
1632 1579 1824 1645 divus
1869 1580 2029 1644 Pius
2077 1580 2409 1666 rescripsit
2436 1578 2686 1662 Diyest.
2713 1583 2815 1657 36,
2845 1584 2905 1657 1,
2936 1584 3038 1658 17,
3073 1584 3160 1645 17
3173 1600 3194 1660 ,·

603 1689 707 1763 40,
735 1687 797 1762 5,
828 1689 935 1762 30,
966 1688 1043 1763 6,·
1082 1688 1190 1762 42,
1221 1688 1282 1761 1,
1311 1688 1412 1751 31.
1479 1683 1719 1749 VIIvir
1748 1681 2116 1768 epulonum,
2152 1684 2421 1748 maritus
2450 1682 2711 1747 Anniae
2742 1682 3017 1748 Rufinae
3047 1693 3092 1751 t.
3121 1688 3187 1752 2.

475 1788 604 1853 419
650 1796 950 1852 CASSIVS
1009 1794 1141 1851 DIO
1203 1794 1702 1869 COCCEIANVS,
1769 1784 2000 1850 consul
2058 1786 2125 1850 H
2182 1807 2354 1851 anno
2415 1786 2542 1850 229
2598 1807 2742 1849 cum
2804 1786 3192 1871 imperatore

603 1889 847 1956 Severo
892 1888 1294 1956 AlexandrO.
1338 1925 1418 1937 —
1470 1888 1558 1954 In
1614 1887 1944 1953 consulatu
2000 1888 2236 1954 altero:
2295 1887 2560 1955 Cassius
2617 1888 2748 1953 Dio
2791 1886 3191 1953 Cocceianus

606 1993 947 2075 frayment.
993 1990 1193 2057 Vatic.
1223 1995 1353 2056 266
1368 2012 1428 2067 a,
1478 1989 1745 2057 Cassius
1789 1989 1916 2055 Dio
1958 1990 2093 2055 III
2114 1994 2295 2056 3511.
2339 1994 2522 2068 5587,
2566 1989 2669 2056 VI
2685 1993 2877 2066 2968,
2924 1993 3194 2055 ceterum

605 2095 737 2159 Dio
779 2095 960 2177 fasti.
989 2130 1078 2140 -—
1119 2094 1279 2159 Δίων
1324 2094 1357 2159 6
1402 2094 1664 2164 Κάσσιος
1702 2095 2094 2178 χρηματίσας,
2140 2094 2173 2159 6
2220 2095 2466 2178 ἐπίκλην
2499 2094 2776 2180 Κοκήιος,
2823 2096 2879 2158 οἱ
2924 2094 2991 2157 δὲ
3034 2093 3192 2158 Koz-

602 2195 844 2283 κηιανός
901 2195 1146 2263 Suidas
1186 2215 1237 2261 3.
1282 2216 1338 2261 v.
1383 2197 1543 2262 Δίων
1591 2218 1664 2279 Ρ.
1709 2202 1872 2261 1410
1932 2196 2029 2261 cd.
2083 2195 2471 2280 Bernhardy
2482 2215 2505 2274 ,·
2564 2196 2787 2283 βιβλίον
2848 2193 3191 2260 Κασσιανοδ

606 2302 941 2367 Κοκκιανοδ
984 2303 1023 2385 ἢ
1069 2300 1330 2365 Κοκκίου
1374 2300 1601 2371 Δίωνος
1645 2298 1922 2365 Photius
1967 2299 2116 2365 bibl.
2162 2302 2239 2364 71
2273 2321 2346 2383 Ρ.
2377 2303 2477 2377 35,
2522 2302 2793 2363 ceterum
2830 2297 3016 2380 vulyo
3061 2296 3191 2361 Dio

606 2403 784 2487 apud
809 2403 1062 2485 posteri
1063 2422 1216 2470 ore-3.

733 2506 960 2571 Patria
1002 2506 1060 2569 ei
1106 2505 1235 2570 fuit
1276 2505 1522 2570 Nicaea
1565 2503 1721 2570 urbs
1764 2503 2117 2590 Bithyniae
2159 2503 2291 2570 Dio
2339 2508 2435 2582 75,
2476 2507 2558 2570 15
2602 2502 2906 2588 (Νικαιεῦς
2950 2501 3192 2569 Suidas

603 2606 644 2673 l.
692 2606 781 2691 L),
829 2617 1016 2692 pater
1047 2606 1369 2691 (Cassius)
1401 2605 1821 2694 Apronianus
1850 2605 1987 2673 Dio
2012 2611 2113 2684 49,
2142 2611 2260 2686 36,·
2302 2612 2400 2684 69,
2434 2612 2510 2686 1,-
2555 2611 2659 2684 72,
2697 2612 2771 2686 7,·
2809 2626 2951 2671 cum
2978 2604 3192 2671 Dione

605 2708 947 2777 Cocceiano
1003 2710 1268 2788 rhetore,
1329 2711 1441 2793 qui
1494 2713 1555 2775 et
1609 2710 1744 2793 ipse
1799 2709 2121 2792 Bithynus
2183 2710 2313 2792 fuit
2327 2758 2343 2788 ,
2401 2708 2857 2775 necessitudine
2911 2707 3189 2792 quadam

598 2817 869 2896 propter
908 2814 1171 2879 nomim
1214 2813 1579 2878 coniunctus
1621 2811 1888 2889 videtur,
1935 2813 2212 2894 fortasse
2250 2833 2369 2895 per
2407 2815 2692 2878 matrem

733 2916 944 2981 Natus
990 2917 1166 2981 circa
1207 2938 1266 2981 a.
1318 2915 1456 2999 155,
1510 2937 1659 2981 cum
1703 2923 1887 3001 patre
1931 2913 2055 2979 fuit
2096 2916 2166 2978 in
2211 2912 2460 2999 Cilicia,
2524 2936 2672 2979 cum
2715 2923 2902 3000 pater
2941 2913 3003 2979 ei
3047 2936 3191 3001 pro-

603 3019 859 3083 vinciae
904 3028 1233 3105 praeesset
1274 3016 1407 3083 Dio
1454 3023 1557 3096 72,
1594 3023 1651 3086 7.
1728 3016 1921 3083 Anno
1967 3018 2088 3082 180
2133 3018 2404 3083 Romam
2448 3016 2797 3082 translatus
2841 3026 3193 3104 quaestura

607 3122 872 3188 functus
915 3121 1210 3205 videtur,
1272 3142 1422 3185 nam
1466 3119 1619 3185 inde
1661 3118 1746 3186 ab
1791 3121 1976 3184 initio
2022 3121 2209 3204 regni
2257 3119 2599 3185 Commodi
2645 3130 2904 3185 senator
2948 3122 3192 3186 Romae

604 3224 730 3291 fuit
786 3246 905 3311 per
959 3233 1165 3290 totum
1225 3225 1363 3288 eius
1425 3224 1771 3310 imperium
1827 3221 1962 3288 Dio
2007 3227 2111 3307 72,
2157 3227 2199 3288 4
2256 3224 2342 3306 cf.
2389 3227 2489 3288 16.
2536 3228 2635 3288 17.
2697 3228 2806 3289 20.
2869 3228 2976 3290 21.
3082 3221 3189 3288 Ab

604 3329 988 3415 imperatore
1045 3326 1388 3391 Pertinace
1447 3325 1555 3407 (m.
1599 3326 2084 3410 Iane-April.
2130 3347 2192 3391 a.
2236 3325 2384 3409 193)
2444 3348 2594 3391 cum
2647 3325 2791 3392 aliis
2834 3325 3190 3391 honoribus

600 3431 872 3496 affectus
933 3438 1070 3494 tum
1127 3440 1393 3516 praetor
1435 3430 1814 3513 designatus
1869 3439 1970 3493 est
2009 3427 2143 3494 Dio
2190 3434 2287 3506 73,
2332 3434 2438 3495 12.
2529 3428 2763 3496 Consul
2809 3430 2861 3495 I
2891 3427 3193 3508 suffectus

604 3553 772 3599 mmo
829 3533 1101 3609 incertO,
1163 3534 1247 3615 cf.
1293 3538 1393 3611 60,
1431 3539 1481 3600 2
1535 3536 1705 3619 ἡμεῖς
1763 3534 1817 3597 οἱ
1874 3531 2288 3612 ὑπατευκότες,
2345 3537 2444 3609 76,
2491 3537 2573 3597 16
2630 3534 2941 3598 ὑπατεύων
2993 3531 3190 3619 εὖρον.

603 3634 837 3702 Comes
883 3634 1294 3720 imperatoris
1335 3634 1652 3699 Antonini
1685 3632 2061 3719 (Caracalli)
2093 3633 2305 3699 hieme
2348 3656 2407 3702 a.
2448 3635 2726 3701 216s217
2772 3634 3190 3701 Nicomediae

606 3736 731 3803 fuit
783 3736 921 3804 Dio
978 3742 1078 3815 77,
1125 3742 1224 3802 17.
1270 3741 1387 3816 18,-
1445 3741 1545 3814 78,
1589 3740 1652 3801 8.
1748 3734 1855 3802 Ab
1923 3737 2312 3823 imperatore
2373 3736 2669 3802 Macrino
2736 3738 2822 3820 (a.
2882 3738 3189 3821 217J218)

606 3840 984 3926 Smyrnaeis
1031 3850 1098 3904 et
1141 3840 1562 3922 Pergamenis
1616 3841 2025 3925 praepositus
2071 3837 2335 3919 (scilicet
2377 3845 2638 3906 curator
2679 3841 2775 3905 vel
2818 3840 3059 3923 leyabus
3104 3840 3193 3906 ad

603 3942 1045 4027 corriyendum
1088 3946 1327 4007 statum
1371 3941 1785 4025 civitatium),·
1843 3941 2057 4006 hieme
2113 3963 2171 4009 a.
2221 3942 2498 4007 218s219
2544 3944 2846 4026 Pergami
2893 3944 3016 4008 fuit
3056 3942 3190 4010 Dio

606 4049 705 4122 79,
747 4050 805 4110 7.
891 4044 1054 4108 Inde
1113 4046 1178 4108 in
1239 4045 1618 4131 Bithyniam
1678 4045 2005 4132 profectus
2063 4047 2130 4109 in
2189 4043 2487 4110 morbum
2544 4046 2790 4129 incidit,
2848 4046 2998 4112 dein
3045 4070 3188 4133 pro-

600 4146 826 4212 consul
870 4146 1135 4212 Africae
1195 4157 1607 4235 nuncupatus
1666 4149 1805 4233 (sub
1864 4149 2123 4214 mitium
2179 4148 2437 4231 imperii
2476 4147 2862 4231 Alea-eman)
2923 4150 2989 4213 in
3040 4172 3187 4237 pro-

603 4250 886 4315 vinciam
942 4273 1012 4314 se
1069 4251 1376 4333 contulit3
1439 4251 1612 4317 unde
1669 4252 1736 4315 in
1783 4250 2038 4316 Italiam
2098 4272 2402 4316 reversus
2448 4262 2626 4317 recta
2670 4273 2876 4338 paene
2920 4255 2986 4318 in
3034 4251 3188 4318 Dal·

606 4355 872 4418 matiam
901 4353 1002 4418 cui
1034 4353 1288 4437 legatus
1317 4363 1665 4439 praeesset,
1713 4364 1941 4441 postea
1969 4355 2036 4417 in
2069 4354 2472 4419 Pannoniam
2516 4357 2915 4441 superiorem
2957 4357 3190 4420 missus

606 4456 705 4520 est
744 4453 879 4520 Dio
918 4459 1023 4534 80,
1069 4460 1109 4521 1
1154 4457 1237 4538 cf.
1280 4461 1382 4534 49,
1425 4461 1526 4522 36.
1614 4456 1723 4522 Ex
1766 4456 2110 4521 Pannonia
2166 4478 2498 4523 reversum
2549 4458 2930 4523 Alexander
2988 4459 3190 4524 altero

604 4556 942 4623 consulatu
1003 4561 1284 4642 ornavit,
1334 4581 1529 4645 quem
1574 4570 1761 4624 extra
1805 4559 2032 4626 urbem
2078 4559 2143 4624 in
2189 4559 2549 4646 Campania
2595 4562 2741 4625 iniit
2793 4560 2929 4627 Dio
2971 4564 3074 4639 80,
3114 4567 3192 4640 5,-

606 4661 832 4725 consul
874 4662 945 4726 H
988 4684 1046 4726 a.
1093 4662 1220 4727 229
1265 4684 1414 4726 cum
1456 4660 1831 4728 Alexandro
1876 4664 2056 4745 fasti.
2146 4662 2313 4730 Cum
2366 4663 2823 4728 Alexandrum
2876 4666 2941 4728 in
3000 4663 3189 4729 Cam-

605 4763 801 4847 pania
842 4763 1126 4848 adiisset,
1176 4763 1260 4830 ab
1308 4786 1382 4829 eo
1427 4764 1498 4829 in'
1542 4767 1823 4850 patriam
1867 4764 2169 4830 dimissus
2215 4769 2433 4831 statim
2478 4768 2543 4830 in
2585 4766 2965 4851 Bithyniam
3008 4769 3189 4832 navi-

602 4866 805 4948 gavit,
839 4864 951 4930 ubi
982 4866 1307 4952 reliquum
1337 4868 1509 4931 vitae
1538 4889 1608 4931 se
1637 4876 2116 4932 transactarum
2148 4889 2287 4932 esse
2317 4868 2656 4953 profitetur
2683 4872 2787 4945 80,
2819 4873 2862 4934 5
2891 4869 2974 4951 cf.
3003 4872 3104 4947 80,
3129 4876 3188 4938 1.

733 4966 874 5033 Sub
919 4968 1177 5033 initium
1218 4969 1623 5054 principatus
1657 4969 1885 5036 Severi
1931 4971 2191 5055 scripsit
2233 4967 2525 5034 libellum
2555 4973 2687 5056 περὶ
2716 4975 2836 5036 τῶν
2869 4973 3187 5057 ὀνειράτων

601 5071 700 5135 καὶ
752 5076 873 5136 τῶν
934 5074 1221 5159 σημείων,
1280 5070 1354 5138 δι’
1403 5075 1485 5137 ὧν
1529 5074 1564 5139 6
1609 5072 1876 5162 Σεβῆρος
1927 5075 2033 5158 τὴν
2078 5074 2482 5161 αὐτοκράτορα
2540 5076 2737 5160 ἀρχὴν
2782 5074 3029 5158 ἧλπισες
3074 5075 3189 5160 qui

604 5193 751 5238 cum
798 5173 1172 5259 imperatori
1215 5174 1596 5260 placuisset,
1660 5175 1907 5240 somnio
1954 5177 2236 5239 monitus
2279 5176 2360 5240 de
2405 5176 2599 5242 rebus
2645 5176 2979 5242 Commodi
3029 5199 3190 5263 opus
