<?xml version="1.0" encoding="UTF-8"?>
<!DOCTYPE html PUBLIC "-//W3C//DTD XHTML 1.0 Transitional//EN"
    "http://www.w3.org/TR/xhtml1/DTD/xhtml1-transitional.dtd">
<html xmlns="http://www.w3.org/1999/xhtml" xml:lang="en" lang="en">
 <head>
  <title>
</title>
<meta http-equiv="Content-Type" content="text/html;charset=utf-8" />
  <meta name='ocr-system' content='tesseract 3.04.00' />
  <meta name='ocr-capabilities' content='ocr_page ocr_carea ocr_par ocr_line ocrx_word'/>
</head>
<body>
  <div class='ocr_page' id='page_1' title='image "./prosopographiai01dessgoog_0213.png"; bbox 0 0 3859 5992; ppageno 0'>
   <div class='ocr_carea' id='block_1_1' title="bbox 580 537 3284 603">
    <p class='ocr_par' dir='ltr' id='par_1_1' title="bbox 580 537 3284 603">
     <span class='ocr_line' id='line_1_1' title="bbox 580 537 3284 603; baseline 0.001 -3"><span class='ocrx_word' id='word_1_1' title='bbox 580 541 957 601; x_wconf 71' lang='lat' dir='ltr'><strong>AVRELIVS</strong></span> <span class='ocrx_word' id='word_1_2' title='bbox 1882 537 2006 603; x_wconf 84' lang='lat'>195</span> <span class='ocrx_word' id='word_1_3' title='bbox 2908 546 3284 603; x_wconf 85' lang='lat' dir='ltr'>AV&#39;RELIVS</span> 
     </span>
    </p>
   </div>
   <div class='ocr_carea' id='block_1_2' title="bbox 582 642 835 650">
    <p class='ocr_par' dir='ltr' id='par_1_2' title="bbox 582 642 835 650">
     <span class='ocr_line' id='line_1_2' title="bbox 582 642 835 650; baseline 0 5342"><span class='ocrx_word' id='word_1_4' title='bbox 582 642 835 650; x_wconf 95' lang='lat' dir='ltr'> </span> 
     </span>
    </p>
   </div>
   <div class='ocr_carea' id='block_1_3' title="bbox 700 740 3296 5143">
    <p class='ocr_par' dir='ltr' id='par_1_3' title="bbox 704 740 3296 3703">
     <span class='ocr_line' id='line_1_3' title="bbox 839 740 3290 826; baseline -0.001 -17"><span class='ocrx_word' id='word_1_5' title='bbox 839 740 1242 809; x_wconf 81' lang='lat' dir='ltr'>Hemesenus</span> <span class='ocrx_word' id='word_1_6' title='bbox 1273 743 1512 810; x_wconf 78' lang='lat' dir='ltr'>Iulian.</span> <span class='ocrx_word' id='word_1_7' title='bbox 1555 742 1734 810; x_wconf 79' lang='lat' dir='ltr'>Caes,</span> <span class='ocrx_word' id='word_1_8' title='bbox 1754 765 1826 826; x_wconf 80' lang='lat' dir='ltr'>p.</span> <span class='ocrx_word' id='word_1_9' title='bbox 1857 747 1981 807; x_wconf 88' lang='lat'>313</span> <span class='ocrx_word' id='word_1_10' title='bbox 1996 743 2079 819; x_wconf 80' lang='lat' dir='ltr'><strong><em>A,</em></strong></span> <span class='ocrx_word' id='word_1_11' title='bbox 2111 743 2436 810; x_wconf 80' lang='lat' dir='ltr'>Ammian.</span> <span class='ocrx_word' id='word_1_12' title='bbox 2463 748 2568 822; x_wconf 85' lang='grc'>26,</span> <span class='ocrx_word' id='word_1_13' title='bbox 2601 750 2658 822; x_wconf 89' lang='grc'>6,</span> <span class='ocrx_word' id='word_1_14' title='bbox 2688 748 2815 824; x_wconf 86' lang='grc'><strong><em>20,·</em></strong></span> <span class='ocrx_word' id='word_1_15' title='bbox 2857 744 3158 810; x_wconf 79' lang='lat' dir='ltr'><strong>sacerdos</strong></span> <span class='ocrx_word' id='word_1_16' title='bbox 3188 742 3290 807; x_wconf 89' lang='lat' dir='ltr'>dei</span> 
     </span>
     <span class='ocr_line' id='line_1_4' title="bbox 711 844 3292 931; baseline -0.001 -19"><span class='ocrx_word' id='word_1_17' title='bbox 711 845 1051 931; x_wconf 86' lang='lat' dir='ltr'>Elagabali</span> <span class='ocrx_word' id='word_1_18' title='bbox 1083 844 1434 912; x_wconf 79' lang='lat' dir='ltr'>Herodian.</span> <span class='ocrx_word' id='word_1_19' title='bbox 1478 849 1538 921; x_wconf 88' lang='lat'>5,</span> <span class='ocrx_word' id='word_1_20' title='bbox 1568 850 1610 909; x_wconf 88' lang='grc'><em>3</em></span> <span class='ocrx_word' id='word_1_21' title='bbox 1653 845 1826 930; x_wconf 82' lang='lat' dir='ltr'>(inde</span> <span class='ocrx_word' id='word_1_22' title='bbox 1856 845 2094 928; x_wconf 78' lang='lat' dir='ltr'><strong><em>pendet</em></strong></span> <span class='ocrx_word' id='word_1_23' title='bbox 2133 847 2242 910; x_wconf 78' lang='lat' dir='ltr'>vit.</span> <span class='ocrx_word' id='word_1_24' title='bbox 2292 846 2586 911; x_wconf 81' lang='lat' dir='ltr'>Macrini</span> <span class='ocrx_word' id='word_1_25' title='bbox 2628 846 2713 930; x_wconf 89' lang='lat'>9),</span> <span class='ocrx_word' id='word_1_26' title='bbox 2759 848 2894 912; x_wconf 86' lang='lat' dir='ltr'>vita</span> <span class='ocrx_word' id='word_1_27' title='bbox 2936 854 2996 925; x_wconf 88' lang='lat'><strong><em>1,</em></strong></span> <span class='ocrx_word' id='word_1_28' title='bbox 3024 850 3084 924; x_wconf 84' lang='lat'><strong><em>5,</em></strong></span> <span class='ocrx_word' id='word_1_29' title='bbox 3129 846 3292 929; x_wconf 62' lang='grc' dir='ltr'>Ιῇή-</span> 
     </span>
     <span class='ocr_line' id='line_1_5' title="bbox 713 947 3294 1032; baseline 0 -19"><span class='ocrx_word' id='word_1_30' title='bbox 713 954 872 1013; x_wconf 84' lang='lat' dir='ltr'>tome</span> <span class='ocrx_word' id='word_1_31' title='bbox 902 953 1006 1027; x_wconf 84' lang='grc'>23,</span> <span class='ocrx_word' id='word_1_32' title='bbox 1036 954 1102 1025; x_wconf 87' lang='grc'>2,</span> <span class='ocrx_word' id='word_1_33' title='bbox 1150 948 1418 1030; x_wconf 79' lang='lat' dir='ltr'>Eutrop.</span> <span class='ocrx_word' id='word_1_34' title='bbox 1457 951 1518 1026; x_wconf 87' lang='grc'>8,</span> <span class='ocrx_word' id='word_1_35' title='bbox 1549 952 1661 1014; x_wconf 87' lang='grc'>22.</span> <span class='ocrx_word' id='word_1_36' title='bbox 1732 947 2107 1032; x_wconf 69' lang='lat' dir='ltr'>(Perperam</span> <span class='ocrx_word' id='word_1_37' title='bbox 2136 948 2390 1013; x_wconf 79' lang='lat' dir='ltr'>eundem</span> <span class='ocrx_word' id='word_1_38' title='bbox 2425 954 2744 1014; x_wconf 77' lang='lat' dir='ltr'><strong><em>auctorem</em></strong></span> <span class='ocrx_word' id='word_1_39' title='bbox 2777 950 2976 1014; x_wconf 78' lang='lat' dir='ltr'>secuti</span> <span class='ocrx_word' id='word_1_40' title='bbox 3007 949 3294 1030; x_wconf 77' lang='lat' dir='ltr'>referunt</span> 
     </span>
     <span class='ocr_line' id='line_1_6' title="bbox 710 1048 3292 1136; baseline 0 -22"><span class='ocrx_word' id='word_1_41' title='bbox 710 1053 846 1116; x_wconf 85' lang='lat' dir='ltr'>vita</span> <span class='ocrx_word' id='word_1_42' title='bbox 885 1056 952 1129; x_wconf 82' lang='lat'><strong><em>2,</em></strong></span> <span class='ocrx_word' id='word_1_43' title='bbox 996 1056 1038 1115; x_wconf 85' lang='lat'><strong><em>3</em></strong></span> <span class='ocrx_word' id='word_1_44' title='bbox 1098 1057 1157 1116; x_wconf 86' lang='lat' dir='ltr'>et</span> <span class='ocrx_word' id='word_1_45' title='bbox 1216 1049 1431 1116; x_wconf 85' lang='lat' dir='ltr'>Victor</span> <span class='ocrx_word' id='word_1_46' title='bbox 1490 1048 1667 1115; x_wconf 79' lang='lat' dir='ltr'>Caes.</span> <span class='ocrx_word' id='word_1_47' title='bbox 1711 1056 1818 1128; x_wconf 93' lang='grc'>23,</span> <span class='ocrx_word' id='word_1_48' title='bbox 1863 1056 1901 1115; x_wconf 90' lang='grc'><strong><em>1</em></strong></span> <span class='ocrx_word' id='word_1_49' title='bbox 1965 1051 2234 1116; x_wconf 88' lang='lat' dir='ltr'>Avitum</span> <span class='ocrx_word' id='word_1_50' title='bbox 2297 1062 2441 1136; x_wconf 88' lang='lat' dir='ltr'>post</span> <span class='ocrx_word' id='word_1_51' title='bbox 2498 1050 2875 1117; x_wconf 84' lang='lat' dir='ltr'>Caracallae</span> <span class='ocrx_word' id='word_1_52' title='bbox 2940 1074 3164 1116; x_wconf 87' lang='lat' dir='ltr'>necem</span> <span class='ocrx_word' id='word_1_53' title='bbox 3228 1053 3292 1115; x_wconf 90' lang='lat' dir='ltr'>in</span> 
     </span>
     <span class='ocr_line' id='line_1_7' title="bbox 711 1151 3292 1238; baseline 0 -21"><span class='ocrx_word' id='word_1_54' title='bbox 711 1152 1126 1238; x_wconf 79' lang='lat' dir='ltr'>Heliogabali</span> <span class='ocrx_word' id='word_1_55' title='bbox 1187 1151 1619 1217; x_wconf 82' lang='lat' dir='ltr'>sacerdotium</span> <span class='ocrx_word' id='word_1_56' title='bbox 1667 1161 1994 1238; x_wconf 83' lang='lat' dir='ltr'><strong>tamquam</strong></span> <span class='ocrx_word' id='word_1_57' title='bbox 2044 1151 2295 1237; x_wconf 81' lang='lat' dir='ltr'>asylum</span> <span class='ocrx_word' id='word_1_58' title='bbox 2344 1153 2759 1238; x_wconf 78' lang='lat' dir='ltr'>confugisse.)</span> <span class='ocrx_word' id='word_1_59' title='bbox 2849 1153 3111 1219; x_wconf 86' lang='lat' dir='ltr'>Annum</span> <span class='ocrx_word' id='word_1_60' title='bbox 3159 1153 3292 1219; x_wconf 87' lang='lat' dir='ltr'>fere</span> 
     </span>
     <span class='ocr_line' id='line_1_8' title="bbox 711 1254 3292 1342; baseline 0 -22"><span class='ocrx_word' id='word_1_61' title='bbox 711 1265 1016 1342; x_wconf 89' lang='lat' dir='ltr'>quartum</span> <span class='ocrx_word' id='word_1_62' title='bbox 1084 1255 1406 1320; x_wconf 89' lang='lat' dir='ltr'>decimum</span> <span class='ocrx_word' id='word_1_63' title='bbox 1471 1275 1673 1338; x_wconf 88' lang='lat' dir='ltr'>agens</span> <span class='ocrx_word' id='word_1_64' title='bbox 1735 1276 1850 1341; x_wconf 89' lang='lat' dir='ltr'>per</span> <span class='ocrx_word' id='word_1_65' title='bbox 1913 1256 2220 1340; x_wconf 85' lang='lat' dir='ltr'>Gannym</span> <span class='ocrx_word' id='word_1_66' title='bbox 2293 1254 2707 1320; x_wconf 81' lang='lat' dir='ltr'>educatorem</span> <span class='ocrx_word' id='word_1_67' title='bbox 2773 1266 2838 1321; x_wconf 87' lang='lat' dir='ltr'>et</span> <span class='ocrx_word' id='word_1_68' title='bbox 2903 1256 3292 1339; x_wconf 88' lang='lat' dir='ltr'>(Valerium)</span> 
     </span>
     <span class='ocr_line' id='line_1_9' title="bbox 712 1357 3295 1444; baseline 0 -21"><span class='ocrx_word' id='word_1_69' title='bbox 712 1357 1197 1443; x_wconf 86' lang='lat' dir='ltr'>Eutychianum</span> <span class='ocrx_word' id='word_1_70' title='bbox 1242 1359 1466 1422; x_wconf 88' lang='lat' dir='ltr'>castris</span> <span class='ocrx_word' id='word_1_71' title='bbox 1508 1358 1823 1441; x_wconf 83' lang='lat' dir='ltr'>romanis,</span> <span class='ocrx_word' id='word_1_72' title='bbox 1870 1379 2039 1443; x_wconf 84' lang='lat' dir='ltr'>quae</span> <span class='ocrx_word' id='word_1_73' title='bbox 2084 1380 2286 1444; x_wconf 86' lang='lat' dir='ltr'>prope</span> <span class='ocrx_word' id='word_1_74' title='bbox 2332 1358 2679 1422; x_wconf 88' lang='lat' dir='ltr'>Hemesam</span> <span class='ocrx_word' id='word_1_75' title='bbox 2728 1369 2944 1441; x_wconf 88' lang='lat' dir='ltr'>crant,</span> <span class='ocrx_word' id='word_1_76' title='bbox 2997 1358 3214 1424; x_wconf 92' lang='lat' dir='ltr'>illatus</span> <span class='ocrx_word' id='word_1_77' title='bbox 3255 1383 3295 1423; x_wconf 90' lang='lat' dir='ltr'>a</span> 
     </span>
     <span class='ocr_line' id='line_1_10' title="bbox 706 1459 3287 1547; baseline 0.001 -22"><span class='ocrx_word' id='word_1_78' title='bbox 706 1460 1020 1547; x_wconf 82' lang='lat' dir='ltr'>militibus</span> <span class='ocrx_word' id='word_1_79' title='bbox 1050 1461 1155 1525; x_wconf 89' lang='lat' dir='ltr'>die</span> <span class='ocrx_word' id='word_1_80' title='bbox 1189 1461 1269 1527; x_wconf 82' lang='lat'>16</span> <span class='ocrx_word' id='word_1_81' title='bbox 1298 1462 1539 1525; x_wconf 88' lang='lat' dir='ltr'>mensis</span> <span class='ocrx_word' id='word_1_82' title='bbox 1570 1460 1703 1525; x_wconf 89' lang='lat' dir='ltr'>Mai</span> <span class='ocrx_word' id='word_1_83' title='bbox 1734 1482 1795 1525; x_wconf 86' lang='lat' dir='ltr'>a.</span> <span class='ocrx_word' id='word_1_84' title='bbox 1827 1460 1954 1526; x_wconf 84' lang='lat'>218</span> <span class='ocrx_word' id='word_1_85' title='bbox 1999 1462 2350 1546; x_wconf 86' lang='lat' dir='ltr'>imperator</span> <span class='ocrx_word' id='word_1_86' title='bbox 2377 1459 2738 1546; x_wconf 85' lang='lat' dir='ltr'>appellatus</span> <span class='ocrx_word' id='word_1_87' title='bbox 2785 1473 2884 1526; x_wconf 88' lang='lat' dir='ltr'>est</span> <span class='ocrx_word' id='word_1_88' title='bbox 2910 1461 3043 1527; x_wconf 76' lang='lat' dir='ltr'>Dio</span> <span class='ocrx_word' id='word_1_89' title='bbox 3075 1465 3176 1539; x_wconf 93' lang='grc'>78,</span> <span class='ocrx_word' id='word_1_90' title='bbox 3206 1467 3287 1527; x_wconf 87' lang='lat'>31</span> 
     </span>
     <span class='ocr_line' id='line_1_11' title="bbox 712 1562 3294 1649; baseline -0 -20"><span class='ocrx_word' id='word_1_91' title='bbox 712 1565 850 1649; x_wconf 82' lang='lat' dir='ltr'>(ubi</span> <span class='ocrx_word' id='word_1_92' title='bbox 906 1564 1141 1629; x_wconf 79' lang='lat' dir='ltr'>lacuna</span> <span class='ocrx_word' id='word_1_93' title='bbox 1197 1563 1428 1629; x_wconf 83' lang='lat' dir='ltr'>codicis</span> <span class='ocrx_word' id='word_1_94' title='bbox 1483 1563 1776 1647; x_wconf 77' lang='lat' dir='ltr'>Gannyis</span> <span class='ocrx_word' id='word_1_95' title='bbox 1834 1584 2057 1628; x_wconf 80' lang='lat' dir='ltr'>nomen</span> <span class='ocrx_word' id='word_1_96' title='bbox 2100 1565 2372 1646; x_wconf 77' lang='lat' dir='ltr'>periisse</span> <span class='ocrx_word' id='word_1_97' title='bbox 2430 1563 2602 1628; x_wconf 85' lang='lat' dir='ltr'>docet</span> <span class='ocrx_word' id='word_1_98' title='bbox 2646 1562 2778 1628; x_wconf 83' lang='lat' dir='ltr'>Dio</span> <span class='ocrx_word' id='word_1_99' title='bbox 2826 1569 2921 1641; x_wconf 97' lang='lat'><strong><em>79,</em></strong></span> <span class='ocrx_word' id='word_1_100' title='bbox 2969 1570 3008 1629; x_wconf 90' lang='lat'><strong><em>6</em></strong></span> <span class='ocrx_word' id='word_1_101' title='bbox 3065 1564 3294 1630; x_wconf 87' lang='lat' dir='ltr'>collato</span> 
     </span>
     <span class='ocr_line' id='line_1_12' title="bbox 715 1665 3293 1750; baseline 0 -18"><span class='ocrx_word' id='word_1_102' title='bbox 715 1671 814 1745; x_wconf 90' lang='grc'>78,</span> <span class='ocrx_word' id='word_1_103' title='bbox 844 1667 988 1750; x_wconf 87' lang='grc'><strong><em>38);</em></strong></span> <span class='ocrx_word' id='word_1_104' title='bbox 1033 1666 1120 1731; x_wconf 88' lang='lat' dir='ltr'>ad</span> <span class='ocrx_word' id='word_1_105' title='bbox 1150 1667 1418 1732; x_wconf 81' lang='lat' dir='ltr'>Maesae</span> <span class='ocrx_word' id='word_1_106' title='bbox 1463 1665 1795 1731; x_wconf 81' lang='lat' dir='ltr'>consilium</span> <span class='ocrx_word' id='word_1_107' title='bbox 1836 1686 1942 1730; x_wconf 80' lang='lat' dir='ltr'>res</span> <span class='ocrx_word' id='word_1_108' title='bbox 1974 1666 2255 1747; x_wconf 78' lang='lat' dir='ltr'>refertur</span> <span class='ocrx_word' id='word_1_109' title='bbox 2286 1666 2462 1749; x_wconf 78' lang='lat' dir='ltr'>apud</span> <span class='ocrx_word' id='word_1_110' title='bbox 2488 1665 2841 1731; x_wconf 79' lang='lat' dir='ltr'>Herodian.</span> <span class='ocrx_word' id='word_1_111' title='bbox 2872 1670 2930 1743; x_wconf 89' lang='lat'>5,</span> <span class='ocrx_word' id='word_1_112' title='bbox 2961 1672 3021 1744; x_wconf 87' lang='lat'><strong><em>3,</em></strong></span> <span class='ocrx_word' id='word_1_113' title='bbox 3055 1673 3136 1732; x_wconf 87' lang='lat'>10</span> <span class='ocrx_word' id='word_1_114' title='bbox 3163 1688 3293 1749; x_wconf 81' lang='lat' dir='ltr'>sqq,</span> 
     </span>
     <span class='ocr_line' id='line_1_13' title="bbox 709 1766 3294 1855; baseline 0 -20"><span class='ocrx_word' id='word_1_115' title='bbox 709 1769 919 1836; x_wconf 88' lang='lat' dir='ltr'>Filius</span> <span class='ocrx_word' id='word_1_116' title='bbox 965 1769 1280 1834; x_wconf 87' lang='lat' dir='ltr'>Antonini</span> <span class='ocrx_word' id='word_1_117' title='bbox 1327 1767 1704 1851; x_wconf 87' lang='lat' dir='ltr'>(Caracalli)</span> <span class='ocrx_word' id='word_1_118' title='bbox 1753 1790 1836 1833; x_wconf 87' lang='lat' dir='ltr'>ex</span> <span class='ocrx_word' id='word_1_119' title='bbox 1895 1778 2120 1855; x_wconf 86' lang='lat' dir='ltr'>stupro</span> <span class='ocrx_word' id='word_1_120' title='bbox 2169 1766 2571 1834; x_wconf 85' lang='lat' dir='ltr'>Soaemiadis</span> <span class='ocrx_word' id='word_1_121' title='bbox 2629 1770 2887 1852; x_wconf 86' lang='lat' dir='ltr'>genitus</span> <span class='ocrx_word' id='word_1_122' title='bbox 2931 1768 3171 1836; x_wconf 90' lang='lat' dir='ltr'>dicitur</span> <span class='ocrx_word' id='word_1_123' title='bbox 3229 1782 3294 1836; x_wconf 90' lang='lat' dir='ltr'>et</span> 
     </span>
     <span class='ocr_line' id='line_1_14' title="bbox 709 1869 3291 1956; baseline -0 -19"><span class='ocrx_word' id='word_1_124' title='bbox 709 1873 800 1940; x_wconf 88' lang='lat' dir='ltr'>M.</span> <span class='ocrx_word' id='word_1_125' title='bbox 832 1871 1139 1938; x_wconf 85' lang='lat' dir='ltr'>Aurelius</span> <span class='ocrx_word' id='word_1_126' title='bbox 1169 1870 1538 1936; x_wconf 83' lang='lat' dir='ltr'>Antoninus</span> <span class='ocrx_word' id='word_1_127' title='bbox 1582 1882 1999 1956; x_wconf 88' lang='lat' dir='ltr'>nuncupatur</span> <span class='ocrx_word' id='word_1_128' title='bbox 2034 1869 2185 1948; x_wconf 86' lang='lat' dir='ltr'>Dic,</span> <span class='ocrx_word' id='word_1_129' title='bbox 2231 1869 2587 1937; x_wconf 76' lang='lat' dir='ltr'>Herodian.</span> <span class='ocrx_word' id='word_1_130' title='bbox 2634 1871 2765 1950; x_wconf 83' lang='lat' dir='ltr'>(vit.</span> <span class='ocrx_word' id='word_1_131' title='bbox 2807 1872 3118 1955; x_wconf 80' lang='lat' dir='ltr'>Macrin.)</span> <span class='ocrx_word' id='word_1_132' title='bbox 3165 1872 3204 1941; x_wconf 94' lang='lat' dir='ltr'>l.</span> <span class='ocrx_word' id='word_1_133' title='bbox 3252 1872 3291 1937; x_wconf 90' lang='lat' dir='ltr'>l.</span> 
     </span>
     <span class='ocr_line' id='line_1_15' title="bbox 711 1972 3288 2059; baseline -0.001 -17"><span class='ocrx_word' id='word_1_134' title='bbox 711 1978 791 2059; x_wconf 79' lang='lat' dir='ltr'>cf.</span> <span class='ocrx_word' id='word_1_135' title='bbox 828 1979 937 2043; x_wconf 89' lang='lat' dir='ltr'>vit.</span> <span class='ocrx_word' id='word_1_136' title='bbox 970 1975 1332 2059; x_wconf 73' lang='lat' dir='ltr'>Elayabali</span> <span class='ocrx_word' id='word_1_137' title='bbox 1357 1980 1422 2053; x_wconf 90' lang='grc'><strong><em>2,</em></strong></span> <span class='ocrx_word' id='word_1_138' title='bbox 1476 1973 1811 2040; x_wconf 79' lang='lat' dir='ltr'>Caracalli</span> <span class='ocrx_word' id='word_1_139' title='bbox 1852 1979 1912 2051; x_wconf 88' lang='lat'>9,</span> <span class='ocrx_word' id='word_1_140' title='bbox 1945 1980 2011 2050; x_wconf 90' lang='grc'><strong><em>2,</em></strong></span> <span class='ocrx_word' id='word_1_141' title='bbox 2060 1973 2273 2039; x_wconf 80' lang='lat' dir='ltr'>Victor</span> <span class='ocrx_word' id='word_1_142' title='bbox 2312 1972 2492 2038; x_wconf 62' lang='lat' dir='ltr'>Gaea.</span> <span class='ocrx_word' id='word_1_143' title='bbox 2523 1979 2628 2052; x_wconf 84' lang='lat'><strong><em>23,</em></strong></span> <span class='ocrx_word' id='word_1_144' title='bbox 2661 1979 2718 2051; x_wconf 89' lang='lat'><strong><em>1,</em></strong></span> <span class='ocrx_word' id='word_1_145' title='bbox 2765 1975 3062 2057; x_wconf 82' lang='lat' dir='ltr'>Epitome</span> <span class='ocrx_word' id='word_1_146' title='bbox 3088 1980 3194 2053; x_wconf 86' lang='grc'>23,</span> <span class='ocrx_word' id='word_1_147' title='bbox 3233 1982 3288 2053; x_wconf 93' lang='grc'>1,</span> 
     </span>
     <span class='ocr_line' id='line_1_16' title="bbox 707 2076 3290 2164; baseline -0.001 -18"><span class='ocrx_word' id='word_1_148' title='bbox 707 2079 979 2163; x_wconf 77' lang='lat' dir='ltr'>Eutrop.</span> <span class='ocrx_word' id='word_1_149' title='bbox 1013 2083 1075 2156; x_wconf 94' lang='grc'>8,</span> <span class='ocrx_word' id='word_1_150' title='bbox 1110 2084 1223 2145; x_wconf 88' lang='grc'>22.</span> <span class='ocrx_word' id='word_1_151' title='bbox 1299 2076 1407 2143; x_wconf 90' lang='lat' dir='ltr'>Ab</span> <span class='ocrx_word' id='word_1_152' title='bbox 1439 2079 1589 2142; x_wconf 81' lang='lat' dir='ltr'>avia</span> <span class='ocrx_word' id='word_1_153' title='bbox 1625 2087 1688 2142; x_wconf 88' lang='lat' dir='ltr'>et</span> <span class='ocrx_word' id='word_1_154' title='bbox 1731 2087 1940 2141; x_wconf 89' lang='lat' dir='ltr'>matre</span> <span class='ocrx_word' id='word_1_155' title='bbox 1970 2076 2227 2142; x_wconf 84' lang='lat' dir='ltr'>adiutus</span> <span class='ocrx_word' id='word_1_156' title='bbox 2261 2099 2459 2164; x_wconf 87' lang='lat' dir='ltr'>opera</span> <span class='ocrx_word' id='word_1_157' title='bbox 2485 2077 2782 2162; x_wconf 82' lang='lat' dir='ltr'>Gannyis</span> <span class='ocrx_word' id='word_1_158' title='bbox 2815 2077 3000 2142; x_wconf 92' lang='lat' dir='ltr'>ducis</span> <span class='ocrx_word' id='word_1_159' title='bbox 3031 2077 3290 2164; x_wconf 68' lang='lat' dir='ltr'>proeli0,</span> 
     </span>
     <span class='ocr_line' id='line_1_17' title="bbox 710 2178 3291 2270; baseline -0 -23"><span class='ocrx_word' id='word_1_160' title='bbox 710 2185 815 2248; x_wconf 91' lang='lat' dir='ltr'>cui</span> <span class='ocrx_word' id='word_1_161' title='bbox 863 2184 1001 2270; x_wconf 90' lang='lat' dir='ltr'>ipse</span> <span class='ocrx_word' id='word_1_162' title='bbox 1046 2181 1359 2264; x_wconf 87' lang='lat' dir='ltr'>interfuit,</span> <span class='ocrx_word' id='word_1_163' title='bbox 1409 2202 1613 2267; x_wconf 89' lang='lat' dir='ltr'>prope</span> <span class='ocrx_word' id='word_1_164' title='bbox 1655 2178 2068 2244; x_wconf 87' lang='lat' dir='ltr'>Antiochiam</span> <span class='ocrx_word' id='word_1_165' title='bbox 2114 2179 2219 2244; x_wconf 89' lang='lat' dir='ltr'>die</span> <span class='ocrx_word' id='word_1_166' title='bbox 2263 2181 2303 2245; x_wconf 88' lang='grc'><strong><em>8</em></strong></span> <span class='ocrx_word' id='word_1_167' title='bbox 2348 2182 2587 2244; x_wconf 90' lang='lat' dir='ltr'>mensis</span> <span class='ocrx_word' id='word_1_168' title='bbox 2633 2180 2802 2244; x_wconf 89' lang='lat' dir='ltr'>Iunii</span> <span class='ocrx_word' id='word_1_169' title='bbox 2848 2202 2904 2244; x_wconf 90' lang='lat' dir='ltr'>a.</span> <span class='ocrx_word' id='word_1_170' title='bbox 2958 2181 3083 2246; x_wconf 85' lang='lat'>218</span> <span class='ocrx_word' id='word_1_171' title='bbox 3125 2203 3291 2246; x_wconf 92' lang='lat' dir='ltr'>com-</span> 
     </span>
     <span class='ocr_line' id='line_1_18' title="bbox 707 2279 3291 2366; baseline 0 -16"><span class='ocrx_word' id='word_1_172' title='bbox 707 2287 905 2351; x_wconf 89' lang='lat' dir='ltr'>misso</span> <span class='ocrx_word' id='word_1_173' title='bbox 967 2284 1332 2350; x_wconf 89' lang='lat' dir='ltr'>Macrinum</span> <span class='ocrx_word' id='word_1_174' title='bbox 1390 2285 1548 2347; x_wconf 87' lang='lat' dir='ltr'>vicit</span> <span class='ocrx_word' id='word_1_175' title='bbox 1599 2281 1732 2348; x_wconf 90' lang='lat' dir='ltr'>Dio</span> <span class='ocrx_word' id='word_1_176' title='bbox 1794 2286 1891 2365; x_wconf 89' lang='grc'>78,</span> <span class='ocrx_word' id='word_1_177' title='bbox 1952 2286 2168 2347; x_wconf 87' lang='grc'><strong><em>38-39</em></strong></span> <span class='ocrx_word' id='word_1_178' title='bbox 2228 2279 2552 2363; x_wconf 75' lang='lat' dir='ltr'>(Zonaras</span> <span class='ocrx_word' id='word_1_179' title='bbox 2606 2287 2711 2360; x_wconf 91' lang='grc'><strong><em>12,</em></strong></span> <span class='ocrx_word' id='word_1_180' title='bbox 2757 2282 2881 2366; x_wconf 89' lang='grc'><strong><em>13),</em></strong></span> <span class='ocrx_word' id='word_1_181' title='bbox 2943 2283 3291 2352; x_wconf 80' lang='lat' dir='ltr'>Herodian.</span> 
     </span>
     <span class='ocr_line' id='line_1_19' title="bbox 704 2383 3290 2472; baseline -0 -18"><span class='ocrx_word' id='word_1_182' title='bbox 704 2392 765 2465; x_wconf 90' lang='lat'>5,</span> <span class='ocrx_word' id='word_1_183' title='bbox 810 2393 869 2465; x_wconf 83' lang='lat'><strong><em>4,</em></strong></span> <span class='ocrx_word' id='word_1_184' title='bbox 911 2390 952 2453; x_wconf 90' lang='lat'><strong><em>5</em></strong></span> <span class='ocrx_word' id='word_1_185' title='bbox 992 2407 1122 2470; x_wconf 78' lang='lat' dir='ltr'>sqq.</span> <span class='ocrx_word' id='word_1_186' title='bbox 1211 2386 1473 2451; x_wconf 87' lang='lat' dir='ltr'>Victum</span> <span class='ocrx_word' id='word_1_187' title='bbox 1535 2395 1601 2450; x_wconf 87' lang='lat' dir='ltr'>et</span> <span class='ocrx_word' id='word_1_188' title='bbox 1650 2383 1844 2472; x_wconf 92' lang='lat' dir='ltr'>paulo</span> <span class='ocrx_word' id='word_1_189' title='bbox 1900 2395 2048 2470; x_wconf 89' lang='lat' dir='ltr'>post</span> <span class='ocrx_word' id='word_1_190' title='bbox 2106 2394 2364 2470; x_wconf 87' lang='lat' dir='ltr'>captum</span> <span class='ocrx_word' id='word_1_191' title='bbox 2425 2384 2664 2449; x_wconf 89' lang='lat' dir='ltr'>occidit</span> <span class='ocrx_word' id='word_1_192' title='bbox 2720 2384 2851 2450; x_wconf 84' lang='lat' dir='ltr'>Dio</span> <span class='ocrx_word' id='word_1_193' title='bbox 2907 2389 3012 2464; x_wconf 87' lang='grc'>78,</span> <span class='ocrx_word' id='word_1_194' title='bbox 3056 2392 3290 2464; x_wconf 77' lang='grc'><strong><em>39-40,</em></strong></span> 
     </span>
     <span class='ocr_line' id='line_1_20' title="bbox 707 2487 3293 2569; baseline -0 -13"><span class='ocrx_word' id='word_1_195' title='bbox 707 2489 1060 2556; x_wconf 79' lang='lat' dir='ltr'>Herodian.</span> <span class='ocrx_word' id='word_1_196' title='bbox 1120 2493 1180 2567; x_wconf 88' lang='lat'>5,</span> <span class='ocrx_word' id='word_1_197' title='bbox 1236 2495 1297 2566; x_wconf 76' lang='lat'><strong><em>4,</em></strong></span> <span class='ocrx_word' id='word_1_198' title='bbox 1352 2494 1551 2555; x_wconf 88' lang='grc'><strong><em>9-12.</em></strong></span> <span class='ocrx_word' id='word_1_199' title='bbox 1649 2487 2059 2553; x_wconf 87' lang='lat' dir='ltr'>Antiochiam</span> <span class='ocrx_word' id='word_1_200' title='bbox 2131 2488 2461 2569; x_wconf 88' lang='lat' dir='ltr'>ingressus</span> <span class='ocrx_word' id='word_1_201' title='bbox 2531 2487 2778 2553; x_wconf 83' lang='lat' dir='ltr'>litteras</span> <span class='ocrx_word' id='word_1_202' title='bbox 2845 2488 2929 2553; x_wconf 91' lang='lat' dir='ltr'>ad</span> <span class='ocrx_word' id='word_1_203' title='bbox 2997 2500 3293 2555; x_wconf 87' lang='lat' dir='ltr'>senatum</span> 
     </span>
     <span class='ocr_line' id='line_1_21' title="bbox 706 2590 3294 2680; baseline 0 -22"><span class='ocrx_word' id='word_1_204' title='bbox 706 2592 1148 2680; x_wconf 90' lang='lat' dir='ltr'>populumque</span> <span class='ocrx_word' id='word_1_205' title='bbox 1221 2613 1559 2656; x_wconf 87' lang='lat' dir='ltr'>romanum</span> <span class='ocrx_word' id='word_1_206' title='bbox 1633 2590 1847 2673; x_wconf 87' lang='lat' dir='ltr'>dedit,</span> <span class='ocrx_word' id='word_1_207' title='bbox 1924 2590 2161 2676; x_wconf 90' lang='lat' dir='ltr'>quibus</span> <span class='ocrx_word' id='word_1_208' title='bbox 2233 2592 2373 2677; x_wconf 90' lang='lat' dir='ltr'>ipse</span> <span class='ocrx_word' id='word_1_209' title='bbox 2448 2593 2585 2656; x_wconf 91' lang='lat' dir='ltr'>sine</span> <span class='ocrx_word' id='word_1_210' title='bbox 2670 2602 2932 2657; x_wconf 88' lang='lat' dir='ltr'>senatus</span> <span class='ocrx_word' id='word_1_211' title='bbox 3001 2592 3294 2658; x_wconf 88' lang='lat' dir='ltr'>consulto</span> 
     </span>
     <span class='ocr_line' id='line_1_22' title="bbox 707 2693 3295 2783; baseline 0.001 -24"><span class='ocrx_word' id='word_1_212' title='bbox 707 2695 1161 2783; x_wconf 88' lang='lat' dir='ltr'>imperatorem</span> <span class='ocrx_word' id='word_1_213' title='bbox 1182 2745 1198 2778; x_wconf 90' lang='lat'><strong><em>,</em></strong></span> <span class='ocrx_word' id='word_1_214' title='bbox 1249 2694 1626 2777; x_wconf 85' lang='lat' dir='ltr'>Caesarem,</span> <span class='ocrx_word' id='word_1_215' title='bbox 1675 2693 1989 2759; x_wconf 88' lang='lat' dir='ltr'>Antonini</span> <span class='ocrx_word' id='word_1_216' title='bbox 2037 2693 2277 2777; x_wconf 87' lang='lat' dir='ltr'>filium,</span> <span class='ocrx_word' id='word_1_217' title='bbox 2328 2694 2553 2759; x_wconf 82' lang='lat' dir='ltr'>Severi</span> <span class='ocrx_word' id='word_1_218' title='bbox 2601 2704 2931 2781; x_wconf 89' lang='lat' dir='ltr'>nepotem,</span> <span class='ocrx_word' id='word_1_219' title='bbox 2996 2696 3184 2761; x_wconf 90' lang='lat' dir='ltr'>Pium</span> <span class='ocrx_word' id='word_1_220' title='bbox 3230 2707 3295 2761; x_wconf 91' lang='lat' dir='ltr'>et</span> 
     </span>
     <span class='ocr_line' id='line_1_23' title="bbox 705 2794 3296 2884; baseline -0 -21"><span class='ocrx_word' id='word_1_221' title='bbox 705 2798 990 2863; x_wconf 85' lang='lat' dir='ltr'>Felicem</span> <span class='ocrx_word' id='word_1_222' title='bbox 1050 2808 1115 2862; x_wconf 90' lang='lat' dir='ltr'>et</span> <span class='ocrx_word' id='word_1_223' title='bbox 1156 2797 1543 2881; x_wconf 87' lang='lat' dir='ltr'>Augustum,</span> <span class='ocrx_word' id='word_1_224' title='bbox 1597 2794 2048 2883; x_wconf 88' lang='lat' dir='ltr'>proconsulem</span> <span class='ocrx_word' id='word_1_225' title='bbox 2109 2807 2176 2860; x_wconf 91' lang='lat' dir='ltr'>et</span> <span class='ocrx_word' id='word_1_226' title='bbox 2234 2795 2583 2861; x_wconf 89' lang='lat' dir='ltr'>tribunicia</span> <span class='ocrx_word' id='word_1_227' title='bbox 2643 2806 2962 2884; x_wconf 86' lang='lat' dir='ltr'>potestate</span> <span class='ocrx_word' id='word_1_228' title='bbox 3014 2821 3081 2862; x_wconf 88' lang='lat' dir='ltr'>se</span> <span class='ocrx_word' id='word_1_229' title='bbox 3127 2797 3296 2862; x_wconf 83' lang='lat' dir='ltr'>dixit</span> 
     </span>
     <span class='ocr_line' id='line_1_24' title="bbox 705 2898 3294 2983; baseline -0.001 -15"><span class='ocrx_word' id='word_1_230' title='bbox 705 2900 839 2968; x_wconf 71' lang='lat' dir='ltr'>Dio</span> <span class='ocrx_word' id='word_1_231' title='bbox 900 2906 998 2978; x_wconf 89' lang='lat'><strong><em>79,</em></strong></span> <span class='ocrx_word' id='word_1_232' title='bbox 1044 2906 1108 2967; x_wconf 88' lang='grc'>2.</span> <span class='ocrx_word' id='word_1_233' title='bbox 1216 2900 1440 2965; x_wconf 79' lang='lat' dir='ltr'>Mense</span> <span class='ocrx_word' id='word_1_234' title='bbox 1495 2898 1666 2964; x_wconf 78' lang='lat' dir='ltr'>Iulio</span> <span class='ocrx_word' id='word_1_235' title='bbox 1723 2901 1978 2964; x_wconf 79' lang='lat' dir='ltr'>ineunte</span> <span class='ocrx_word' id='word_1_236' title='bbox 2034 2899 2280 2964; x_wconf 87' lang='lat' dir='ltr'>Romae</span> <span class='ocrx_word' id='word_1_237' title='bbox 2339 2901 2626 2983; x_wconf 70' lang='lat' dir='ltr'>aquitum</span> <span class='ocrx_word' id='word_1_238' title='bbox 2684 2920 2813 2965; x_wconf 83' lang='lat' dir='ltr'>esse</span> <span class='ocrx_word' id='word_1_239' title='bbox 2871 2899 3091 2965; x_wconf 80' lang='lat' dir='ltr'>docent</span> <span class='ocrx_word' id='word_1_240' title='bbox 3147 2906 3294 2966; x_wconf 88' lang='lat' dir='ltr'>acta</span> 
     </span>
     <span class='ocr_line' id='line_1_25' title="bbox 707 3002 3296 3087; baseline -0.001 -17"><span class='ocrx_word' id='word_1_241' title='bbox 707 3004 1177 3087; x_wconf 78' lang='lat' dir='ltr'>cooptationum</span> <span class='ocrx_word' id='word_1_242' title='bbox 1235 3002 1547 3067; x_wconf 78' lang='lat' dir='ltr'>sodaliwn</span> <span class='ocrx_word' id='word_1_243' title='bbox 1603 3002 2189 3066; x_wconf 72' lang='lat' dir='ltr'>Antoninianorum</span> <span class='ocrx_word' id='word_1_244' title='bbox 2262 3002 2365 3067; x_wconf 91' lang='lat' dir='ltr'>VI</span> <span class='ocrx_word' id='word_1_245' title='bbox 2406 3006 2577 3067; x_wconf 91' lang='grc'><strong><em>2001</em></strong></span> <span class='ocrx_word' id='word_1_246' title='bbox 2642 3007 2704 3068; x_wconf 87' lang='lat' dir='ltr'>ct</span> <span class='ocrx_word' id='word_1_247' title='bbox 2766 3003 3164 3069; x_wconf 81' lang='lat' dir='ltr'>sacerdotum</span> <span class='ocrx_word' id='word_1_248' title='bbox 3225 3005 3296 3068; x_wconf 75' lang='lat' dir='ltr'>in</span> 
     </span>
     <span class='ocr_line' id='line_1_26' title="bbox 709 3104 3294 3193; baseline 0 -21"><span class='ocrx_word' id='word_1_249' title='bbox 709 3106 862 3172; x_wconf 84' lang='lat' dir='ltr'>aede</span> <span class='ocrx_word' id='word_1_250' title='bbox 904 3106 1078 3171; x_wconf 82' lang='lat' dir='ltr'>Iovis</span> <span class='ocrx_word' id='word_1_251' title='bbox 1123 3104 1632 3187; x_wconf 76' lang='lat' dir='ltr'>Propuynatoris</span> <span class='ocrx_word' id='word_1_252' title='bbox 1690 3105 2191 3181; x_wconf 77' lang='lat' dir='ltr'>consistentium,</span> <span class='ocrx_word' id='word_1_253' title='bbox 2251 3105 2367 3168; x_wconf 79' lang='lat' dir='ltr'>ubi</span> <span class='ocrx_word' id='word_1_254' title='bbox 2420 3104 2656 3169; x_wconf 81' lang='lat' dir='ltr'>dicitur</span> <span class='ocrx_word' id='word_1_255' title='bbox 2703 3110 3031 3189; x_wconf 76' lang='lat' dir='ltr'>cooptatus</span> <span class='ocrx_word' id='word_1_256' title='bbox 3084 3106 3294 3193; x_wconf 87' lang='lat' dir='ltr'>pridie</span> 
     </span>
     <span class='ocr_line' id='line_1_27' title="bbox 704 3206 3294 3291; baseline -0.001 -16"><span class='ocrx_word' id='word_1_257' title='bbox 704 3208 850 3275; x_wconf 92' lang='lat' dir='ltr'>idus</span> <span class='ocrx_word' id='word_1_258' title='bbox 890 3207 1109 3291; x_wconf 86' lang='lat' dir='ltr'>Iulias,</span> <span class='ocrx_word' id='word_1_259' title='bbox 1142 3208 1351 3291; x_wconf 78' lang='lat' dir='ltr'>paulo</span> <span class='ocrx_word' id='word_1_260' title='bbox 1394 3212 1540 3272; x_wconf 72' lang='lat' dir='ltr'>ante</span> <span class='ocrx_word' id='word_1_261' title='bbox 1568 3206 1713 3272; x_wconf 82' lang='lat' dir='ltr'>idus</span> <span class='ocrx_word' id='word_1_262' title='bbox 1752 3207 2000 3273; x_wconf 80' lang='lat' dir='ltr'>easdem</span> <span class='ocrx_word' id='word_1_263' title='bbox 2036 3209 2107 3272; x_wconf 76' lang='lat' dir='ltr'>in</span> <span class='ocrx_word' id='word_1_264' title='bbox 2137 3209 2298 3272; x_wconf 84' lang='lat' dir='ltr'>actis</span> <span class='ocrx_word' id='word_1_265' title='bbox 2325 3207 2666 3272; x_wconf 77' lang='lat' dir='ltr'>Arvalium</span> <span class='ocrx_word' id='word_1_266' title='bbox 2695 3208 2779 3289; x_wconf 77' lang='lat' dir='ltr'>cf.</span> <span class='ocrx_word' id='word_1_267' title='bbox 2812 3209 3090 3286; x_wconf 72' lang='lat' dir='ltr'>Henzen,</span> <span class='ocrx_word' id='word_1_268' title='bbox 3122 3209 3294 3275; x_wconf 85' lang='lat' dir='ltr'>Acta</span> 
     </span>
     <span class='ocr_line' id='line_1_28' title="bbox 711 3309 3296 3394; baseline 0.001 -19"><span class='ocrx_word' id='word_1_269' title='bbox 711 3311 936 3379; x_wconf 84' lang='lat' dir='ltr'>Arval.</span> <span class='ocrx_word' id='word_1_270' title='bbox 977 3334 1048 3394; x_wconf 76' lang='lat' dir='ltr'>p.</span> <span class='ocrx_word' id='word_1_271' title='bbox 1090 3310 1326 3376; x_wconf 83' lang='lat' dir='ltr'><strong><em>CCVI</em></strong></span> <span class='ocrx_word' id='word_1_272' title='bbox 1375 3310 1523 3375; x_wconf 75' lang='lat' dir='ltr'>adn.</span> <span class='ocrx_word' id='word_1_273' title='bbox 1569 3314 1667 3379; x_wconf 89' lang='lat'>15.</span> <span class='ocrx_word' id='word_1_274' title='bbox 1775 3309 1943 3375; x_wconf 89' lang='lat' dir='ltr'>Cum</span> <span class='ocrx_word' id='word_1_275' title='bbox 2008 3309 2302 3375; x_wconf 90' lang='lat' dir='ltr'>consules</span> <span class='ocrx_word' id='word_1_276' title='bbox 2365 3311 2676 3376; x_wconf 90' lang='lat' dir='ltr'>ordinarii</span> <span class='ocrx_word' id='word_1_277' title='bbox 2735 3334 2789 3375; x_wconf 87' lang='lat' dir='ltr'>a.</span> <span class='ocrx_word' id='word_1_278' title='bbox 2840 3313 2966 3377; x_wconf 83' lang='grc'>218</span> <span class='ocrx_word' id='word_1_279' title='bbox 3021 3312 3296 3378; x_wconf 85' lang='lat' dir='ltr'>fuissent</span> 
     </span>
     <span class='ocr_line' id='line_1_29' title="bbox 708 3411 3291 3501; baseline -0.001 -20"><span class='ocrx_word' id='word_1_280' title='bbox 708 3413 1004 3501; x_wconf 88' lang='lat' dir='ltr'>Opellius</span> <span class='ocrx_word' id='word_1_281' title='bbox 1035 3414 1366 3478; x_wconf 87' lang='lat' dir='ltr'>Macrinus</span> <span class='ocrx_word' id='word_1_282' title='bbox 1413 3424 1477 3478; x_wconf 92' lang='lat' dir='ltr'>et</span> <span class='ocrx_word' id='word_1_283' title='bbox 1515 3411 1875 3479; x_wconf 87' lang='lat' dir='ltr'>Oclatinius</span> <span class='ocrx_word' id='word_1_284' title='bbox 1906 3413 2267 3496; x_wconf 79' lang='lat' dir='ltr'>Adventus,</span> <span class='ocrx_word' id='word_1_285' title='bbox 2317 3412 2716 3497; x_wconf 84' lang='lat' dir='ltr'>Elagabalus</span> <span class='ocrx_word' id='word_1_286' title='bbox 2748 3416 2814 3478; x_wconf 91' lang='lat' dir='ltr'>in</span> <span class='ocrx_word' id='word_1_287' title='bbox 2847 3414 3059 3480; x_wconf 90' lang='lat' dir='ltr'>locum</span> <span class='ocrx_word' id='word_1_288' title='bbox 3090 3417 3291 3479; x_wconf 90' lang='lat' dir='ltr'>nomi-</span> 
     </span>
     <span class='ocr_line' id='line_1_30' title="bbox 708 3515 3293 3602; baseline 0 -20"><span class='ocrx_word' id='word_1_289' title='bbox 708 3519 809 3582; x_wconf 89' lang='lat' dir='ltr'>nis</span> <span class='ocrx_word' id='word_1_290' title='bbox 852 3517 1133 3582; x_wconf 90' lang='lat' dir='ltr'>Macrini</span> <span class='ocrx_word' id='word_1_291' title='bbox 1176 3538 1365 3581; x_wconf 88' lang='lat' dir='ltr'>suum</span> <span class='ocrx_word' id='word_1_292' title='bbox 1412 3515 1750 3580; x_wconf 90' lang='lat' dir='ltr'>substituit</span> <span class='ocrx_word' id='word_1_293' title='bbox 1792 3515 1925 3581; x_wconf 87' lang='lat' dir='ltr'>Dio</span> <span class='ocrx_word' id='word_1_294' title='bbox 1973 3521 2073 3593; x_wconf 90' lang='lat'><strong><em>79,</em></strong></span> <span class='ocrx_word' id='word_1_295' title='bbox 2120 3521 2181 3594; x_wconf 92' lang='grc'>8,</span> <span class='ocrx_word' id='word_1_296' title='bbox 2227 3516 2423 3581; x_wconf 82' lang='lat' dir='ltr'>veluti</span> <span class='ocrx_word' id='word_1_297' title='bbox 2463 3538 2561 3601; x_wconf 89' lang='lat' dir='ltr'>pr.</span> <span class='ocrx_word' id='word_1_298' title='bbox 2604 3515 2690 3580; x_wconf 91' lang='lat' dir='ltr'>id.</span> <span class='ocrx_word' id='word_1_299' title='bbox 2738 3515 2857 3582; x_wconf 87' lang='lat' dir='ltr'>Iul.</span> <span class='ocrx_word' id='word_1_300' title='bbox 2905 3518 3293 3602; x_wconf 89' lang='lat' dir='ltr'>imperatore</span> 
     </span>
     <span class='ocr_line' id='line_1_31' title="bbox 705 3617 3289 3703; baseline 0.002 -19"><span class='ocrx_word' id='word_1_301' title='bbox 705 3619 1037 3685; x_wconf 89' lang='lat' dir='ltr'>Antonino</span> <span class='ocrx_word' id='word_1_302' title='bbox 1069 3618 1241 3703; x_wconf 87' lang='lat' dir='ltr'>Aug.</span> <span class='ocrx_word' id='word_1_303' title='bbox 1289 3629 1354 3683; x_wconf 92' lang='lat' dir='ltr'>et</span> <span class='ocrx_word' id='word_1_304' title='bbox 1383 3617 1684 3683; x_wconf 88' lang='lat' dir='ltr'>Advento</span> <span class='ocrx_word' id='word_1_305' title='bbox 1730 3640 1857 3682; x_wconf 90' lang='lat' dir='ltr'>cos.</span> <span class='ocrx_word' id='word_1_306' title='bbox 1907 3617 2012 3683; x_wconf 93' lang='lat' dir='ltr'>VI</span> <span class='ocrx_word' id='word_1_307' title='bbox 2039 3623 2210 3684; x_wconf 87' lang='grc'><strong><em>2009</em></strong></span> <span class='ocrx_word' id='word_1_308' title='bbox 2251 3620 2318 3682; x_wconf 80' lang='lat' dir='ltr'>in</span> <span class='ocrx_word' id='word_1_309' title='bbox 2363 3620 2525 3683; x_wconf 82' lang='lat' dir='ltr'>actis</span> <span class='ocrx_word' id='word_1_310' title='bbox 2554 3618 2894 3683; x_wconf 82' lang='lat' dir='ltr'>Arvalium</span> <span class='ocrx_word' id='word_1_311' title='bbox 2939 3620 3020 3701; x_wconf 79' lang='lat' dir='ltr'>cf.</span> <span class='ocrx_word' id='word_1_312' title='bbox 3066 3621 3289 3702; x_wconf 79' lang='lat' dir='ltr'>fastos,</span> 
     </span>
    </p>

    <p class='ocr_par' dir='ltr' id='par_1_4' title="bbox 702 3719 3296 4525">
     <span class='ocr_line' id='line_1_32' title="bbox 833 3719 3289 3806; baseline -0.001 -19"><span class='ocrx_word' id='word_1_313' title='bbox 833 3723 1198 3806; x_wconf 80' lang='lat' dir='ltr'>Imperator</span> <span class='ocrx_word' id='word_1_314' title='bbox 1241 3722 1494 3804; x_wconf 73' lang='lat' dir='ltr'>aynitus</span> <span class='ocrx_word' id='word_1_315' title='bbox 1535 3726 1945 3804; x_wconf 67' lang='lat' dir='ltr'>nuncupatur</span> <span class='ocrx_word' id='word_1_316' title='bbox 1990 3721 2153 3806; x_wconf 89' lang='lat' dir='ltr'>Imp.</span> <span class='ocrx_word' id='word_1_317' title='bbox 2187 3719 2371 3785; x_wconf 85' lang='lat' dir='ltr'>Caes.</span> <span class='ocrx_word' id='word_1_318' title='bbox 2419 3720 2555 3785; x_wconf 87' lang='lat' dir='ltr'>divi</span> <span class='ocrx_word' id='word_1_319' title='bbox 2596 3720 2909 3785; x_wconf 90' lang='lat' dir='ltr'>Antonini</span> <span class='ocrx_word' id='word_1_320' title='bbox 2956 3722 3109 3805; x_wconf 82' lang='lat' dir='ltr'>(sive</span> <span class='ocrx_word' id='word_1_321' title='bbox 3153 3722 3289 3787; x_wconf 83' lang='lat' dir='ltr'>divi</span> 
     </span>
     <span class='ocr_line' id='line_1_33' title="bbox 705 3822 3292 3909; baseline -0 -19"><span class='ocrx_word' id='word_1_322' title='bbox 705 3825 929 3909; x_wconf 84' lang='lat' dir='ltr'>Magni</span> <span class='ocrx_word' id='word_1_323' title='bbox 959 3824 1306 3905; x_wconf 86' lang='lat' dir='ltr'>Antonini)</span> <span class='ocrx_word' id='word_1_324' title='bbox 1347 3823 1537 3906; x_wconf 88' lang='lat' dir='ltr'>filius,</span> <span class='ocrx_word' id='word_1_325' title='bbox 1587 3823 1721 3887; x_wconf 83' lang='lat' dir='ltr'>divi</span> <span class='ocrx_word' id='word_1_326' title='bbox 1765 3824 1994 3889; x_wconf 87' lang='lat' dir='ltr'>Severi</span> <span class='ocrx_word' id='word_1_327' title='bbox 2035 3845 2236 3909; x_wconf 86' lang='lat' dir='ltr'>nepos</span> <span class='ocrx_word' id='word_1_328' title='bbox 2269 3823 2357 3887; x_wconf 89' lang='lat' dir='ltr'>M.</span> <span class='ocrx_word' id='word_1_329' title='bbox 2392 3822 2698 3888; x_wconf 90' lang='lat' dir='ltr'>Aurelius</span> <span class='ocrx_word' id='word_1_330' title='bbox 2744 3824 2899 3905; x_wconf 84' lang='lat' dir='ltr'>(sive</span> <span class='ocrx_word' id='word_1_331' title='bbox 2930 3823 3292 3907; x_wconf 89' lang='lat' dir='ltr'>Aurellius)</span> 
     </span>
     <span class='ocr_line' id='line_1_34' title="bbox 707 3925 3296 4011; baseline -0.001 -17"><span class='ocrx_word' id='word_1_332' title='bbox 707 3929 1075 3994; x_wconf 90' lang='lat' dir='ltr'>Antoninus</span> <span class='ocrx_word' id='word_1_333' title='bbox 1105 3927 1276 4011; x_wconf 86' lang='lat' dir='ltr'>Aug.</span> <span class='ocrx_word' id='word_1_334' title='bbox 1294 3928 1547 4011; x_wconf 76' lang='lat' dir='ltr'>passim</span> <span class='ocrx_word' id='word_1_335' title='bbox 1575 3928 1643 3991; x_wconf 70' lang='lat' dir='ltr'>iri</span> <span class='ocrx_word' id='word_1_336' title='bbox 1677 3926 1897 4002; x_wconf 82' lang='lat' dir='ltr'>titulis,</span> <span class='ocrx_word' id='word_1_337' title='bbox 1948 3926 2194 3991; x_wconf 82' lang='lat' dir='ltr'>brevius</span> <span class='ocrx_word' id='word_1_338' title='bbox 2223 3927 2292 3990; x_wconf 80' lang='lat' dir='ltr'>in</span> <span class='ocrx_word' id='word_1_339' title='bbox 2326 3927 2600 3991; x_wconf 81' lang='lat' dir='ltr'>nummis</span> <span class='ocrx_word' id='word_1_340' title='bbox 2629 3925 2873 3991; x_wconf 79' lang='lat' dir='ltr'>Eckhel</span> <span class='ocrx_word' id='word_1_341' title='bbox 2911 3926 3054 3993; x_wconf 90' lang='lat' dir='ltr'>VII</span> <span class='ocrx_word' id='word_1_342' title='bbox 3059 3949 3130 4010; x_wconf 78' lang='lat' dir='ltr'>p.</span> <span class='ocrx_word' id='word_1_343' title='bbox 3162 3932 3296 3994; x_wconf 78' lang='lat'>247</span> 
     </span>
     <span class='ocr_line' id='line_1_35' title="bbox 705 4029 3291 4118; baseline 0 -23"><span class='ocrx_word' id='word_1_344' title='bbox 705 4031 869 4118; x_wconf 88' lang='lat' dir='ltr'>Imp.</span> <span class='ocrx_word' id='word_1_345' title='bbox 904 4029 1085 4096; x_wconf 87' lang='lat' dir='ltr'>Caes.</span> <span class='ocrx_word' id='word_1_346' title='bbox 1118 4031 1208 4100; x_wconf 88' lang='lat' dir='ltr'>M.</span> <span class='ocrx_word' id='word_1_347' title='bbox 1239 4030 1400 4095; x_wconf 89' lang='lat' dir='ltr'>Aur.</span> <span class='ocrx_word' id='word_1_348' title='bbox 1428 4031 1797 4095; x_wconf 88' lang='lat' dir='ltr'>Antoninus</span> <span class='ocrx_word' id='word_1_349' title='bbox 1842 4030 2015 4113; x_wconf 88' lang='lat' dir='ltr'>Aug.</span> <span class='ocrx_word' id='word_1_350' title='bbox 2055 4031 2183 4094; x_wconf 82' lang='lat' dir='ltr'>sive</span> <span class='ocrx_word' id='word_1_351' title='bbox 2228 4031 2599 4094; x_wconf 89' lang='lat' dir='ltr'>Antoninus</span> <span class='ocrx_word' id='word_1_352' title='bbox 2643 4029 2813 4112; x_wconf 86' lang='lat' dir='ltr'>Aug.</span> <span class='ocrx_word' id='word_1_353' title='bbox 2848 4070 2926 4077; x_wconf 93' lang='lat'>—</span> <span class='ocrx_word' id='word_1_354' title='bbox 2975 4030 3291 4096; x_wconf 87' lang='lat' dir='ltr'>Sacerdos</span> 
     </span>
     <span class='ocr_line' id='line_1_36' title="bbox 707 4131 3288 4221; baseline 0 -23"><span class='ocrx_word' id='word_1_355' title='bbox 707 4132 1146 4221; x_wconf 88' lang='lat' dir='ltr'>amplissimus</span> <span class='ocrx_word' id='word_1_356' title='bbox 1190 4132 1296 4197; x_wconf 90' lang='lat' dir='ltr'>dei</span> <span class='ocrx_word' id='word_1_357' title='bbox 1357 4134 1581 4197; x_wconf 86' lang='lat' dir='ltr'>invicti</span> <span class='ocrx_word' id='word_1_358' title='bbox 1630 4131 1799 4198; x_wconf 84' lang='lat' dir='ltr'>Solis</span> <span class='ocrx_word' id='word_1_359' title='bbox 1844 4131 2186 4215; x_wconf 82' lang='lat' dir='ltr'>Elagabali</span> <span class='ocrx_word' id='word_1_360' title='bbox 2231 4133 2302 4197; x_wconf 77' lang='lat' dir='ltr'>in</span> <span class='ocrx_word' id='word_1_361' title='bbox 2352 4132 2556 4196; x_wconf 80' lang='lat' dir='ltr'>titulis</span> <span class='ocrx_word' id='word_1_362' title='bbox 2599 4131 2861 4197; x_wconf 78' lang='lat' dir='ltr'>additur</span> <span class='ocrx_word' id='word_1_363' title='bbox 2899 4132 3095 4197; x_wconf 79' lang='lat' dir='ltr'>veluti</span> <span class='ocrx_word' id='word_1_364' title='bbox 3137 4132 3288 4217; x_wconf 79' lang='lat' dir='ltr'>dipl.</span> 
     </span>
     <span class='ocr_line' id='line_1_37' title="bbox 702 4234 3288 4313; baseline -0 -12"><span class='ocrx_word' id='word_1_365' title='bbox 702 4237 834 4304; x_wconf 85' lang='lat' dir='ltr'>mil.</span> <span class='ocrx_word' id='word_1_366' title='bbox 894 4236 1028 4302; x_wconf 92' lang='lat' dir='ltr'>III</span> <span class='ocrx_word' id='word_1_367' title='bbox 1076 4237 1146 4303; x_wconf 78' lang='lat' dir='ltr'>S.</span> <span class='ocrx_word' id='word_1_368' title='bbox 1191 4235 1580 4313; x_wconf 87' lang='lat' dir='ltr'><strong><em>LXXXIV,</em></strong></span> <span class='ocrx_word' id='word_1_369' title='bbox 1642 4234 1715 4300; x_wconf 99' lang='lat' dir='ltr'><strong><em>X</em></strong></span> <span class='ocrx_word' id='word_1_370' title='bbox 1765 4240 1954 4313; x_wconf 87' lang='grc'><strong><em>5827,</em></strong></span> <span class='ocrx_word' id='word_1_371' title='bbox 2018 4234 2202 4301; x_wconf 88' lang='lat' dir='ltr'><strong><em>VIII</em></strong></span> <span class='ocrx_word' id='word_1_372' title='bbox 2253 4234 2323 4300; x_wconf 84' lang='lat' dir='ltr'>S.</span> <span class='ocrx_word' id='word_1_373' title='bbox 2386 4239 2604 4312; x_wconf 86' lang='grc'><strong><em>18587,</em></strong></span> <span class='ocrx_word' id='word_1_374' title='bbox 2664 4234 2908 4299; x_wconf 83' lang='lat' dir='ltr'>sacerd.</span> <span class='ocrx_word' id='word_1_375' title='bbox 2977 4234 3082 4300; x_wconf 90' lang='lat' dir='ltr'>dei</span> <span class='ocrx_word' id='word_1_376' title='bbox 3135 4235 3288 4300; x_wconf 88' lang='lat' dir='ltr'>solis</span> 
     </span>
     <span class='ocr_line' id='line_1_38' title="bbox 704 4337 3291 4424; baseline -0.001 -18"><span class='ocrx_word' id='word_1_377' title='bbox 704 4339 977 4424; x_wconf 90' lang='lat' dir='ltr'>Elagab.</span> <span class='ocrx_word' id='word_1_378' title='bbox 1036 4341 1107 4404; x_wconf 80' lang='lat' dir='ltr'>in</span> <span class='ocrx_word' id='word_1_379' title='bbox 1152 4340 1428 4404; x_wconf 74' lang='lat' dir='ltr'>nummis</span> <span class='ocrx_word' id='word_1_380' title='bbox 1486 4337 1695 4403; x_wconf 78' lang='lat' dir='ltr'>Cohen</span> <span class='ocrx_word' id='word_1_381' title='bbox 1737 4337 1889 4403; x_wconf 74' lang='lat'>11⁷⁹</span> <span class='ocrx_word' id='word_1_382' title='bbox 1932 4338 2002 4402; x_wconf 88' lang='lat' dir='ltr'><em>E</em></span> <span class='ocrx_word' id='word_1_383' title='bbox 2011 4337 2348 4421; x_wconf 73' lang='lat' dir='ltr'>layabalus</span> <span class='ocrx_word' id='word_1_384' title='bbox 2401 4360 2464 4402; x_wconf 80' lang='lat' dir='ltr'>n.</span> <span class='ocrx_word' id='word_1_385' title='bbox 2504 4338 2813 4404; x_wconf 82' lang='grc'><strong><em>246-253</em></strong></span> <span class='ocrx_word' id='word_1_386' title='bbox 2855 4337 2951 4403; x_wconf 89' lang='lat' dir='ltr'>vel</span> <span class='ocrx_word' id='word_1_387' title='bbox 3002 4360 3291 4403; x_wconf 90' lang='lat' dir='ltr'>summus</span> 
     </span>
     <span class='ocr_line' id='line_1_39' title="bbox 703 4441 2241 4525; baseline 0 -17"><span class='ocrx_word' id='word_1_388' title='bbox 703 4443 1003 4508; x_wconf 89' lang='lat' dir='ltr'>sacerdos</span> <span class='ocrx_word' id='word_1_389' title='bbox 1047 4442 1218 4525; x_wconf 88' lang='lat' dir='ltr'>Aug.</span> <span class='ocrx_word' id='word_1_390' title='bbox 1268 4441 1394 4506; x_wconf 76' lang='lat' dir='ltr'>ibd.</span> <span class='ocrx_word' id='word_1_391' title='bbox 1432 4445 1579 4508; x_wconf 87' lang='grc'><strong><em>276.</em></strong></span> <span class='ocrx_word' id='word_1_392' title='bbox 1619 4445 1753 4507; x_wconf 90' lang='grc'>277</span> <span class='ocrx_word' id='word_1_393' title='bbox 1790 4442 1866 4523; x_wconf 79' lang='lat' dir='ltr'>cf.</span> <span class='ocrx_word' id='word_1_394' title='bbox 1917 4462 1980 4507; x_wconf 80' lang='lat' dir='ltr'>n.</span> <span class='ocrx_word' id='word_1_395' title='bbox 2010 4444 2241 4508; x_wconf 86' lang='grc'><strong><em>58-65.</em></strong></span> 
     </span>
    </p>

    <p class='ocr_par' dir='ltr' id='par_1_5' title="bbox 700 4541 3291 5143">
     <span class='ocr_line' id='line_1_40' title="bbox 832 4541 3288 4626; baseline 0 -17"><span class='ocrx_word' id='word_1_396' title='bbox 832 4546 1128 4609; x_wconf 88' lang='lat' dir='ltr'>Hiemem</span> <span class='ocrx_word' id='word_1_397' title='bbox 1176 4567 1234 4609; x_wconf 89' lang='lat' dir='ltr'>a.</span> <span class='ocrx_word' id='word_1_398' title='bbox 1265 4543 1541 4609; x_wconf 79' lang='lat' dir='ltr'>218l219</span> <span class='ocrx_word' id='word_1_399' title='bbox 1579 4542 1999 4608; x_wconf 88' lang='lat' dir='ltr'>Nicomediae</span> <span class='ocrx_word' id='word_1_400' title='bbox 2043 4544 2175 4626; x_wconf 87' lang='lat' dir='ltr'>egit</span> <span class='ocrx_word' id='word_1_401' title='bbox 2216 4541 2349 4607; x_wconf 85' lang='lat' dir='ltr'>Dio</span> <span class='ocrx_word' id='word_1_402' title='bbox 2397 4548 2494 4620; x_wconf 89' lang='grc'>79,</span> <span class='ocrx_word' id='word_1_403' title='bbox 2530 4548 2573 4606; x_wconf 89' lang='grc'><strong><em>7</em></strong></span> <span class='ocrx_word' id='word_1_404' title='bbox 2614 4542 2992 4622; x_wconf 75' lang='lat' dir='ltr'>(Herodian.</span> <span class='ocrx_word' id='word_1_405' title='bbox 3021 4546 3081 4621; x_wconf 85' lang='lat'><strong><em>5,</em></strong></span> <span class='ocrx_word' id='word_1_406' title='bbox 3112 4548 3171 4621; x_wconf 91' lang='lat'><strong><em>5,</em></strong></span> <span class='ocrx_word' id='word_1_407' title='bbox 3202 4542 3288 4626; x_wconf 85' lang='lat'><strong><em>3),</em></strong></span> 
     </span>
     <span class='ocr_line' id='line_1_41' title="bbox 700 4643 3291 4729; baseline -0.001 -16"><span class='ocrx_word' id='word_1_408' title='bbox 700 4650 835 4714; x_wconf 82' lang='lat' dir='ltr'>vita</span> <span class='ocrx_word' id='word_1_409' title='bbox 862 4653 921 4725; x_wconf 91' lang='lat'><strong><em>5,</em></strong></span> <span class='ocrx_word' id='word_1_410' title='bbox 957 4654 1015 4724; x_wconf 87' lang='lat'><strong><em>1,</em></strong></span> <span class='ocrx_word' id='word_1_411' title='bbox 1066 4646 1173 4711; x_wconf 90' lang='lat' dir='ltr'>ubi</span> <span class='ocrx_word' id='word_1_412' title='bbox 1222 4645 1624 4711; x_wconf 85' lang='lat' dir='ltr'>consulatum</span> <span class='ocrx_word' id='word_1_413' title='bbox 1670 4643 1948 4709; x_wconf 85' lang='lat' dir='ltr'>alterum</span> <span class='ocrx_word' id='word_1_414' title='bbox 1996 4647 2325 4729; x_wconf 88' lang='lat' dir='ltr'>ingressus</span> <span class='ocrx_word' id='word_1_415' title='bbox 2370 4655 2468 4709; x_wconf 88' lang='lat' dir='ltr'>est</span> <span class='ocrx_word' id='word_1_416' title='bbox 2495 4644 2629 4710; x_wconf 90' lang='lat' dir='ltr'>Dio</span> <span class='ocrx_word' id='word_1_417' title='bbox 2662 4650 2761 4723; x_wconf 91' lang='lat'><strong><em>79,</em></strong></span> <span class='ocrx_word' id='word_1_418' title='bbox 2800 4649 2861 4709; x_wconf 93' lang='grc'><strong><em>8.</em></strong></span> <span class='ocrx_word' id='word_1_419' title='bbox 2934 4644 3178 4711; x_wconf 93' lang='lat' dir='ltr'>Consul</span> <span class='ocrx_word' id='word_1_420' title='bbox 3222 4647 3291 4711; x_wconf 90' lang='grc' dir='ltr'>ΙΙ</span> 
     </span>
     <span class='ocr_line' id='line_1_42' title="bbox 703 4747 3287 4834; baseline -0.001 -18"><span class='ocrx_word' id='word_1_421' title='bbox 703 4775 759 4819; x_wconf 92' lang='lat' dir='ltr'>a.</span> <span class='ocrx_word' id='word_1_422' title='bbox 806 4751 951 4834; x_wconf 86' lang='grc'><strong><em>219,</em></strong></span> <span class='ocrx_word' id='word_1_423' title='bbox 1011 4748 1233 4814; x_wconf 87' lang='lat' dir='ltr'>consul</span> <span class='ocrx_word' id='word_1_424' title='bbox 1278 4750 1382 4814; x_wconf 91' lang='lat'>111</span> <span class='ocrx_word' id='word_1_425' title='bbox 1425 4772 1483 4814; x_wconf 90' lang='lat' dir='ltr'>a.</span> <span class='ocrx_word' id='word_1_426' title='bbox 1530 4751 1675 4831; x_wconf 87' lang='grc'><strong><em>220,</em></strong></span> <span class='ocrx_word' id='word_1_427' title='bbox 1738 4747 1964 4812; x_wconf 90' lang='lat' dir='ltr'>consul</span> <span class='ocrx_word' id='word_1_428' title='bbox 2007 4748 2104 4813; x_wconf 92' lang='lat' dir='ltr'>IV</span> <span class='ocrx_word' id='word_1_429' title='bbox 2149 4771 2206 4815; x_wconf 85' lang='lat' dir='ltr'>a.</span> <span class='ocrx_word' id='word_1_430' title='bbox 2252 4750 2397 4831; x_wconf 90' lang='grc'><strong><em>221,</em></strong></span> <span class='ocrx_word' id='word_1_431' title='bbox 2462 4747 2685 4812; x_wconf 90' lang='lat' dir='ltr'>consul</span> <span class='ocrx_word' id='word_1_432' title='bbox 2730 4748 2793 4813; x_wconf 94' lang='lat' dir='ltr'>V</span> <span class='ocrx_word' id='word_1_433' title='bbox 2835 4771 2894 4813; x_wconf 90' lang='lat' dir='ltr'>a.</span> <span class='ocrx_word' id='word_1_434' title='bbox 2940 4751 3066 4814; x_wconf 84' lang='grc'>222</span> <span class='ocrx_word' id='word_1_435' title='bbox 3109 4750 3287 4831; x_wconf 73' lang='lat' dir='ltr'>fasti.</span> 
     </span>
     <span class='ocr_line' id='line_1_43' title="bbox 702 4850 3289 4932; baseline -0.001 -13"><span class='ocrx_word' id='word_1_436' title='bbox 702 4854 785 4921; x_wconf 91' lang='lat' dir='ltr'>A.</span> <span class='ocrx_word' id='word_1_437' title='bbox 817 4853 942 4919; x_wconf 83' lang='lat'>219</span> <span class='ocrx_word' id='word_1_438' title='bbox 975 4854 1240 4917; x_wconf 85' lang='lat' dir='ltr'>Romam</span> <span class='ocrx_word' id='word_1_439' title='bbox 1276 4854 1456 4916; x_wconf 81' lang='lat' dir='ltr'>venit</span> <span class='ocrx_word' id='word_1_440' title='bbox 1487 4850 1841 4916; x_wconf 77' lang='lat' dir='ltr'>Herodian.</span> <span class='ocrx_word' id='word_1_441' title='bbox 1874 4854 1936 4928; x_wconf 87' lang='lat'><strong><em>5,</em></strong></span> <span class='ocrx_word' id='word_1_442' title='bbox 1964 4854 2025 4928; x_wconf 94' lang='lat'><strong><em>5,</em></strong></span> <span class='ocrx_word' id='word_1_443' title='bbox 2061 4854 2104 4915; x_wconf 85' lang='lat'><strong><em>7</em></strong></span> <span class='ocrx_word' id='word_1_444' title='bbox 2129 4851 2207 4932; x_wconf 77' lang='lat' dir='ltr'>cf.</span> <span class='ocrx_word' id='word_1_445' title='bbox 2236 4871 2407 4915; x_wconf 81' lang='lat' dir='ltr'>num.</span> <span class='ocrx_word' id='word_1_446' title='bbox 2449 4850 2660 4916; x_wconf 77' lang='lat' dir='ltr'>Cohcn</span> <span class='ocrx_word' id='word_1_447' title='bbox 2703 4872 2767 4916; x_wconf 78' lang='lat' dir='ltr'>n.</span> <span class='ocrx_word' id='word_1_448' title='bbox 2798 4856 2956 4918; x_wconf 87' lang='grc'><strong><em>2-6.</em></strong></span> <span class='ocrx_word' id='word_1_449' title='bbox 3018 4850 3289 4917; x_wconf 89' lang='lat' dir='ltr'>Occisus</span> 
     </span>
     <span class='ocr_line' id='line_1_44' title="bbox 702 4952 3286 5043; baseline -0.001 -21"><span class='ocrx_word' id='word_1_450' title='bbox 702 4968 800 5022; x_wconf 90' lang='lat' dir='ltr'>est</span> <span class='ocrx_word' id='word_1_451' title='bbox 831 4958 1090 5039; x_wconf 87' lang='lat' dir='ltr'>Romae,</span> <span class='ocrx_word' id='word_1_452' title='bbox 1140 4966 1482 5043; x_wconf 85' lang='lat' dir='ltr'>postquam</span> <span class='ocrx_word' id='word_1_453' title='bbox 1523 4954 1676 5020; x_wconf 91' lang='lat' dir='ltr'>inde</span> <span class='ocrx_word' id='word_1_454' title='bbox 1706 4978 1745 5019; x_wconf 91' lang='lat' dir='ltr'>a</span> <span class='ocrx_word' id='word_1_455' title='bbox 1774 4974 1998 5041; x_wconf 89' lang='lat' dir='ltr'>pugna</span> <span class='ocrx_word' id='word_1_456' title='bbox 2028 4952 2204 5040; x_wconf 89' lang='lat' dir='ltr'>apud</span> <span class='ocrx_word' id='word_1_457' title='bbox 2236 4953 2648 5018; x_wconf 89' lang='lat' dir='ltr'>Antiochiam</span> <span class='ocrx_word' id='word_1_458' title='bbox 2681 4954 3025 5019; x_wconf 89' lang='lat' dir='ltr'>commissa</span> <span class='ocrx_word' id='word_1_459' title='bbox 3062 4977 3286 5039; x_wconf 89' lang='lat' dir='ltr'>regna-</span> 
     </span>
     <span class='ocr_line' id='line_1_45' title="bbox 700 5055 3290 5143; baseline -0.001 -20"><span class='ocrx_word' id='word_1_460' title='bbox 700 5061 798 5124; x_wconf 85' lang='lat' dir='ltr'>vit</span> <span class='ocrx_word' id='word_1_461' title='bbox 840 5080 1043 5124; x_wconf 91' lang='lat' dir='ltr'>annos</span> <span class='ocrx_word' id='word_1_462' title='bbox 1088 5069 1219 5123; x_wconf 88' lang='lat' dir='ltr'>tres</span> <span class='ocrx_word' id='word_1_463' title='bbox 1250 5078 1504 5122; x_wconf 90' lang='lat' dir='ltr'>menses</span> <span class='ocrx_word' id='word_1_464' title='bbox 1542 5078 1773 5121; x_wconf 85' lang='lat' dir='ltr'>novem</span> <span class='ocrx_word' id='word_1_465' title='bbox 1806 5055 2075 5143; x_wconf 89' lang='lat' dir='ltr'>diesque</span> <span class='ocrx_word' id='word_1_466' title='bbox 2107 5066 2414 5143; x_wconf 88' lang='lat' dir='ltr'>quattuor</span> <span class='ocrx_word' id='word_1_467' title='bbox 2441 5055 2576 5121; x_wconf 86' lang='lat' dir='ltr'>Dio</span> <span class='ocrx_word' id='word_1_468' title='bbox 2609 5061 2707 5134; x_wconf 90' lang='grc'>79,</span> <span class='ocrx_word' id='word_1_469' title='bbox 2734 5061 2794 5133; x_wconf 89' lang='grc'>3,</span> <span class='ocrx_word' id='word_1_470' title='bbox 2832 5056 2905 5121; x_wconf 88' lang='lat' dir='ltr'>id</span> <span class='ocrx_word' id='word_1_471' title='bbox 2932 5061 3024 5122; x_wconf 84' lang='lat' dir='ltr'>est</span> <span class='ocrx_word' id='word_1_472' title='bbox 3054 5058 3290 5122; x_wconf 82' lang='lat' dir='ltr'>occisus</span> 
     </span>
    </p>
   </div>
   <div class='ocr_carea' id='block_1_4' title="bbox 700 5158 3286 5317">
    <p class='ocr_par' dir='ltr' id='par_1_6' title="bbox 700 5158 3286 5317">
     <span class='ocr_line' id='line_1_46' title="bbox 700 5158 3286 5246; baseline -0.001 -18"><span class='ocrx_word' id='word_1_473' title='bbox 700 5162 800 5228; x_wconf 87' lang='lat' dir='ltr'>die</span> <span class='ocrx_word' id='word_1_474' title='bbox 845 5167 923 5229; x_wconf 89' lang='lat'>11</span> <span class='ocrx_word' id='word_1_475' title='bbox 964 5163 1194 5228; x_wconf 73' lang='lat' dir='ltr'>mensis</span> <span class='ocrx_word' id='word_1_476' title='bbox 1242 5161 1486 5226; x_wconf 85' lang='lat' dir='ltr'>Martii</span> <span class='ocrx_word' id='word_1_477' title='bbox 1526 5182 1587 5226; x_wconf 89' lang='grc' dir='ltr'>α.</span> <span class='ocrx_word' id='word_1_478' title='bbox 1616 5164 1762 5227; x_wconf 88' lang='grc'>222</span> <span class='ocrx_word' id='word_1_479' title='bbox 1805 5159 1912 5246; x_wconf 77' lang='lat' dir='ltr'>(cf.</span> <span class='ocrx_word' id='word_1_480' title='bbox 1943 5180 2105 5245; x_wconf 71' lang='lat' dir='ltr'>quae</span> <span class='ocrx_word' id='word_1_481' title='bbox 2149 5158 2456 5226; x_wconf 76' lang='lat' dir='ltr'>adnotavi</span> <span class='ocrx_word' id='word_1_482' title='bbox 2494 5159 2563 5224; x_wconf 80' lang='lat' dir='ltr'>in</span> <span class='ocrx_word' id='word_1_483' title='bbox 2608 5159 2839 5226; x_wconf 83' lang='lat' dir='ltr'>Severo</span> <span class='ocrx_word' id='word_1_484' title='bbox 2865 5158 3286 5243; x_wconf 78' lang='lat' dir='ltr'>Alexandro),</span> 
     </span>
     <span class='ocr_line' id='line_1_47' title="bbox 2773 5261 2879 5317; baseline 0.009 -1"><span class='ocrx_word' id='word_1_485' title='bbox 2773 5261 2879 5317; x_wconf 81' lang='lat'>13*</span> 
     </span>
    </p>
   </div>
  </div>
 </body>
</html>
