3859 5992
666 461 968 517 CASSIVS
1958 454 2087 519 314
3080 461 3371 517 CASSIVS

791 657 1100 740 confecit,
1164 656 1342 743 quod
1407 679 1554 722 cum
1617 657 1770 723 item
1837 657 1921 724 ab
1987 659 2375 744 imperatore
2447 657 2717 745 aliisque
2783 658 3126 745 probatum
3193 668 3367 742 esset,

793 760 1128 825 historiam
1186 759 1411 846 populi
1471 760 1744 825 Romani
1807 760 1960 825 inde
2021 761 2106 828 ab
2166 762 2327 828 urbe
2384 762 2649 826 condita
2699 784 2907 849 usque
2949 760 3033 827 ad
3080 762 3371 848 Septimii

795 863 1023 929 Severi
1084 872 1358 927 mortem
1417 862 1703 928 scribere
1746 885 2093 948 aggressus
2137 875 2237 929 est
2278 864 2620 929 additurus
2665 863 2937 951 reliqua,
2984 863 3200 949 quoad
3244 864 3372 928 vita

794 973 1163 1050 superesset
1204 963 1337 1030 Dio
1384 969 1487 1042 72,
1533 970 1639 1032 23.
1723 964 2000 1053 Ἔγραψε
2046 965 2397 1053 Ῥωμαϊκὴν
2456 970 2714 1054 ἱστορίαν
2759 966 2823 1033 ἐν
2884 967 3124 1054 βιβλίοις
3164 968 3371 1052 ὀγδοή-

793 1093 994 1147 κοντα,
1049 1067 1329 1154 Περσικά,
1392 1069 1439 1133 Γ
1442 1073 1622 1149 ετικοὶ,
1686 1067 1960 1148 Ἐνόδια,
2020 1071 2094 1136 τὰ
2152 1071 2304 1137 κατὰ
2361 1070 2674 1156 Τραϊανόν,
2737 1072 2863 1159 βίον
2926 1067 3219 1156 Ἀρριανοῦ
3273 1075 3369 1134 τοῦ

797 1170 1129 1256 φιλοσόφου
1192 1171 1435 1237 Suidas
1484 1171 1524 1236 l.
1572 1172 1613 1239 l.
1702 1172 1836 1239 Sed
1888 1173 1993 1238 hic
2050 1194 2289 1255 quoque
2347 1172 2590 1238 Suidas
2644 1178 2717 1236 ut
2772 1172 2931 1238 solet
2994 1172 3370 1237 diversorum

796 1295 990 1358 opera
1034 1273 1392 1356 confudisse
1432 1274 1713 1353 videtur;
1755 1297 1907 1340 uam
1950 1280 2022 1340 ut
2062 1275 2292 1341 Getica
2334 1297 2378 1340 a
2411 1274 2623 1341 Dione
2652 1274 3097 1359 Chrysostomo
3138 1276 3371 1357 scripta

796 1397 925 1442 esse
969 1376 1198 1442 diserte
1237 1381 1506 1443 testatur
1535 1377 1976 1444 Philostratus
2009 1379 2117 1446 vit.
2150 1378 2408 1461 sophist.
2438 1383 2498 1455 1,
2531 1383 2590 1455 7,
2635 1380 2734 1443 ita
2773 1377 2849 1443 de
2889 1377 3155 1460 reliquis
3196 1377 3370 1440 libres

794 1500 948 1563 quos
979 1485 1246 1562 praeter
1286 1479 1620 1545 historiam
1662 1481 2101 1547 Romanorum
2146 1481 2390 1548 Suidas
2429 1481 2654 1547 tribuit
2697 1479 3061 1558 Cocceian0‚
3123 1481 3183 1545 ei
3220 1479 3371 1562 fides

793 1583 900 1646 viv
941 1581 1236 1647 habenda
1278 1588 1388 1648 est.

668 1686 797 1750 420
843 1683 1105 1751 Cassius
1149 1685 1401 1767 Festus,
1449 1686 1557 1750 cui
1604 1687 2024 1773 imperatores
2071 1687 2353 1753 Severus
2398 1696 2463 1750 et
2497 1685 2867 1751 Antoninus
2911 1686 3373 1771 rescripserunt

804 1786 1124 1869 leianus
1166 1786 1412 1871 Diyest.
1448 1793 1550 1866 48,
1581 1793 1682 1867 13,
1708 1793 1772 1856 5.
1848 1789 2157 1855 Fortasse
2198 1789 2615 1873 mayistratus
2653 1787 2749 1853 vel
2780 1808 3064 1871 praeses.

667 1892 787 1955 421
861 1889 1126 1955 Cassius
1193 1890 1599 1975 Hadrianus,
1669 1894 1776 1957 cui
1844 1892 2042 1957 divus
2099 1893 2258 1957 Pius
2312 1892 2645 1976 rescripsit
2703 1890 3093 1955 Marcianus
3132 1887 3367 1971 Diyest.

795 1997 897 2070 36,
941 1997 1000 2070 1,
1039 1997 1138 2058 31.
1699 1996 1710 2003 ⁸

668 2097 794 2161 422
839 2105 919 2160 Μ.
966 2104 1264 2160 CASSIVS
1309 2105 1783 2163 HORTENSIVS
1826 2107 2157 2163 PAVLINV
2163 2108 2221 2176 S,
2262 2106 2522 2183 praetor
2557 2094 2866 2178 urbanus,
2911 2094 3151 2159 XVvir
3178 2094 3366 2157 sacris

797 2197 1118 2263 faciundis
1167 2197 1269 2264 VI
1293 2202 1438 2263 318.

669 2302 794 2366 423
841 2310 902 2365 C.
967 2309 1265 2366 CASSIVS
1326 2311 1923 2367 INTERAMNANVS
1984 2311 2374 2367 PISIBANVS
2434 2310 2773 2383 PRISCVS‚
2832 2310 3094 2386 praetor
3152 2321 3212 2363 a.
3261 2297 3369 2361 100

811 2402 914 2469 VI
943 2408 1083 2469 451.

668 2505 798 2571 424
839 2514 907 2571 L.
941 2515 1238 2571 CASSIVS
1268 2516 1693 2588 IVVENALIS‚
1741 2505 1971 2571 consul
2015 2508 2327 2571 suffectus
2356 2530 2414 2571 a.
2451 2506 2513 2571 d.
2546 2506 2646 2573 VI
2674 2504 2807 2573 kal.
2838 2506 2976 2571 Ian.
3010 2528 3067 2571 a.
3112 2502 3366 2568 1451160

798 2629 946 2672 cum
978 2607 1059 2689 Q.
1088 2609 1446 2696 Pomponio
1489 2609 1683 2675 Musa
1721 2609 1856 2675 III
1889 2609 2044 2693 dipl.
2076 2610 2208 2675 mil.
2238 2614 2344 2675 42.
2376 2615 2462 2674 43
2490 2611 2572 2692 cf.
2607 2609 2739 2674 III
2757 2608 2828 2674 S.
2862 2608 3016 2691 dipl.
3044 2606 3175 2672 LX
3187 2605 3364 2672 VIII.

671 2810 797 2876 425
843 2811 1108 2877 Cassius
1151 2814 1542 2898 Ligurinas,
1605 2824 1987 2901 procurator
2032 2813 2201 2898 Aug.
2255 2815 2585 2901 (Septimii
2646 2813 2873 2880 Severi
2932 2821 3085 2877 ante
3123 2835 3180 2877 a.
3231 2811 3368 2893 197)

802 2914 1116 2996 (Moesiae
1161 2918 1542 3001 superioris)
1588 2917 1723 2983 III
1753 2922 1915 2983 6313
1957 2922 2000 2982 t.
2050 2917 2339 2983 Moesiae
2381 2937 2518 3001 sup.

671 3018 799 3081 426
843 3015 1111 3082 Cassius
1153 3018 1538 3104 Longi[nus]
1581 3021 1789 3085 nescio
1832 3021 1975 3104 quis
2017 3024 2402 3085 meinoratus
2445 3038 2575 3085 esse
2621 3018 2870 3085 videtur
2912 3019 2983 3083 iu
3027 3023 3070 3082 t.
3118 3014 3373 3081 evanido

800 3119 1074 3185 ancillae
1121 3120 1225 3187 VI
1254 3126 1490 3190 22946.

673 3221 799 3287 427
847 3220 1112 3289 Cassius
1157 3224 1528 3309 Longinus,
1589 3226 1694 3289 vir
1734 3226 2164 3309 gravissimus
2208 3235 2274 3289 et
2315 3226 2791 3309 sanctissimus,
2852 3234 3028 3289 tutor
3066 3222 3376 3290 Aemiliae

799 3325 1211 3392 Pudentillae
1253 3330 1477 3393 uxoris
1517 3327 1756 3414 Apulei
1800 3328 1999 3412 Apul.
2046 3328 2213 3412 apol.
2251 3333 2394 3394 101.

674 3426 798 3492 428
845 3437 908 3496 C.
956 3437 1255 3495 CASSIVS
1297 3440 1708 3513 LONGINVS,
1774 3430 2001 3496 consul
2060 3432 2375 3496 suffectus
2419 3452 2591 3496 anno
2637 3432 2721 3496 30
2764 3452 2826 3515 p.
2876 3429 2950 3495 C.
2987 3466 3075 3476 —
3123 3427 3380 3493 Nummi

798 3531 1186 3597 Antiocheni
1241 3535 1375 3598 eius
1430 3534 1501 3599 in
1557 3533 1826 3598 adversa
1883 3539 2077 3617 eaput
2129 3532 2398 3599 Claudii
2454 3532 2747 3598 exhzhem
2802 3538 2862 3599 et
2913 3532 3380 3614 inemptimaem

800 3634 960 3720 Imp.
991 3633 1091 3702 Ti.
1125 3634 1440 3701 Claudius
1471 3636 1641 3719 Aug.
1676 3635 2181 3719 Ger(manicus),
2213 3637 2283 3701 in
2312 3656 2539 3701 aversa
2569 3633 2706 3700 Ἐπὶ
2738 3637 3005 3702 Κασσίου
3037 3631 3375 3719 Ἀντιοχέων

805 3736 1025 3821 ἔτ(ους)
1087 3759 1155 3819 eq
1211 3737 1454 3803 Eekhel
1498 3738 1631 3804 III
1667 3761 1740 3821 p.
1771 3743 1920 3816 280,
1985 3739 2282 3804 Mionuet
2341 3738 2402 3804 V
2423 3761 2496 3822 p.
2546 3743 2672 3803 167
2708 3759 2773 3806 n.
2818 3740 2939 3803 175
2995 3742 3255 3819 uterque
3310 3754 3382 3799 ecc

805 3839 1146 3919 Morelli0‚·
1194 3840 1424 3905 similis
1479 3840 1829 3923 descriptus
1884 3845 1977 3905 est
2032 3863 2075 3905 a
2130 3840 2446 3907 Fiorellio
2463 3892 2479 3918 ,
2538 3839 2844 3924 Cataloqo
2905 3840 2977 3905 di
3033 3839 3262 3904 Museo
3318 3836 3384 3901 di

805 3941 1072 4026 Napoli,
1121 3943 1517 4026 Medayliere
1556 3944 1607 4008 I
1639 3965 1702 4007 n.
1732 3948 1898 4008 8875
1912 3963 1934 4021 ;
1990 3943 2258 4008 alterum
2313 3943 2587 4008 eiusdem
2621 3944 2865 4007 nummi
2904 3940 3253 4025 eoeemplum
3290 3941 3380 4003 in-

800 4047 1108 4128 scriptum
1136 4047 1218 4125 Aq
1250 4048 1399 4110 item
1444 4068 1521 4111 esc
1557 4066 1683 4110 ωηο
1715 4045 2018 4111 Morellio
2047 4043 2329 4124 afferunt
2352 4045 2595 4110 Eckhel
2623 4045 2665 4110 l.
2699 4045 2762 4122 L,
2812 4044 3110 4110 Mionnet
3148 4065 3213 4111 u.
3243 4047 3377 4118 174,

803 4146 878 4210 de
920 4168 1040 4228 quo
1087 4148 1504 4213 dubitandum
1548 4154 1658 4226 est,
1705 4148 1854 4212 dum
1900 4150 2076 4213 testis
2116 4148 2380 4213 idoneus
2423 4150 2764 4231 aynoverit.
2853 4146 3169 4212 Nummus
3199 4146 3383 4230 prior

806 4248 1048 4313 indicat
1093 4272 1154 4314 a.
1200 4255 1282 4316 96
1325 4272 1515 4316 aerae
1561 4249 1994 4316 Caesariensis
2036 4280 2121 4305 =
2167 4252 2250 4315 ab
2295 4255 2594 4316 autumno
2639 4272 2700 4315 a.
2736 4253 3011 4315 8001801
3054 4279 3140 4304 =
3179 4250 3380 4314 47148.

936 4350 1145 4416 Filius
1190 4352 1459 4435 (minor)
1503 4353 1581 4418 L.
1631 4352 1839 4420 Cassii
1885 4353 2170 4434 Longini
2215 4352 2498 4418 consulis
2558 4353 2809 4417 suffecti
2861 4374 2919 4418 a.
2970 4353 3044 4418 11
3095 4374 3157 4437 p.
3205 4350 3277 4418 C.
3324 4358 3386 4415 et

805 4452 977 4517 filiae
1021 4453 1101 4535 Q.
1147 4454 1320 4521 Aelii
1364 4454 1729 4521 Tuberonis
1773 4454 2165 4538 Pomponius
2208 4455 2452 4539 Diyest.
2500 4462 2556 4533 1,
2594 4460 2661 4534 2,
2700 4461 2765 4533 2,
2809 4455 3020 4537 frater
3065 4451 3132 4520 0.
3181 4451 3388 4526 Cassii

808 4556 1088 4638 Lonyini
1113 4557 1386 4623 consulis
1417 4557 1738 4622 ordinarii
1767 4580 1828 4622 a.
1857 4563 1960 4625 30.
2009 4556 2253 4622 Consul
2283 4558 2591 4622 suffectus
2634 4580 2692 4625 a.
2723 4559 2807 4623 30
2851 4578 2999 4621 cum
3031 4556 3110 4622 L.
3140 4555 3384 4620 Naevio

809 4657 1092 4724 Surdino
1136 4659 1210 4724 X
1261 4665 1446 4738 1233,
1509 4682 1659 4725 cum
1717 4660 2038 4741 Quartino
2093 4659 2264 4742 falso
2306 4659 2714 4743 ,Pomponius
2775 4659 2815 4724 l.
2864 4659 2904 4727 ἶ.
2995 4658 3188 4723 Anno
3246 4677 3385 4744 pro·

808 4759 1133 4825 consulari
1171 4762 1355 4826 40141
1402 4761 1749 4847 proconsul
1776 4760 1977 4826 Asiae
2020 4760 2103 4826 ab
2141 4763 2525 4847 imperatore
2556 4762 2721 4829 Gaio
2753 4763 3023 4827 Romam
3068 4758 3385 4824 adductus

811 4871 884 4927 ut
941 4862 1445 4943 interficeretur,
1500 4885 1661 4928 nece
1704 4864 1829 4931 Gai
1877 4873 2172 4929 servatus
2219 4873 2317 4929 est
2357 4863 2490 4929 Dio
2529 4868 2634 4941 59,
2678 4868 2767 4930 29
2811 4860 2952 4943 (ubi
2993 4879 3387 4946 praenomen

809 4964 1094 5047 positum
1158 4969 1306 5050 est),
1369 4964 1624 5030 Sueten.
1680 4964 1880 5048 Galiq.
1925 4970 2026 5031 57.
2130 4965 2414 5049 Legatus
2473 4965 2704 5051 Syriae
2768 4989 2829 5031 a.
2880 4964 3073 5030 47148
3131 4983 3384 5038 numm„

810 5090 867 5133 a.
914 5067 998 5133 49
1052 5067 1197 5131 Tae.
1243 5088 1305 5131 a.
1356 5072 1462 5144 12,
1507 5072 1607 5143 11,
1668 5070 1735 5131 in
1801 5089 1932 5154 qua
1997 5066 2321 5149 legatione
2388 5067 2641 5151 (Vibio)
2705 5067 2923 5133 Marso
2991 5073 3391 5131 successerat
