3859 5992
673 523 1044 579 CLAVDIVS
1958 512 2086 579 384
3002 523 3369 579 cLAvmvs

800 721 987 787 homo
1047 721 1318 806 Epicuri
1376 731 1589 787 sectae
1645 721 2024 788 Alexandro
2082 719 2570 787 Abonitichitae
2626 720 2906 786 maxime
2961 721 3367 787 adversarius

797 825 1069 891 Lucian.
1112 823 1300 890 Alex.
1338 829 1445 891 25.
1486 830 1588 891 43.

672 928 798 994 734
837 928 938 996 Ti.
972 926 1286 994 Claudius
1316 928 1651 1013 Livianus,
1699 929 1799 994 Ti.
1833 928 1900 1012 f.,
1949 928 2122 994 tribu
2154 928 2436 1010 Quirina
2479 928 2851 1013 imperatori
2890 927 3158 994 Claudio
3201 928 3366 993 dedi-

796 1031 973 1095 cavit
1017 1035 1059 1095 t.
1108 1030 1542 1114 Sidymensem
1579 1052 1805 1115 yraece
1845 1032 2151 1115 scriptum
2180 1029 2535 1112 Benndorf,
2582 1030 2818 1096 Reisen
2856 1032 2928 1095 in
2960 1032 3205 1114 Lykien
3242 1032 3368 1096 und

799 1133 1056 1199 Karien
1085 1156 1158 1217 p.
1187 1138 1270 1199 64
1309 1154 1370 1202 n.
1394 1139 1486 1200 32
1515 1135 1599 1216 cf.
1618 1157 1688 1219 p.
1719 1139 1801 1200 63
1837 1156 1901 1199 n.
1929 1139 2032 1199 30.
2069 1171 2146 1180 —-
2178 1132 2380 1199 Pater
2405 1132 2502 1198 vel
2532 1153 2689 1198 avus
2715 1132 2960 1199 videtur
2989 1133 3085 1202 Ti.
3110 1132 3367 1199 Claudii

796 1235 1062 1301 Liviani
1098 1238 1209 1320 qui
1245 1237 1545 1320 sequitur.

671 1339 795 1405 735
841 1339 940 1404 Ti.
975 1338 1291 1407 Claudius
1320 1342 1659 1409 Livianus.
1735 1339 1975 1407 Tituli:
2017 1340 2078 1404 ei
2106 1339 2359 1423 positus
2394 1343 2487 1405 est
2530 1338 2632 1404 VI
2650 1344 2812 1404 1604
2841 1337 2950 1422 (1),
2994 1342 3365 1403 memoratur

796 1443 866 1507 in
910 1447 954 1512 t.
998 1445 1165 1507 servi
1207 1443 1309 1509 VI
1337 1448 1463 1509 718
1504 1441 1623 1531 (2),
1682 1444 1751 1509 in
1796 1443 2017 1528 fistula
2047 1441 2354 1527 plumbea
2394 1442 2513 1507 XI
2518 1442 2757 1507 V3439
2799 1440 2924 1525 (3),·
2978 1439 3067 1506 ad
3122 1439 3363 1506 etmdem

797 1546 1034 1626 referri
1080 1551 1352 1628 possunt
1417 1546 1662 1630 teyulae
1728 1545 2185 1611 Praenestinae
2248 1543 2438 1610 XIV
2466 1550 2649 1623 4090,
2691 1549 2774 1609 30
2816 1544 2905 1630 (4)
2969 1549 3031 1609 et
3091 1544 3364 1609 urbanae

795 1647 944 1713 XV
965 1653 1100 1714 932
1142 1648 1254 1733 (5).

925 1752 1025 1815 Ti.
1074 1750 1388 1818 Claudius
1448 1751 1765 1817 Livianus
1812 1756 1853 1819 t.
1899 1756 1961 1816 1.
2005 1756 2072 1819 2.
2116 1755 2178 1828 3,
2238 1750 2336 1818 Cl.
2382 1751 2701 1816 Livianus
2755 1755 2799 1815 t.
2842 1754 2901 1814 4.
2945 1754 3004 1827 5,
3066 1748 3364 1815 Claudius

797 1855 1114 1919 Livianus
1171 1854 1304 1920 Dio
1348 1859 1448 1931 68,
1493 1860 1569 1933 9,·
1629 1856 1736 1922 vit.
1782 1855 2122 1921 Hadriani
2170 1859 2232 1931 4,
2284 1860 2332 1921 2
2391 1854 2672 1919 traditur
2712 1852 2972 1919 Liviani
3030 1852 3362 1935 Turbonis,

797 1959 1071 2022 correxit
1117 1957 1375 2023 Liviani
1421 1968 1485 2022 et
1526 1956 1855 2023 Turbonis
1896 1957 1971 2025 O.
2018 1957 2409 2040 Hirschfeld.

928 2059 1306 2126 Praefectus
1351 2062 1675 2148 praetorio
1722 2066 1765 2128 t.
1811 2066 1866 2126 1.
1911 2066 1972 2139 3,
2019 2060 2153 2126 Dio
2198 2060 2239 2127 l.
2281 2060 2361 2139 l.,·
2419 2060 2559 2125 dux
2603 2060 2871 2125 Traiani
2914 2056 3084 2123 bello
3129 2056 3363 2121 Dacico

800 2165 1007 2248 primo
1051 2161 1184 2228 Dio
1230 2163 1271 2228 l.
1319 2165 1397 2242 l.‚·
1455 2175 1853 2229 memoratur
1894 2163 1961 2228 in
2009 2165 2168 2229 viris
2215 2162 2458 2227 ordinis
2504 2162 2842 2248 equestris,
2902 2182 3176 2247 quorum
3221 2162 3365 2224 ami-

796 2266 951 2329 citia
995 2265 1369 2332 Hadrianus
1431 2276 1718 2353 tempore
1773 2265 1924 2332 belli
1973 2265 2259 2331 Parthici
2321 2288 2476 2331 usus
2521 2273 2621 2328 est
2661 2264 2770 2327 vit.
2816 2263 3153 2329 Hadriani
3192 2268 3249 2339 4,
3293 2265 3367 2340 2;

799 2367 1011 2449 itaque
1042 2373 1188 2434 tunc
1217 2391 1455 2452 quoque
1493 2371 1848 2435 Traianum
1888 2371 2222 2434 comitatus
2265 2389 2395 2435 esse
2432 2367 2697 2435 videtur.
2784 2367 2863 2433 Vt
2903 2371 3069 2432 recte
3112 2367 3201 2432 ad
3239 2388 3369 2432 eum

794 2471 1117 2552 referatur
1174 2476 1215 2536 t.
1261 2476 1322 2550 5,
1383 2471 1510 2538 fuit
1567 2473 1633 2537 in
1697 2473 1866 2536 vivis
1925 2493 2096 2537 anno
2148 2473 2288 2538 123.
2348 2509 2431 2517 -—
2491 2471 2601 2537 Ex
2649 2471 2924 2555 posteris
2980 2469 3228 2535 videtur
3277 2469 3365 2536 Ti.

797 2570 1065 2638 Claudii
1103 2574 1371 2639 Liviani
1406 2576 1521 2658 qui
1544 2573 1894 2659 praecedit.

668 2674 794 2740 736
838 2685 1207 2741 CLAVDIVS
1267 2686 1638 2762 LVCANVS,
1701 2678 2060 2743 consularis
2119 2678 2203 2744 ab
2262 2680 2649 2765 imperatore
2707 2674 3060 2742 Commodo
3125 2674 3368 2739 occisus

792 2778 895 2844 vit.
944 2779 1269 2845 Commodi
1314 2786 1370 2858 7,
1417 2786 1473 2847 7.

666 2879 788 2946 737
834 2890 914 2946 Μ.
975 2883 1403 2965 CL(AVDIVS)
1457 2893 1868 2950 MACRINIVS
1927 2895 2221 2950 VINDEX
2279 2891 2933 2949 HERMOGENIANVS
2992 2886 3371 2946 memoratur

795 2984 867 3047 in
907 2989 949 3048 t.
998 2984 1385 3068 Venafranis
1426 2989 1647 3053 uxoris
1684 2986 1757 3053 X
1794 2992 1959 3054 4861
2002 2986 2091 3072 (1)
2136 2992 2195 3053 et
2240 2987 2557 3053 consoceri
2594 2991 2761 3052 4860
2802 2984 2915 3071 (2).
2964 3022 3037 3030 -
3086 2984 3176 3050 M.
3230 2982 3368 3069 [CL]

795 3085 1068 3152 Macrini
1114 3088 1410 3155 Vindicis
1463 3091 1968 3174 Hermogeniani
2017 3095 2060 3156 t.
2105 3095 2164 3168 1,
2226 3089 2324 3158 Cl.
2373 3140 2388 3157 .
2415 3140 2430 3154 .
2457 3140 2473 3155 .
2500 3139 2515 3155 .
2564 3088 3178 3176 [Her]mog·enianus
3223 3092 3265 3151 t.
3307 3091 3370 3162 2,

797 3189 892 3253 ita
933 3195 1005 3254 ut
1045 3211 1175 3256 non
1215 3198 1450 3258 constet
1489 3199 1708 3259 utrum
1752 3194 2108 3260 Macrinius
2154 3216 2241 3260 an
2282 3194 2615 3259 Macrinus
2645 3193 2860 3276 fuerit.
2935 3190 3057 3255 Vir
3101 3189 3369 3255 clarissi-

793 3313 935 3356 mus
981 3297 1023 3358 t.
1075 3299 1126 3358 1.
1171 3300 1237 3360 2.

921 3393 1297 3462 Consularis
1353 3402 1398 3463 t.
1450 3401 1509 3475 1,
1568 3398 1964 3485 p1·o[consul]
2028 3398 2289 3465 Africae
2349 3403 2390 3466 t.
2431 3404 2498 3465 2.
2571 3436 2645 3444 —
2714 3396 2991 3462 Maritus
3056 3395 3367 3460 Laberiae

793 3496 1227 3583 Pompeianae
1285 3505 1329 3566 t.
1377 3505 1436 3578 1,
1501 3523 1808 3566 consocer
1850 3502 1927 3568 L.
1978 3501 2241 3570 Gabinii
2287 3501 2616 3568 Cosmiani
2673 3504 2717 3563 t.
2760 3504 2820 3564 1.
2865 3504 2914 3565 2
2969 3497 3209 3563 scilicet
3252 3517 3367 3581 per

795 3600 1019 3684 filiam,
1082 3623 1241 3685 quae
1294 3604 1509 3687 nupsit
1563 3603 1847 3671 Gabinio
1891 3605 2106 3689 Aspro
2165 3605 2302 3688 filio
2349 3603 2694 3670 Cosmiani.
2742 3640 2819 3650 —
2866 3601 2976 3667 Est:
3015 3601 3366 3666 nominibus

793 3709 1065 3786 apparet
1120 3726 1261 3770 eum
1303 3706 1646 3790 parentela
1702 3708 1983 3790 quadam
2038 3708 2436 3773 coniunctum
2494 3725 2623 3772 esse
2681 3726 2822 3771 cum
2880 3704 2979 3772 M.
3044 3703 3366 3769 Macrinio

800 3804 1059 3872 Vindice
1090 3809 1421 3891 praefecto
1452 3813 1788 3893 praetorio
1831 3812 1947 3876 sub
1981 3811 2078 3876 M.
2112 3810 2380 3876 Aurelio
2416 3815 2477 3875 et
2513 3830 2655 3874 cum
2686 3808 2787 3874 M.
2822 3808 3153 3874 Macrinio
3181 3807 3364 3871 Avito

797 3907 1064 3976 Catonio
1110 3910 1368 3976 Vindice
1412 3912 1496 3994 cf.
1543 3913 1719 3994 infra
1767 3914 1856 3978 M
1891 3919 1990 3981 16.
2036 3918 2137 3980 19.

665 4010 791 4076 738
839 4022 1205 4078 CLAVDIVS
1251 4024 1785 4081 MARCELLINVS
1848 4014 2140 4081 defendit
2199 4017 2265 4079 in
2323 4025 2551 4080 senatu
2608 4013 2908 4079 Flavium
2968 4004 3364 4078 Marcianum

791 4137 845 4179 a.
888 4116 1011 4180 100
1049 4116 1227 4184 Plin.
1275 4120 1450 4201 epist.
1495 4124 1560 4195 2,
1606 4124 1705 4197 11,
1749 4124 1845 4185 16.

665 4213 791 4280 '739
835 4225 913 4281 M.
962 4228 1332 4283 cLAvmvs
1393 4231 1862 4287 MARCELLVS.
1975 4222 2222 4287 Titulus
2276 4223 2411 4287 eius
2469 4221 2897 4305 Pompeianus
2956 4217 3029 4283 X
3075 4222 3208 4284 832
3247 4217 3367 4302 (D,-

790 4326 1175 4386 memoratur
1202 4322 1490 4388 Monam.
1516 4324 1755 4409 Ancyr.
1790 4325 1901 4389 lat.
1934 4331 1992 4403 4,
2023 4330 2112 4392 23
2138 4355 2220 4379 =
2244 4346 2341 4408 yr.
2375 4330 2474 4402 11,
2506 4329 2587 4390 13
2614 4323 2732 4408 (2),
2776 4325 3051 4406 fortasse
3080 4322 3273 4386 etiam
3301 4322 3367 4384 in

794 4425 838 4485 t.
885 4422 1100 4488 liberti
1148 4423 1250 4490 VI
1281 4430 1505 4492 15038.

922 4525 1009 4593 Μ.
1043 4526 1355 4594 Claudius
1392 4530 1741 4596 Marcellus
1773 4537 1816 4596 t.
1848 4536 1906 4608 1,
1948 4531 2037 4600 M.
2070 4529 2420 4596 Marcellus
2460 4536 2503 4595 t.
2532 4533 2582 4596 2
2612 4529 2746 4607 lat„
2799 4528 3069 4595 Velleius
3095 4534 3163 4605 2,
3191 4531 3287 4603 93,
3311 4530 3365 4601 1,

795 4627 1052 4695 Sueten.
1090 4631 1296 4697 Tiber.
1329 4639 1428 4710 10,
1475 4633 1608 4699 Dio
1636 4639 1736 4711 48,
1764 4639 1867 4712 38,
1914 4640 2182 4699 ceterum
2219 4632 2533 4700 Claudius
2578 4631 2924 4698 Marcellus
2964 4633 3062 4699 vel
3089 4631 3369 4715 plerum·
3500 4627 3505 4631 ’

792 4753 908 4814 que
950 4732 1316 4800 Marcellus.

920 4834 1127 4903 Filius
1172 4838 1246 4905 C.
1293 4837 1552 4905 Claudii
1594 4839 1884 4905 Marcelli
1932 4846 1976 4906 t.
2019 4847 2078 4919 1,
2136 4841 2472 4908 Plutarch.
2518 4843 2753 4911 Anton.
2794 4847 2898 4921 87,
2951 4843 3248 4911 Marcell.
3289 4847 3369 4907 30

793 4939 901 5024 (cf.
950 4941 1186 5007 Anton.
1216 4948 1316 5020 31,
1364 4944 1620 5011 Sueton.
1655 4944 1835 5014 Caes.
1866 4952 1975 5023 27,
2022 4945 2231 5013 Nicol.
2264 4944 2569 5016 Damaso.
2608 4948 2779 5030 ἶνας.
2810 4952 2932 5012 100
2974 4945 3204 5015 FHG.
3235 4948 3366 5013 III

787 5065 859 5126 p.
890 5043 1035 5126 433)
1081 5054 1146 5110 et
1189 5043 1504 5111 Octaviae
1550 5050 1788 5114 sororis
1835 5049 2120 5133 Augusti
2164 5049 2532 5129 Plutarch,
2591 5050 2855 5117 Velleius
2900 5051 2940 5118 l.
2987 5051 3066 5128 l.,
3113 5049 3368 5116 Sueten.

790 5150 1061 5231 Auyust.
1104 5154 1202 5229 63,
1256 5152 1391 5218 Dio
1430 5157 1532 5232 53,
1578 5159 1688 5232 27,
1734 5153 1976 5221 Strabo
2018 5157 2116 5231 14,
2156 5160 2217 5233 5,
2264 5159 2343 5219 14
2387 5177 2464 5239 p.
2512 5159 2650 5233 675,
2711 5155 2955 5222 Seneca
3009 5153 3239 5220 consol.
3286 5151 3371 5217 ad
