3859 5992
713 494 976 561 CATIVS
1997 490 2123 556 322
3199 496 3415 552 CATIA

964 697 1050 764 In
1104 696 1468 763 consulatu:
1518 696 1718 780 plena
1771 692 2035 762 nomina
2090 700 2308 761 extant
2367 694 2471 761 VI
2500 698 2698 761 1984.
2760 693 2958 759 Silius
3002 694 3300 759 Frontin.
3346 692 3419 756 de

833 803 1018 885 aquis
1060 805 1206 878 102,
1270 798 1470 866 Silius
1515 799 1780 865 Italicus
1823 800 2125 883 Prosper,
2174 804 2443 864 ceterum
2494 796 2759 864 Italicus
2802 798 3114 879 fasti.—
3156 793 3417 861 Italicus

838 907 903 969 in
949 903 1258 981 nummis;
1316 901 1517 968 Silius
1559 902 1825 967 Italicus
1870 901 2049 985 apud
2098 902 2404 979 Tacitum,
2452 900 2745 965 Plinium
2787 905 2845 965 et
2888 922 2959 965 m
3002 898 3283 963 codicum
3324 900 3416 962 in»

817 1006 1288 1090 ,emptionibus
1333 1004 1759 1083 Puni‚·corum
1805 1004 2005 1070 Silius
2050 1005 2225 1088 apud
2268 1003 2665 1080 Martialem,
2712 1008 2981 1068 ceterum
3018 1002 3303 1070 Italicus.

964 1107 1208 1175 Consul
1256 1128 1424 1172 anno
1469 1109 1552 1173 68
1611 1104 1774 1190 fasti
1823 1108 1905 1189 cf.
1952 1107 2119 1173 Ptin.
2167 1109 2345 1190 epist.
2391 1110 2450 1184 3,
2501 1111 2556 1183 7,
2605 1111 2664 1172 9.
2706 1111 2809 1183 10,
2873 1105 3176 1171 Martial.
3224 1108 3413 1188 θρίω.

839 1217 896 1289 7,
943 1216 1043 1288 63,
1091 1215 1167 1289 9,·
1205 1214 1267 1289 8,
1309 1215 1407 1275 66.
1499 1210 1636 1276 Sub
1692 1210 1953 1275 Nerone
2010 1210 2401 1276 credebatur
2457 1218 2687 1295 sponte
2745 1228 3115 1291 accusasse,
3183 1207 3293 1273 sed
3352 1210 3415 1272 in

837 1312 1085 1379 Vitellii
1147 1314 1429 1379 amicitia
1489 1315 1817 1398 sapienter
1874 1335 1944 1377 se
2004 1321 2070 1377 et
2126 1314 2395 1377 comiter
2446 1321 2737 1395 gesserat
2777 1310 2959 1379 Ptin.
3002 1311 3046 1376 l.
3094 1311 3135 1375 l.
3175 1311 3225 1394 5
3265 1316 3339 1389 3,·
3381 1334 3419 1375 a

836 1414 1100 1482 Vitellio
1163 1436 1384 1479 mense
1447 1410 1794 1481 Decembri
1855 1438 1914 1480 a.
1962 1415 2046 1480 69
2104 1414 2185 1479 ad
2247 1413 2569 1500 colloquia
2625 1414 2708 1478 de
2767 1436 2927 1500 pace
2986 1436 3137 1479 eum
3193 1413 3417 1478 Flavio

833 1518 1078 1585 Sabino
1137 1516 1465 1583 adhibitus
1531 1518 1678 1582 Tac.
1739 1517 1800 1585 h.
1863 1522 1925 1594 3,
1985 1522 2085 1582 65.
2184 1514 2544 1582 Proconsul
2599 1515 2801 1581 Asiae
2857 1514 2978 1581 sub
3022 1516 3417 1603 Vespasiano

832 1622 1094 1703 nummi,
1143 1642 1227 1684 ex
1273 1618 1734 1704 proconsulatu
1782 1620 1981 1685 Asiae
2024 1619 2297 1704 gloriam
2344 1621 2703 1706 reportavit
2742 1618 2921 1684 Ptin.
2953 1619 3003 1701 5
3029 1622 3092 1684 3.
3165 1619 3418 1683 Deinde

767 1708 776 1716 ⁴
837 1726 1079 1790 otiosus
1123 1721 1354 1787 litteris
1399 1745 1662 1809 operam
1709 1720 1922 1805 dabat,
1972 1745 2116 1787 cum
2164 1732 2333 1788 esset
2374 1724 2546 1786 inter
2590 1722 2919 1807 principes
2955 1723 3239 1786 civitatis
3282 1723 3419 1786 sine

836 1826 1157 1912 potentia,
1234 1825 1374 1889 sine
1451 1824 1731 1907 invidia3
1806 1826 2160 1890 novissime
2231 1827 2321 1889 ita
2378 1823 2802 1890 suadentibus
2865 1824 3052 1888 annis
3120 1823 3204 1888 ab
3261 1824 3419 1890 urbe

836 1929 1101 1994 secessit
1166 1949 1365 2013 seque
1434 1929 1498 1992 in
1569 1924 1931 2014 Campania
1998 1929 2241 2011 tenuit3
2308 1926 2395 1992 ibi
2463 1929 2527 1991 in
2592 1925 3020 2014 Neapolitano
3087 1949 3203 1992 suo
3274 1950 3417 1992 eum

834 2051 1076 2097 annum
1120 2031 1419 2116 quintum
1465 2040 1530 2095 et
1573 2032 2164 2117 septuagensimum
2209 2029 2609 2111 excessisset,
2661 2050 2831 2094 anno
2876 2028 3013 2093 fere
3046 2030 3165 2094 101
3211 2030 3421 2097 inedia

731 2126 748 2155 ³
831 2137 1035 2199 vitam
1078 2133 1292 2196 finivit
1335 2130 1514 2200 Plin.
1556 2132 1599 2198 l.
1646 2132 1686 2200 l.

969 2234 1209 2301 Orator
1255 2243 1319 2299 et
1362 2244 1585 2321 poeta:
1637 2233 1861 2299 ‘Silius
1908 2236 2200 2299 Ausonio
2245 2257 2375 2300 non
2422 2234 2618 2300 semel
2665 2257 2776 2299 ore
2819 2243 3069 2320 potens‘
3122 2234 3418 2302 Martial.

832 2343 891 2415 9,
936 2343 1039 2415 86,
1084 2344 1150 2414 2,
1202 2336 1400 2402 ‘hunc
1458 2339 1732 2402 miratur
1792 2336 2009 2402 adhue
2066 2348 2327 2403 centum
2385 2339 2607 2420 gravis
2655 2337 2841 2402 hasta
2880 2337 3202 2416 virorum,
3253 2336 3422 2401 hunc

835 2441 1125 2528 loquitur
1167 2450 1356 2523 grata
1400 2439 1715 2526 plurimus
1759 2462 1872 2504 ore
1917 2440 2141 2505 cliens’
2188 2439 2275 2507 id.
2309 2445 2365 2518 7,
2398 2445 2498 2518 63,
2534 2444 2668 2505 7-8
2708 2442 2792 2523 cf.
2841 2446 2937 2517 11,
2967 2444 3070 2517 48,
3101 2445 3160 2507 4.
3250 2440 3418 2505 Scri·

833 2543 1028 2608 bebat
1070 2543 1358 2607 carmina
1400 2545 1646 2607 maiore
1691 2564 1851 2609 eura
1879 2564 2075 2629 quam
2123 2545 2382 2628 ingenio
2417 2543 2598 2608 Plin.
2631 2543 2667 2608 l.
2705 2544 2746 2608 l.
2778 2544 2827 2627 5
2854 2548 2915 2620 5,
2961 2545 3028 2607 in
3067 2543 3144 2606 iis
3176 2543 3423 2606 Punica

834 2645 1135 2713 Martial.
1167 2650 1226 2722 4,
1258 2650 1357 2722 14,
1405 2667 1574 2731 quae
1618 2655 1847 2710 extant
1889 2646 1997 2728 (cf.
2054 2643 2650 2724 Teuffel-Schwabe,
2696 2645 3065 2711 Geschichte
3094 2645 3206 2709 der
3230 2647 3421 2709 romi·

831 2750 1018 2815 schen
1047 2749 1382 2813 Literatur
1409 2748 1457 2830 5
1488 2753 1622 2813 320
1640 2750 1713 2835 ⁸),
1763 2748 1883 2812 sub
1929 2748 2305 2813 Domitiano
2352 2748 2474 2814 Sil.
2507 2748 2763 2813 Punica
2801 2753 2862 2826 3,
2898 2752 3023 2814 594
3050 2768 3179 2829 sqq.
3254 2747 3419 2813 Cum

833 2875 873 2916 a
922 2850 1266 2916 scribendo
1325 2860 1621 2934 vacaret,
1685 2849 2076 2915 doctissimis
2136 2852 2540 2916 sermonibus
2601 2851 2738 2915 dies
2799 2851 3197 2934 transigebat
3238 2849 3419 2914 Plin.

836 2955 874 3022 l.
912 2955 953 3019 l.
983 2954 1032 3037 5
1061 2959 1120 3031 4,
1168 2975 1315 3017 cum
1346 2953 1640 3038 Epicteto
1672 2952 2160 3038 philosophatus
2194 2963 2291 3019 est
2318 2954 2591 3037 Epictet.
2625 2953 2773 3019 dise.
2802 2958 2862 3031 3,
2892 2957 2954 3031 8,
2988 2958 3046 3018 7.
3099 2953 3419 3018 Patronus

834 3053 1152 3120 Martialis
1197 3065 1427 3140 poetae
1460 3056 1574 3141 qui
1620 3054 1699 3119 ad
1750 3078 1894 3121 eum
1944 3057 2205 3142 scripsit
2234 3058 2430 3138 φέρ”.
2462 3060 2521 3133 4,
2553 3060 2668 3133 14,-
2715 3060 2771 3131 7,
2805 3059 2918 3133 63,·
2958 3058 3020 3132 8,
3053 3059 3134 3119 66
3145 3074 3169 3132 ,·
3212 3060 3271 3132 9,
3301 3059 3387 3119 86
3399 3075 3419 3132 ,·

836 3163 936 3236 11,
975 3162 1077 3223 48.
1124 3162 1222 3239 49,
1273 3168 1611 3242 praeterea
1671 3181 1815 3223 eum
1878 3157 2100 3224 laudat
2143 3164 2201 3236 6,
2250 3164 2346 3236 64,
2392 3164 2494 3222 10.
2583 3158 2894 3224 Annaeus
2936 3157 3263 3223 Cornutus
3308 3154 3416 3238 (cf.

831 3259 895 3323 A
925 3259 1072 3342 450)
1103 3260 1184 3325 ad
1219 3259 1512 3325 Italicum
1548 3260 1629 3325 de
1662 3261 1957 3344 Vergilio
2004 3261 2168 3327 libro
2204 3262 2269 3326 X
2303 3259 2560 3327 Charis.
2594 3259 2881 3328 Gramm.
2916 3262 3064 3325 Lat.
3097 3260 3149 3325 I
3169 3281 3240 3342 p.
3272 3263 3418 3327 125.

965 3361 1239 3427 Liberos
1284 3363 1447 3428 duos
1494 3362 1738 3441 habuit,
1789 3385 1873 3428 ex
1918 3363 2155 3450 quibus
2189 3366 2502 3429 minorem
2539 3364 2857 3430 Severum
2903 3364 3161 3427 nomine
3206 3364 3421 3427 amisit

830 3466 1013 3530 Ptin.
1062 3465 1102 3533 l.
1151 3465 1189 3529 l.
1235 3465 1284 3548 5
1324 3470 1389 3548 2,
1454 3467 1520 3530 in
1579 3466 1762 3530 cuius
1805 3476 2080 3531 mortem
2126 3465 2446 3531 Martialis
2491 3468 2750 3553 scripsit
2788 3468 2983 3550 epiyr.
3029 3470 3089 3542 9,
3133 3469 3219 3530 86
3232 3485 3251 3541 ,·
3307 3464 3416 3529 sed

830 3571 1138 3634 maiorem
1183 3567 1644 3654 melioremque
1689 3567 2025 3633 florentem
2057 3580 2251 3656 atque
2285 3570 2477 3634 etiam
2508 3568 2912 3634 consularem
2943 3568 3208 3655 reliquit
3239 3567 3417 3635 Ptin.

833 3671 874 3737 Ζ.
922 3670 984 3748 L,
1033 3672 1095 3734 in
1142 3670 1327 3734 euius
1373 3669 1776 3736 consulatum
1822 3670 2141 3737 Martialis
2187 3672 2445 3758 scripsit
2489 3674 2684 3755 epiqr.
2714 3676 2776 3749 8,
2809 3676 2905 3736 66.
2951 3709 3033 3718 -
3071 3669 3307 3736 Plures
3353 3673 3416 3734 in

834 3774 1036 3840 isdem
1080 3771 1237 3838 locis
1284 3771 1470 3838 villas
1516 3773 1889 3860 possidebat
1934 3775 2112 3839 Plin.
2160 3775 2200 3839 l.
2248 3774 2288 3839 l.
2333 3776 2382 3857 5
2415 3780 2458 3837 8
2501 3776 2640 3858 (ubi
2695 3774 2770 3840 de
2813 3770 3204 3857 Campaniae
3263 3772 3415 3839 locis

824 3879 884 3941 si
924 3881 1132 3941 minus
1161 3875 1364 3940 solum
1402 3880 1471 3940 at
1501 3878 1903 3958 potissimum
1944 3877 2343 3960 coyitandum
2372 3898 2503 3942 esse
2532 3899 2608 3941 ex
2638 3881 2927 3942 contextu
2960 3882 3247 3960 apparet,
3279 3897 3417 3941 cum

829 3978 1092 4042 Plinius
1136 3977 1211 4042 de
1254 3998 1493 4042 secessu
1524 3976 1850 4060 Campano
1879 3978 2034 4044 Silii
2063 3979 2265 4062 ayat.)
2334 3979 2716 4045 Possidebat
2745 3989 3228 4044 monumentum
3261 3978 3418 4043 Ver-

827 4079 967 4163 gilii
1018 4078 1519 4165 Neapolitanum
1581 4091 1644 4145 et
1701 4080 1977 4146 fundum
2036 4082 2147 4168 qui
2208 4081 2538 4168 quondam
2584 4082 2919 4148 Ciceronis
2981 4082 3193 4146 fuerat
3238 4079 3417 4145 Plin.

828 4181 866 4247 l.
902 4182 941 4250 l.
972 4183 1020 4265 5
1051 4186 1110 4258 8,
1157 4182 1454 4247 Martial.
1496 4188 1594 4260 11,
1626 4187 1728 4248 48.
1760 4188 1860 4251 49.
1937 4184 2023 4249 Id
2049 4186 2247 4266 fuisse
2283 4183 2713 4249 Tusculanum
2741 4184 2817 4249 de
2844 4184 3040 4249 Ros-si
3067 4182 3420 4248 Bullettino

693 4308 698 4315 ·
831 4285 1154 4350 comunale
1196 4289 1368 4351 1882
1416 4308 1488 4370 p.
1534 4291 1654 4351 141
1699 4288 1835 4351 ,ςίπε
1878 4286 2109 4352 idonea
2153 4307 2350 4352 causa
2393 4288 2522 4352 sibi
2548 4289 2896 4370 persuasit,
2943 4286 3114 4370 quod
3162 4285 3423 4351 Tusculi

829 4393 874 4453 t.
917 4388 1180 4453 mutilus
1207 4387 1394 4454 XIV
1410 4392 1582 4454 2653
1620 4394 1909 4471 repertus
1954 4393 2045 4453 est
2074 4390 2157 4454 D.
2192 4389 2280 4452 M.
2315 4388 2645 4454 Crescenti
2681 4389 2797 4456 Sili
2828 4387 3043 4455 Italici
3073 4386 3417 4471 collegium

832 4489 1175 4555 salutarem
1225 4539 1242 4555 .
1269 4539 1284 4556 .
1312 4540 1370 4573 .,
1417 4493 1527 4572 qui
1568 4496 1611 4555 t.
1656 4511 1813 4556 sane
1857 4491 1946 4556 ad
1973 4496 2233 4573 poetam
2275 4490 2373 4555 vel
2409 4491 2498 4556 ad
2539 4492 2744 4575 filium
2785 4496 3070 4574 spectare
3100 4494 3332 4574 potest.

707 4594 832 4660 475
879 4594 1084 4675 Catia,
1137 4603 1491 4659 ‘matronae
1538 4605 1796 4680 praeter
1840 4594 2070 4658 faeiem
2115 4593 2207 4658 nil
2252 4616 2518 4659 cernere
2563 4595 2788 4680 possis,
2836 4604 3069 4677 cetera,
3119 4593 3185 4657 ni
3233 4592 3421 4658 Catia
3468 4599 3472 4603 “

831 4706 946 4778 est,
1005 4696 1283 4761 demissa
1326 4709 1504 4763 veste
1552 4699 1852 4781 tegentis’
1890 4697 2119 4762 Horat.
2160 4702 2281 4763 sat.
2328 4702 2386 4775 1,
2432 4702 2498 4775 2,
2542 4699 2623 4761 95
2648 4717 2736 4779 sq.
2819 4695 3009 4761 Catia
3053 4695 3137 4761 ob
3182 4694 3418 4781 pulcri·

831 4799 1118 4864 tudinem
1177 4822 1441 4864 crurum
1501 4799 1750 4887 pudore
1810 4799 2106 4883 neglecto
2163 4798 2297 4864 alta
2336 4809 2519 4864 veste
2582 4799 2921 4881 utebatur3
2983 4797 3145 4863 haec
3203 4808 3419 4863 autem

833 4903 998 4967 adeo
1043 4900 1195 4966 vilis
1242 4902 1383 4985 fuit,
1433 4912 1505 4966 ut
1550 4905 1613 4966 in
1651 4901 1814 4968 aede
1841 4903 2120 4968 Veneris
2160 4901 2395 4967 theatri
2426 4902 2802 4987 Pompeiani
2835 4899 3229 4966 adulterium
3274 4921 3418 4964 cum

828 5004 1090 5072 Valerio
1130 5002 1360 5072 'Siculo
1407 5005 1668 5072 tribuno
1714 5006 1927 5094 plebis
1974 5007 2308 5072 admiserit
2350 5005 2710 5090 Porphyrio
2756 5004 2843 5069 ad
2887 5003 2927 5069 l.
2976 5002 3015 5067 l.
3052 5025 3124 5085 p.
3158 5008 3282 5068 196
3325 5002 3418 5067 ed.

823 5110 1069 5193 Meyer.
3254 5164 3257 5169 .
