3859 5992
587 517 1039 573 ARTABANVS
1878 506 2002 572 149
2803 515 3299 572 ARTABASDES

719 713 1032 780 inhibitus
1077 724 1209 797 est3
1254 713 1444 779 simul
1491 714 1812 779 intestinis
1858 712 2285 779 seditionibus
2329 734 2530 798 regno
2575 712 2801 800 pulsus
2847 715 2917 779 in
2962 713 3300 801 Scythiam

718 818 887 901 fugit
915 839 1085 882 anno
1115 818 1200 883 35
1239 816 1388 882 Tac.
1422 838 1483 881 a.
1515 821 1573 893 6,
1604 820 1835 893 33-36,
1883 816 2018 881 Dio
2046 820 2147 894 58,
2180 821 2287 894 26,
2319 816 2567 900 Ioseph.
2603 822 2735 883 ant.
2764 822 2867 896 18,
2896 822 2958 896 4,
2990 824 3051 885 4.
3105 816 3300 884 Anno

723 922 805 986 36
834 944 875 985 a
903 921 1180 1006 satrapis
1210 919 1604 1006 quibusdam
1635 942 1719 984 ex
1749 920 2089 1004 Hyrcania
2118 930 2463 985 revocatus
2493 943 2612 1007 per
2639 919 2888 986 auxilia
2911 921 3304 1007 Scytharum

721 1044 992 1107 regnum
1024 1023 1437 1109 recuperavit
1464 1021 1758 1088 Tiridate
1788 1023 1856 1087 in
1880 1022 2139 1108 Syriam
2171 1023 2357 1108 pulso
2397 1024 2544 1090 Tac.
2580 1045 2640 1089 a.
2671 1028 2728 1102 6,
2759 1028 2996 1102 43-44,
3027 1023 3161 1092 Dio
3193 1025 3233 1095 l.
3259 1025 3302 1095 l.

720 1126 889 1212 (inde
918 1125 1152 1192 Petrus
1179 1125 1510 1191 Patricius
1537 1127 1770 1209 fraqm.
1799 1130 1849 1194 2
1894 1125 2142 1192 Μᾱῖῑεν
2167 1126 2221 1193 I
2226 1125 2333 1212 V),
2380 1126 2628 1209 Ioseph.
2676 1125 2716 1192 l.
2749 1125 2791 1192 l.
2866 1127 3005 1194 Sub
3048 1129 3304 1194 initium

722 1229 974 1315 imperii
1040 1228 1114 1295 O.
1182 1228 1481 1295 Caesaris
1544 1228 1921 1295 Artabanus
1988 1228 2157 1295 ultro
2224 1230 2570 1295 amicitiam
2643 1229 3053 1316 imperatoris
3116 1232 3304 1317 petiit

721 1334 1029 1418 venitque
1073 1331 1154 1396 ad
1189 1331 1539 1418 Euphratis
1584 1333 1760 1419 ripas
1804 1333 1870 1396 in
1916 1331 2313 1419 colloquium
2352 1332 2429 1401 L.
2460 1330 2713 1397 Vitellii
2755 1342 2819 1398 et
2864 1342 3304 1417 transgressus

720 1434 1125 1522 Euphratem
1170 1433 1420 1520 aquilas
1464 1444 1529 1499 et
1571 1436 1758 1515 signa
1805 1456 2071 1501 romana
2116 1433 2602 1521 Caesarumque
2646 1435 2960 1519 imagines
3006 1435 3307 1502 adoravit

718 1537 1086 1624 liberosque
1119 1536 1378 1602 obsides
1410 1536 1590 1603 dedit
1619 1538 1878 1605 Sueton.
1920 1537 2127 1621 Caliy.
2158 1543 2257 1615 14,
2298 1537 2504 1604 Vitell.
2535 1544 2602 1616 2,
2632 1536 2766 1604 Dio
2794 1543 2896 1617 59,
2926 1544 3021 1606 27
3031 1559 3052 1618 ;
3081 1544 3305 1606 eontra

719 1640 1024 1724 Iosephus
1066 1644 1166 1718 18,
1211 1645 1270 1718 4,
1315 1645 1357 1706 5
1416 1641 1792 1724 colloquium
1846 1643 1987 1706 vivo
2038 1642 2291 1707 Tiberio
2348 1641 2637 1707 habitum
2693 1661 2823 1707 esse
2864 1643 3140 1725 scripsit,
3202 1642 3309 1709 cui

722 1744 1064 1833 assentitur
1091 1764 1212 1809 von
1243 1742 1634 1821 Gutschmid,
1671 1742 2040 1809 Geschichte
2070 1744 2267 1809 Irans
2298 1766 2370 1827 Ρ.
2401 1749 2538 1810 122
2578 1764 2640 1810 n.
2672 1749 2731 1812 1.
2813 1745 3061 1809 Iterum
3102 1765 3304 1830 regno

720 1845 946 1933 pulsus
977 1846 1061 1912 ad
1090 1848 1331 1913 Izatem
1362 1867 1581 1930 regem
1611 1844 2102 1911 Adiabenorum
2147 1845 2442 1930 confugit
2472 1856 2537 1911 et
2566 1868 2764 1933 opera
2794 1848 2933 1912 eius
2971 1849 3305 1914 restitutus

720 1958 818 2014 est
858 1948 1090 2033 Ioseph
1133 1954 1266 2016 ant.
1310 1954 1418 2028 20,
1449 1953 1509 2027 3,
1543 1953 1712 2027 1-3;
1754 1949 1950 2036 paulo
1999 1958 2145 2035 post
2188 1949 2389 2034 (circa
2433 1970 2495 2014 a.
2527 1953 2637 2034 40)
2694 1958 2989 2016 mortuus
3033 1960 3131 2016 est
3173 1949 3304 2021 ibd.

720 2057 830 2130 20,
861 2057 921 2130 3,
952 2057 1013 2119 4.

591 2172 719 2238 952
761 2171 1158 2256 Artabanus,
1190 2171 1364 2238 filius
1385 2170 1707 2238 Artabani
1739 2172 1912 2255 regis
1945 2169 2031 2251 (n.
2057 2171 2204 2249 951)
2241 2181 2390 2258 post
2415 2180 2685 2237 mortem
2716 2173 2921 2259 patris
2949 2193 2991 2237 a
3021 2173 3306 2241 Gotarze

718 2275 921 2341 fratre
965 2298 1113 2341 cum
1156 2298 1360 2340 uxore
1403 2274 1666 2361 filioque
1711 2275 1960 2340 occisus
2006 2285 2104 2340 est
2154 2275 2301 2341 Tac.
2350 2295 2499 2342 ann.
2530 2280 2632 2353 11,
2662 2279 2722 2340 8.

590 2395 716 2460 953
758 2395 1152 2479 Artabanus,
1203 2395 1465 2461 ultimus
1506 2417 1624 2460 rex
1655 2394 2066 2460 Parthorum.
2134 2394 2301 2461 Cum
2334 2395 2687 2481 Septimius
2719 2394 3003 2461 Severus
3036 2395 3189 2460 inde
3217 2393 3303 2461 ab

718 2521 887 2563 anno
936 2499 1057 2564 198
1116 2497 1356 2564 bellum
1415 2507 1642 2564 contra
1684 2497 1960 2563 Parthos
2005 2507 2279 2582 gereret,
2326 2496 2700 2563 Artabanus
2746 2499 2947 2564 frater
2991 2497 3305 2583 Vologasi

719 2600 892 2685 apud
924 2622 1073 2667 eum
1103 2602 1230 2667 fuit
1255 2601 1388 2667 Dio
1419 2606 1516 2679 75,
1552 2606 1611 2670 9.
1678 2601 2061 2686 (Perper-am
2089 2601 2503 2667 Herodianus
2529 2605 2589 2678 3,
2623 2605 2680 2678 9,
2712 2606 2793 2667 10
2825 2606 2972 2667 tunc
3001 2603 3301 2684 temporis

720 2702 1132 2769 Artabanum
1180 2724 1478 2789 reynasse
1542 2709 1602 2769 et
1645 2725 1688 2768 a
1732 2704 1964 2771 Severo
2004 2726 2198 2788 reyno
2230 2704 2493 2788 pulsum
2536 2724 2666 2769 esse
2706 2703 2950 2788 refert).
3034 2703 3194 2770 Cum
3239 2726 3301 2771 a.

720 2810 850 2872 216
871 2806 1238 2872 Antoninus
1261 2807 1481 2874 Severi
1507 2807 1683 2891 filius
1710 2806 2019 2891 Voloyaso
2045 2828 2112 2872 se
2136 2807 2366 2872 bellum
2392 2806 2744 2872 inlaturum
2771 2826 2900 2871 esse
2927 2807 3304 2885 minaretwr,

715 2909 848 2973 nisi
884 2908 1233 2975 Tiridatem
1261 2914 1321 2975 et
1347 2909 1734 2974 Antiochum
1764 2909 2014 2975 dederet
2040 2908 2175 2974 Dio
2206 2915 2304 2986 77,
2335 2913 2435 2986 19,
2471 2907 2675 2992 paulo
2691 2913 2844 2991 post
2874 2914 3083 2975 autem
3104 2909 3307 2976 Arta-

722 3013 925 3077 banus
967 3013 1176 3094 frater
1220 3011 1517 3097 Voloyasi
1558 3033 1699 3077 cum
1740 3012 2054 3077 Romanis
2099 3011 2393 3088 bellaret,
2456 3010 2667 3077 eodem
2708 3012 2845 3093 fere
2899 3016 3172 3095 tempore
3212 3012 3311 3079 vel

718 3136 847 3180 non
874 3115 1072 3181 multo
1103 3121 1249 3181 ante
1279 3116 1387 3199 (cf.
1418 3136 1538 3180 von
1572 3113 1962 3191 Gutschmid,
1999 3113 2366 3181 Geschichte
2393 3113 2592 3180 Irans
2608 3136 2681 3197 Ρ.
2705 3118 2827 3180 154
2854 3135 2916 3179 n.
2949 3118 3016 3199 1)
3044 3136 3309 3199 reynum

719 3221 1057 3303 sumpsisse
1099 3219 1365 3285 videtur.
1441 3219 1574 3285 Sed
1613 3219 1864 3284 etiamsi
1889 3218 2272 3284 Artabanus
2314 3238 2624 3282 sununam
2658 3238 2874 3283 rerum
2903 3217 3168 3302 adeptus
3196 3223 3305 3296 est,

722 3327 932 3389 tamen
975 3322 1318 3407 Voloyasus
1361 3323 1432 3387 in
1477 3327 1672 3406 parte
1714 3320 2119 3405 Babylonica
2174 3322 2354 3404 reyni
2398 3341 2524 3404 per
2569 3319 2968 3403 aliquantum
3013 3322 3310 3404 temporis

722 3425 840 3508 (vel
868 3430 1024 3509 post
1049 3424 1383 3489 Artabani
1425 3423 1667 3489 cladem
1709 3429 1766 3488 et
1809 3422 2043 3507 necem)
2074 3424 2329 3507 imperii
2362 3423 2629 3506 speciem
2657 3421 2981 3505 quandam
3009 3425 3305 3502 exercuit,

719 3531 793 3591 ut
848 3527 1068 3593 docent
1121 3528 1364 3592 nummi
1405 3525 1792 3610 Babylonici
1833 3546 1975 3590 cum
2014 3526 2428 3609 inscriptione
2479 3525 2756 3590 nominis
2800 3525 2934 3591 eius
2987 3525 3304 3605 Gardner,

722 3630 1046 3696 Parthian
1090 3632 1350 3715 coinage
1379 3653 1452 3714 Ρ.
1482 3634 1585 3696 59.

851 3751 1204 3836 Postquam
1252 3725 1639 3816 ’Artabanus
1701 3770 1976 3833 regnum
2033 3747 2306 3834 adeptus
2367 3756 2493 3831 est,
2555 3746 2928 3814 Antoninus
2979 3758 3308 3835 tamquam

724 3854 959 3937 iratus,
1028 3852 1204 3938 quod
1264 3852 1388 3918 sibi
1446 3851 1766 3919 Artabani
1824 3850 2027 3916 filiam
2087 3871 2357 3914 uxorem
2424 3852 2666 3937 petenti
2726 3873 2845 3916 rex
2901 3850 3305 3937 denegasset,

723 3966 949 4022 contra
1008 3978 1154 4020 eum
1213 3956 1542 4042 profectus
1603 3954 1989 4020 Adiabenen
2047 3953 2333 4018 vastavit
2391 3952 2524 4019 Dio
2569 3957 2666 4030 78,
2714 3959 2755 4019 1
2817 3955 3049 4038 (inepte
3094 3954 3169 4021 dc
3211 3954 3312 4022 his

720 4061 906 4126 rebus
934 4059 1298 4125 hariolatur
1326 4058 1731 4124 Herodianus
1759 4063 1819 4134 4,
1844 4062 1944 4133 10,
1976 4061 2017 4120 1
2038 4060 2233 4134 -11,
2269 4054 2351 4137 7).
2396 4054 2481 4121 Α.
2510 4056 2635 4121 217
2666 4055 3041 4122 Artabanus
3072 4078 3306 4142 magno

725 4164 1016 4228 exercitu
1061 4160 1330 4227 collecto
1367 4159 1695 4247 Opellium
1733 4159 2123 4235 Macrinum,
2171 4159 2286 4244 qui
2332 4168 2477 4244 post
2508 4157 2912 4224 Antoninum
2959 4161 3310 4247 imperator

725 4275 1136 4352 nuncupatus
1183 4277 1337 4347 erat,
1385 4263 1557 4350 apud
1603 4261 1881 4329 Nisibim
1927 4262 2031 4328 bis
2076 4263 2215 4327 acie
2258 4261 2450 4344 vicit3
2498 4260 2650 4325 inde
2692 4261 3025 4327 Macrinus
3072 4262 3304 4345 grandi

727 4371 1000 4455 pecunia
1057 4390 1283 4455 pacem
1345 4389 1491 4431 cum
1554 4389 1630 4433 eo
1690 4366 2052 4452 composuit
2104 4364 2237 4430 Dio
2283 4367 2384 4441 78,
2434 4368 2668 4430 26-27
2721 4364 3048 4448 (Zonaras
3091 4371 3195 4443 12,
3229 4371 3309 4432 13

724 4495 797 4555 Ρ.
820 4476 943 4537 115
972 4471 1065 4536 ed.
1097 4467 1446 4551 Dindorf),
1476 4469 1585 4534 vit.
1620 4467 1916 4533 Macrini
1938 4471 2000 4545 8,
2031 4471 2092 4545 3,
2137 4465 2304 4531 male
2332 4464 2743 4531 Herodianus
2769 4470 2828 4543 4,
2860 4471 3091 4533 14-15.
3172 4469 3309 4535 Ma-

679 4636 688 4643 .
724 4575 944 4640 crinus
988 4596 1046 4638 a.
1089 4574 1214 4639 218
1257 4570 1430 4659 apud
1463 4570 1879 4645 Antiochiam
1923 4573 2139 4635 victus
2170 4567 2767 4634 Diadumenianum
2810 4567 3017 4634 filium
3047 4570 3132 4635 ad
3163 4594 3312 4638 eum

722 4678 897 4741 misit
924 4675 1060 4742 Dio
1092 4679 1192 4751 78,
1225 4680 1327 4741 39.
1400 4673 1508 4740 Ab
1540 4674 1911 4740 Artaxerxe
1958 4672 2166 4737 tribus
2210 4669 2472 4757 proeliis
2516 4672 2727 4736 victus
2772 4673 3021 4736 occisus
3052 4684 3150 4749 est
3177 4673 3313 4740 Dio

720 4785 822 4856 80,
853 4785 913 4857 3,
959 4777 1317 4844 Herodian.
1348 4782 1406 4854 6,
1438 4783 1505 4855 2,
1536 4783 1595 4843 1.
1631 4783 1707 4856 7,·
1735 4782 1794 4855 6,
1819 4782 1880 4849 3,
1912 4781 1973 4854 5,
2021 4775 2319 4841 Zonaras
2347 4778 2452 4852 12,
2482 4778 2565 4840 15
2589 4797 2663 4858 Ρ.
2687 4780 2834 4842 121.
2907 4774 3013 4842 De
3040 4781 3314 4861 oempore

727 4882 876 4947 belli
914 4883 997 4964 ef.
1036 4880 1466 4945 Artaxerxem
1507 4902 1570 4945 n.
1600 4884 1743 4946 960.

596 5002 722 5067 954
765 5001 1161 5080 Artabassis,
1196 5001 1404 5086 Syrus
1437 5005 1826 5066 memoratur
1853 5002 1921 5065 in
1946 4997 2219 5083 epistula
2256 4999 2412 5083 ficta
2450 4997 2783 5063 Valeriani
2808 4999 2917 5064 vit.
2939 4997 3148 5066 Probi
3166 5006 3226 5078 4,
3252 5007 3309 5066 1.

615 5141 702 5152 —
766 5103 1163 5170 Artabasdes
1206 5123 1263 5167 v.
1313 5101 1731 5168 Artavasdes.
