3859 5992
565 521 992 595 Annvn‘rws
1208 534 1219 546 ·
1861 530 1986 594 144
2843 538 3271 595 ARRVNTrvs

691 738 765 806 O.
791 738 1049 804 Sosium
1075 737 1367 818 servavit
1404 734 1672 801 Velleius
1698 739 1763 812 2,
1796 740 1896 801 86.
1972 734 2217 802 Consul
2248 758 2305 800 a.
2339 736 2464 802 733
2494 765 2579 790 =
2611 738 2694 802 22
2724 737 2904 818 fasti.
2928 774 3018 784 —
3039 738 3278 804 XVvir

691 842 891 906 sacris
936 838 1259 904 faciundis
1305 843 1347 903 t.
1379 843 1418 902 1
1462 861 1631 904 anno
1678 838 1801 904 737
1840 870 1924 892 =
1959 838 2036 904 17
2083 844 2123 903 t.
2157 845 2225 906 ,2.

775 944 853 1008 L.
868 942 1241 1025 ArruntiuS,
1257 944 1362 1007 vir
1375 963 1560 1005 rarae
1580 939 1969 1025 frugilitatiS,
1991 945 2101 1028 qui
2120 941 2418 1007 historias
2434 941 2588 1006 belli
2608 942 2840 1007 Punici
2858 943 3134 1029 scripsit,
3155 944 3280 1008 fuit

691 1045 1123 1113 Sallustianus
1155 1045 1398 1111 Seneca
1427 1045 1604 1128 epist.
1635 1049 1773 1121 114,
1807 1050 1894 1109 17
1916 1064 2045 1127 sqq.
2120 1045 2196 1109 L.
2230 1045 2580 1110 Arruntius
2611 1054 2838 1110 auctor
2869 1045 3065 1111 Plinii
3097 1045 3274 1112 Plin.

685 1170 751 1214 n.
781 1149 842 1214 h.
872 1149 1003 1214 ind.
1038 1148 1077 1215 l.
1108 1153 1169 1213 3.
1198 1151 1258 1212 5.
1291 1152 1349 1214 6.
1371 1185 1458 1194 -
1479 1147 1723 1212 Rerum
1744 1149 2019 1231 scriptor
2038 1151 2255 1211 utrum
2273 1153 2486 1212 noster
2509 1169 2596 1213 an
2615 1147 2790 1232 filius
2812 1148 2948 1231 (qui
2974 1146 3277 1231 sequitui)

686 1250 1137 1334 intelleqenclus
1192 1250 1294 1325 sit,
1345 1248 1669 1314 decernere
1726 1251 1834 1314 vix
1893 1250 2100 1313 ausim
2154 1271 2393 1333 parum
2453 1250 2729 1333 conlisus
2784 1250 3278 1319 ratiocinatione

685 1354 962 1432 illorum,
1014 1353 1129 1435 qui
1167 1353 1360 1416 verba
1392 1352 1668 1418 Senecae
1716 1363 1926 1418 ‘rarae
1968 1351 2368 1436 fragilitatis‘
2420 1352 2509 1417 ad
2550 1357 2854 1429 nostrum,
2901 1354 3128 1436 quippe
3167 1354 3280 1435 qui

689 1478 732 1521 a
769 1457 999 1523 Velleio
1027 1461 1094 1533 2,
1119 1460 1218 1533 86,
1243 1461 1292 1522 2
1319 1456 1421 1519 vir
1453 1457 1687 1541 ‘prisca
1718 1458 2043 1539 gravitate
2072 1453 2555 1521 celeberrimus’
2593 1455 2907 1533 laudetur,
2938 1455 3277 1537 referenda

689 1579 818 1625 esse
862 1563 1253 1624 censuerunt.

561 1663 687 1728 929
732 1673 798 1727 L.
846 1671 1293 1744 ARRVNTIVS,
1343 1659 1566 1726 consul
1614 1662 1739 1727 759
1769 1691 1853 1715 =
1883 1664 1924 1728 6
1971 1684 2031 1748 p.
2065 1660 2140 1728 C.
2199 1684 2345 1726 611111
2387 1662 2477 1727 Μ.
2523 1661 2803 1727 Aemilio
2847 1661 3120 1748 Lepido,
3190 1662 3275 1727 In

688 1766 1051 1832 consulatu:
1094 1765 1172 1832 L.
1204 1762 1557 1828 Arruntius
1601 1765 1764 1846 fasti
1803 1762 1981 1847 Cap„
2026 1763 2160 1829 Dio
2204 1764 2336 1833 ind.
2381 1764 2422 1832 l.
2453 1770 2571 1843 55,·
2612 1769 2708 1842 55,
2747 1770 2851 1842 25,
2898 1765 2950 1830 Ι
2986 1769 3126 1830 752.
3159 1770 3277 1829 753

686 1871 776 1935 II
785 1875 949 1934 3695
987 1868 1089 1934 VI
1098 1872 1320 1944 14844,
1350 1867 1830 1932 Monumentum·
1853 1868 2182 1950 Ancyran.
2218 1867 2329 1931 lat.
2354 1872 2413 1944 3,
2446 1872 2527 1933 35
2550 1899 2633 1922 =
2650 1891 2747 1951 yr.
2781 1874 2841 1946 9,
2873 1873 2971 1947 14,
3006 1874 3270 1933 ceterum

686 1973 1061 2057 plerumque
1104 1970 1459 2036 Arruntius
1497 1970 1677 2052 fasti.

811 2077 889 2141 L.
937 2074 1001 2157 f.‚
1051 2074 1124 2140 L.
1174 2095 1236 2140 n.
1282 2074 1445 2155 fasti
1497 2072 1678 2156 Gap„
1724 2074 1801 2138 L.
1835 2073 1877 2140 f.
1921 2072 2055 2138 Dio
2098 2074 2228 2141 incl.
2279 2075 2320 2139 l.
2350 2078 2448 2152 55,
2496 2073 2668 2139 filius
2710 2073 2995 2140 consulis
3039 2098 3097 2139 a.
3149 2074 3273 2140 733

686 2207 768 2230 Ξ
800 2180 902 2243 22.
981 2175 1223 2243 Consul
1255 2198 1314 2246 a.
1343 2178 1384 2242 6
1414 2200 1477 2263 p.
1512 2177 1585 2242 O.
1628 2198 1682 2242 v.
1714 2196 1934 2260 supra,
1979 2178 2046 2242 in
2092 2176 2405 2242 kalendas
2436 2178 2637 2242 Iulias
2671 2180 2834 2261 fasti
2872 2177 3031 2261 Cap.
3075 2178 3155 2244 A.
3195 2178 3273 2243 14

688 2282 755 2345 in
817 2290 1047 2345 senatu
1103 2282 1488 2345 sententiam
1547 2279 1717 2344 dixit
1767 2281 1914 2346 Tac.
1949 2302 2008 2348 a.
2041 2285 2099 2357 1,
2130 2285 2191 2345 8.
2266 2280 2569 2346 Tiberius
2631 2304 2775 2346 eum
2836 2281 3102 2346 divitem
3164 2278 3271 2362 (ef.

694 2383 840 2451 Tac.
872 2405 933 2449 a.
965 2388 1065 2461 11,
1101 2387 1182 2468 7),
1244 2391 1614 2469 promptum
1658 2382 1909 2448 actibus
1957 2384 2235 2467 egregiis
2296 2393 2361 2448 et
2415 2386 2553 2470 pari
2605 2383 2779 2449 fama
2824 2383 3269 2470 suspectabat3

687 2485 770 2550 ab
807 2486 1109 2570 Augusto
1156 2488 1423 2572 imperio
1470 2486 1708 2569 dignus
1753 2485 2015 2552 habitus
2060 2486 2189 2551 ibcl.
2229 2493 2285 2564 1,
2318 2492 2417 2552 13.
2490 2486 2570 2552 A.
2608 2488 2686 2552 15
2730 2510 2890 2552 cura
2932 2485 3271 2552 coercendi

687 2589 943 2655 Tiberis
973 2588 1164 2654 Ateio
1197 2589 1498 2675 Capitoni
1545 2599 1609 2653 et
1636 2589 1712 2653 L.
1741 2588 2053 2653 Arruntio
2084 2590 2392 2655 mandata
2422 2602 2520 2655 est
2552 2590 2678 2655 ibd.
2711 2597 2767 2667 1,
2802 2595 2899 2657 76.
2932 2595 3030 2655 79.
3076 2589 3158 2657 A.
3190 2591 3274 2654 20

682 2716 724 2758 a
768 2692 887 2758 Cn.
935 2693 1172 2758 Pisone
1223 2701 1535 2778 patronus
1595 2693 1838 2778 petitus
1893 2714 1962 2756 se
2021 2694 2363 2757 excusavit
2426 2693 2550 2758 ibcl.
2581 2697 2640 2769 3,
2674 2698 2772 2758 11.
2844 2692 3275 2758 Accusatores

683 2797 822 2859 eius
868 2794 1156 2859 damnati
1211 2804 1398 2859 erant
1455 2794 1584 2860 ibd.
1629 2799 1688 2872 6,
1725 2800 1767 2859 7
1805 2795 2009 2879 (intra
2055 2817 2115 2861 a.
2145 2798 2356 2873 29l31‚
2405 2818 2533 2879 qua
2577 2795 2651 2860 cle
2692 2817 2764 2859 re
2805 2818 2967 2879 qzme
3016 2797 3276 2862 Tacitus

682 2898 1034 2975 rettulerat,
1095 2898 1330 2963 lacuna
1370 2898 1605 2961 codicis
1645 2899 2026 2981 perierunt).
2115 2898 2499 2985 Hispaniam
2558 2901 2978 2983 (citeriorem)
3040 2898 3271 2963 absens

689 3004 862 3066 rexit
902 3001 986 3065 id.
1031 3000 1091 3065 h.
1138 3007 1204 3078 2,
1248 3004 1325 3067 65
1382 3001 1534 3065 inde
1588 3000 1671 3066 ab
1718 3025 1776 3066 a.
1823 3003 1906 3067 25
1953 3003 2034 3085 cf.
2078 3003 2168 3067 id.
2201 3025 2262 3069 a.
2292 3008 2353 3080 4,
2383 3007 2497 3080 45,
2544 3004 2757 3067 minus
2800 3006 3097 3067 accurate
3139 2999 3267 3067 ibcl.

683 3110 742 3182 6,
774 3110 867 3171 27
905 3105 1019 3169 sub
1065 3126 1126 3169 a.
1164 3109 1247 3167 33
1291 3103 1447 3169 dicit
1491 3126 1638 3169 eum
1690 3104 2011 3169 decimum
2069 3106 2195 3171 iam
2241 3128 2485 3170 annum
2529 3108 2810 3171 attineri.
2886 3104 2967 3170 A.
3008 3105 3089 3170 37
3135 3103 3270 3168 Ma·

680 3229 876 3273 crone
920 3216 1184 3271 auctore
1229 3206 1530 3272 adulterii
1560 3206 1930 3273 Albucillae
1961 3207 2215 3273 delatus
2246 3231 2446 3273 venas
2478 3208 2757 3273 exsolvit
2786 3208 2916 3273 ibd.
2948 3212 3006 3284 6,
3031 3210 3267 3284 47-48,

682 3309 817 3375 Dio
856 3314 957 3387 58,
990 3315 1098 3376 27.

809 3414 1228 3500 Propinquus
1273 3414 1349 3478 L.
1387 3413 1607 3481 Sullae
1659 3415 1808 3480 Tac.
1845 3436 1905 3479 a.
1936 3420 1995 3491 3,
2025 3420 2125 3483 31.
2161 3453 2241 3461 -—
2273 3415 2451 3480 Idem
2494 3413 2947 3498 intelleyenclus
2994 3418 3081 3478 est
3121 3413 3267 3480 Tac.

680 3538 741 3585 a.
787 3521 882 3593 11,
930 3520 969 3579 6
1035 3517 1501 3582 ‘meminissent
1554 3517 1766 3582 Asinii
1825 3517 2143 3582 Messalae
2209 3541 2283 3582 ac
2350 3520 2781 3582 recentiorum
2842 3518 3137 3581 Arruntii
3208 3526 3273 3580 et

678 3618 1071 3703 Aesernini‘,
1128 3620 1245 3684 ubi
1289 3626 1569 3685 oratores
1614 3620 1958 3685 clarissimi
1994 3626 2470 3704 componuntur.
2547 3621 2699 3686 Non
2740 3622 2951 3686 minus
2994 3642 3140 3702 erqo
3185 3619 3272 3684 ad

678 3722 843 3786 hunc
883 3727 1126 3805 spectat
1152 3723 1647 3789 narratiuncula
1680 3722 1755 3788 (le
1786 3725 2173 3789 contentione
2202 3725 2280 3789 L.
2314 3725 2620 3789 Arruntii
2653 3745 2793 3788 eum
2822 3724 3095 3788 Albucio
3128 3722 3269 3789 Silo

675 3825 745 3889 in
795 3824 1034 3889 iudicio
1093 3826 1537 3890 emtumvirali
1579 3827 1822 3892 Seneca
1867 3832 2141 3892 controv.
2189 3833 2231 3891 7
2274 3829 2490 3911 praef.
2543 3833 2586 3891 7
2627 3826 2868 3911 (ea-clem
2908 3826 3267 3891 nominibus

681 3930 757 3994 L.
787 3928 1103 4016 ⁸Arruntii
1145 3930 1393 3993 omissis
1436 3929 1693 3995 Sueten.
1739 3929 1971 3994 rhetor.
2005 3929 2086 4013 6).
2165 3932 2556 3996 Nomina-tur
2594 3931 2740 3996 Tac.
2778 3952 2838 3994 a.
2872 3935 2930 4008 6,
2961 3930 3020 3994 5.
3056 3968 3131 3974 ——
3165 3927 3267 3993 De

681 4034 780 4096 L..
801 4031 1116 4095 Arruntio
1158 4052 1374 4095 rerum
1418 4032 1724 4113 scriptore
1766 4032 1906 4096 vide
1949 4033 2019 4096 in
2048 4038 2264 4115 patre.

803 4133 916 4196 Aa
968 4134 1133 4198 hunc
1188 4133 1557 4216 referendus
1610 4134 1858 4198 violetur
1917 4139 1961 4199 t.
2020 4137 2407 4199 monumenti
2455 4135 2919 4199 Arruntiorunz
2974 4134 3076 4199 VI
3104 4138 3266 4197 5931

671 4237 1014 4319 Libert(is)
1060 4246 1125 4300 et
1166 4235 1450 4302 familiae
1493 4237 1571 4301 L.
1603 4235 1875 4301 Arrunti
1921 4238 2000 4301 L.
2045 4237 2089 4303 f.
2139 4237 2521 4320 Teretin(a)‚
2568 4239 2683 4302 ubi
2725 4237 3096 4321 ArruntiUS,
3141 4236 3264 4302 Ar-

680 4341 914 4422 mutia,
960 4338 1057 4402 vel
1101 4339 1174 4403 L.
1219 4338 1572 4404 Arruntius
1606 4341 1856 4422 passim
1899 4341 2305 4405 inveniuntur
2350 4341 2452 4408 VI
2483 4345 2880 4407 5932-5946.

550 4443 675 4507 930
719 4452 787 4507 L.
833 4441 1309 4525 ARR[VN]T1VS
1358 4442 1661 4525 (ARTTIO
1708 4443 1778 4507 in
1822 4442 2082 4526 lapide),
2131 4443 2354 4508 consul
2402 4444 2608 4528 (suff.)
2654 4445 2720 4509 X
2752 4444 2819 4510 k.
2864 4444 3130 4509 Decem.
3174 4440 3262 4520 (a.

674 4544 938 4627 incerto)
985 4567 1134 4610 cum
1179 4544 1256 4609 Τ.
1303 4544 1535 4610 Flavio
1580 4546 1785 4611 Basso
1831 4546 1904 4611 X
1941 4551 2124 4611 6785.

551 4650 668 4714 931
721 4658 800 4717 Μ.
844 4657 1274 4712 ARRVNTIVS
1325 4698 1509 4715 .....
1534 4698 1550 4732 ,
1598 4647 1824 4713 consul
1870 4650 2075 4732 (suff.)
2121 4673 2177 4715 a.
2211 4651 2294 4715 66
2340 4650 2514 4737 (post
2556 4651 2728 4716 XIII
2772 4650 2905 4716 kal.
2937 4649 3088 4733 Iul.)
3132 4650 3261 4715 VII
3376 4618 3381 4622 .

679 4752 746 4817 k.
793 4751 937 4819 Oct.
984 4751 1086 4818 VI
1116 4757 1286 4818 2044
1345 4757 1493 4816 acta-
1548 4752 1919 4829 Arvalium,
1986 4754 2102 4817 ubi
2160 4753 2433 4837 colloque
2489 4775 2713 4819 nomen
2755 4755 2977 4837 periit.
3068 4753 3265 4835 Vulyo

678 4856 825 4920 huic
868 4854 1148 4937 Aquilae
1192 4876 1530 4938 eoqnomen
1576 4856 1882 4920 tribuitur
1924 4857 2060 4921 sine
2101 4856 2240 4920 ulla
2281 4857 2512 4922 idonea
2555 4878 2770 4923 causa.

549 4960 675 5025 932
720 4967 1059 5024 PAVLLVS
1078 4958 1167 5042 (¹2)
1211 4967 1639 5022 ARRVNTIVS
1687 4957 1942 5048 (ΙΙαῦλῳ
1980 4957 2281 5049 Ἀρουντίῳ
2319 4960 2503 5044 vulyo
2549 4982 2624 5025 ea:
2666 4961 2939 5025 editione
2970 4960 3265 5043 principe

672 5061 1009 5127 secundum
1048 5062 1394 5127 versionem
1439 5061 1729 5138 latinam,
1774 5066 2295 5148 ταλαιπωρουντίω
2342 5063 2683 5147 traditur),
2745 5065 3088 5128 comitatus
3146 5064 3263 5126 im-

677 5175 1039 5251 peratorem
1072 5166 1329 5242 Gaium,
1372 5186 1517 5229 cum
1566 5165 2041 5230 interficeretur
2069 5166 2317 5249 Ioseph.
2350 5172 2481 5231 ant.
2514 5172 2614 5243 19,
2647 5172 2703 5241 1,
2737 5172 2834 5231 14.
2896 5165 2994 5250 Of.
3027 5189 3090 5234 n.
3122 5169 3259 5230 945.

3806 340 3859 597 «με-ζ
