3859 5992
672 622 986 679 GEIONIV
988 623 1025 678 S
1966 611 2093 677 326
3036 623 3385 679 CEIONIVS

931 817 1177 886 Consul
1222 842 1279 884 a.
1315 818 1395 884 78
1426 818 1590 901 fasti
1600 838 1621 896 ,⁸
1665 818 1902 882 VIIvir
1932 815 2284 903 epulonum
2314 822 2359 882 t.
2386 822 2451 884 2.
2518 817 2791 882 Maritus
2822 818 3079 904 Appiae
3111 819 3389 885 Severae

804 928 847 988 t.
885 929 945 987 1.
976 928 1042 1012 2,
1083 943 1287 1005 gener
1308 917 1484 988 ‘Sex
1516 919 1716 1006 Appi-i
1757 920 1985 986 Severi
2031 925 2073 984 t.
2106 924 2164 986 1.
2244 919 2443 984 Pater
2471 920 2550 987 L.
2593 919 2843 985 Ceionii
2879 920 3208 986 Commodi
3248 944 3383 988 eou-

663 1058 672 1064 ·
798 1025 956 1092 sulis
1002 1047 1063 1090 a.
1108 1029 1247 1102 106,
1312 1044 1465 1089 avus
1522 1024 1600 1087 L.
1649 1021 1894 1089 Ceionii
1936 1020 2261 1088 Commodi
2297 1024 2408 1104 qui
2450 1028 2680 1105 postea
2735 1024 2812 1087 L.
2859 1023 3089 1088 Aelius
3133 1023 3383 1104 Caesar,

796 1148 1085 1212 proaws
1113 1127 1190 1192 L.
1235 1126 1386 1193 Veri
1412 1125 1709 1209 Auqusti.
1745 1163 1822 1172 —
1870 1124 1982 1191 Vel
2024 1125 2128 1190 hic
2168 1125 2265 1190 vel
2294 1125 2468 1208 filius
2498 1125 2944 1209 intelleyendus
2973 1132 3065 1191 est
3090 1126 3384 1193 Frontin.

799 1231 875 1297 de
931 1232 1115 1313 aquis
1156 1235 1254 1308 70,
1312 1230 1428 1294 ubi
1483 1233 1871 1293 memoratur
1920 1247 2080 1310 ager
2130 1227 2540 1293 suburbanus
2592 1230 2704 1313 qui
2762 1251 2937 1293 nunc
2988 1241 3085 1295 est
3137 1229 3382 1295 Ceionii

800 1332 1161 1400 Commodi.
1197 1367 1270 1378 —
1304 1330 1662 1395 Familiam
1703 1330 1891 1394 huius
1928 1351 2005 1394 ex
2032 1329 2309 1395 Etruria
2353 1329 2660 1413 oriyinem
2703 1328 2955 1395 duxisse
3001 1337 3273 1413 apparet
3312 1354 3386 1397 ex

797 1438 934 1501 vita
976 1434 1125 1500 Veri
1164 1441 1218 1512 1,
1252 1440 1326 1501 9:
1370 1436 1552 1517 origo
1598 1435 1736 1498 eius
1783 1432 1894 1513 (=
1932 1431 2107 1515 Veri)
2153 1442 2424 1518 paterna
2467 1431 2777 1518 pleraque
2822 1456 2904 1496 ex
2934 1434 3202 1498 Etruria
3245 1435 3381 1499 fuit.

671 1539 795 1605 502
844 1539 968 1621 (L.)
1010 1547 1361 1602 CEIONIVS
1403 1545 1835 1618 COMMODVS,
1886 1535 2112 1601 consul
2153 1559 2210 1600 a.
2248 1536 2369 1601 106
2407 1557 2552 1600 cum
2585 1534 2858 1601 Ceriale.
2933 1537 3020 1601 In
3056 1538 3384 1603 consedatu

800 1639 1194 1707 Commodus
1224 1641 1404 1721 fasti.
1455 1639 1653 1703 ‘Huic
1683 1639 1794 1721 (τ-
1817 1638 1895 1703 L.
1920 1637 2108 1702 Aelio
2137 1637 2428 1719 Caesari)
2453 1648 2636 1724 pater
2660 1637 2964 1703 Ceionius
2991 1639 3383 1706 Commodus

802 1742 944 1825 fuit,
979 1763 1167 1828 quem
1200 1741 1311 1806 alii
1335 1742 1600 1823 Verum,
1634 1740 1742 1804 alii
1776 1741 1852 1805 L.
1886 1738 2243 1822 Aurelium,
2270 1739 2456 1804 multi
2479 1738 2767 1804 Annium
2798 1740 3251 1826 prodiderunt'
3278 1744 3381 1805 vit.

796 1844 978 1908 Aelii
1015 1848 1081 1921 2,
1132 1849 1175 1908 7
1199 1865 1560 1928 perperam,
1605 1847 1680 1907 ut
1722 1841 1885 1907 idem
1931 1841 2318 1925 bioyraphus
2358 1843 2429 1906 in
2470 1843 2828 1907 nominibus
2870 1841 3049 1907 Aelii
3086 1843 3385 1909 Caesaris

799 1952 859 2011 et
902 1947 980 2012 L.
1029 1944 1177 2011 Veri
1227 1945 1443 2011 eadem
1486 1946 1738 2010 ratione
1783 1945 2036 2009 titubat.
2123 1944 2341 2009 Filius
2381 1944 2517 2009 sine
2560 1944 2750 2009 dubio
2792 1946 2867 2013 L.
2919 1943 3167 2010 Ceionii
3205 1946 3383 2012 Com-

799 2048 974 2115 modi
1013 2070 1134 2116 eos.
1182 2071 1242 2114 a.
1276 2053 1359 2113 78
1402 2054 1461 2113 et
1488 2048 1745 2131 Appiae
1776 2048 2063 2125 Severae,
2098 2052 2298 2131 pater
2320 2048 2643 2112 naturalis
2672 2049 2747 2112 L.
2783 2047 3033 2113 Ceionii
3061 2048 3387 2114 Commodi

799 2153 910 2234 qui
952 2153 1033 2217 ab
1053 2151 1419 2217 'Hadriano
1463 2151 1804 2234 adoptatus
1833 2151 1909 2215 L.
1944 2150 2169 2215 Aelius
2209 2149 2451 2215 Caesar
2480 2149 2683 2215 dietus
2711 2155 2817 2227 est,
2854 2156 2915 2215 et
2945 2146 3045 2216 M
3079 2151 3383 2239 (Ceionii)

806 2253 1054 2320 Civieae
1097 2253 1409 2319 Barbari.
1438 2291 1523 2301 —
1552 2254 1662 2320 Em
1705 2258 1747 2320 t.
1795 2252 2079 2317 Avidiae
2126 2251 2420 2317 Plautiae
2463 2252 2565 2335 (C.
2612 2252 2862 2336 Avidii)
2908 2254 3166 2337 Nigrini
3211 2254 3383 2319 filiae

799 2356 877 2421 L.
923 2356 1174 2422 Aurelii
1205 2357 1364 2422 Veri
1407 2356 1582 2440 Aug.
1628 2357 1862 2421 amitae
1895 2356 1970 2420 X
1994 2360 2155 2421 6706
2196 2358 2479 2438 sequitur
2520 2377 2779 2420 umorem
2816 2355 3146 2421 Commodi
3178 2359 3386 2422 nostri

791 2464 944 2543 post
985 2465 1246 2525 mortem
1288 2460 1478 2525 huius
1516 2462 1805 2543 nupsisse
1852 2459 2130 2542 Niyrino
2174 2479 2229 2523 v.
2272 2479 2473 2542 supra
2515 2459 2581 2523 A
2617 2464 2797 2526 1169.
2874 2458 3073 2525 onri
3112 2461 3383 2541 sortasse

792 2584 1016 2629 nomen
1057 2562 1334 2628 Plautia
1378 2567 1534 2640 erat,
1581 2561 1750 2645 quod
1788 2584 2015 2628 nomen
2044 2567 2308 2645 praeter
2351 2561 2558 2645 filiam
2601 2563 2734 2627 eius
2777 2567 2837 2626 et
2882 2561 3151 2645 Nigrini
3191 2564 3383 2627 etiam

792 2666 863 2729 in
909 2665 1178 2732 Ceionia
1222 2664 1480 2731 Plautia
1521 2667 1814 2730 recurrit.

921 2768 1052 2834 Hic
1116 2769 1321 2852 mayis
1383 2790 1573 2851 quam
1628 2772 1840 2851 pater,
1908 2770 2021 2851 qui
2084 2768 2316 2833 VIIvir
2377 2767 2711 2851 effldonum
2774 2769 2919 2850 fuit,
2978 2774 3191 2851 potest
3252 2790 3381 2835 esse

793 2872 869 2936 L.
917 2870 1269 2955 Cei[onius]
1317 2920 1334 2937 .
1359 2920 1373 2935 .
1402 2921 1416 2937 .
1445 2921 1460 2936 .
1508 2880 1845 2957 cooptatus
1891 2895 1949 2936 a.
1981 2871 2057 2936 91
2113 2871 2217 2936 VI
2247 2874 2414 2937 1988
2457 2872 2539 2953 cf.
2583 2891 2647 2935 u.
2676 2876 2818 2937 496.

668 2975 794 3040 503
837 2984 904 3038 L.
953 2982 1305 3038 omoers
1353 2982 1765 3038 COMMODVS
1811 3003 1894 3028 =
1939 2983 2007 3042 L.
2038 2983 2309 3037 AELIVS
2353 2982 2666 3038 CAESAR.
2746 2974 2976 3039 Tituli.-
3014 2976 3149 3057 ipse
3165 2977 3385 3057 posuit

797 3098 856 3142 a.
891 3080 1029 3153 137,
1088 3095 1229 3140 eum
1273 3075 1631 3141 Pannoniis
1674 3081 2021 3160 praeesset,
2084 3076 2430 3142 Hadriano
2476 3081 2519 3141 t.
2564 3077 2634 3141 in
2678 3076 3028 3161 Hunyaria
3071 3082 3381 3160 repertum

793 3178 1104 3244 1114366
1133 3177 1240 3263 (1),
1287 3180 1346 3244 ei
1374 3180 1580 3263 positi
1605 3185 1755 3245 sunt
1785 3185 1825 3244 t.
1865 3180 2172 3246 Ostiensis
2200 3178 2465 3264 Ephem.
2500 3202 2593 3263 ep.
2628 3184 3027 3266 7‚1197(2),
3060 3186 3105 3246 t.
3137 3181 3380 3246 Vmbri-

794 3302 902 3347 eus
945 3281 1066 3347 XI
1093 3284 1263 3347 5957
1301 3276 1393 3363 (3)
1440 3303 1500 3346 a.
1545 3287 1690 3360 137,
1736 3282 2160 3349 Britannicus
2207 3283 2351 3349 VII
2385 3288 2505 3347 748
2549 3283 2637 3367 (4)
2698 3305 2760 3348 α.
2804 3286 3118 3369 1361137),
3158 3305 3380 3367 yraeee

789 3385 1018 3469 scripti
1072 3405 1133 3449 a.
1178 3388 1306 3449 137
1342 3384 1635 3468 Mysieus
1675 3384 2374 3469 Lebas·Waddiu9ton
2416 3390 2580 3450 1053
2621 3385 2708 3470 (5)
2753 3390 2811 3451 et
2852 3385 3176 3451 Pisidieus
3215 3386 3379 3452 CIG

791 3488 1047 3554 4380221
1088 3486 1259 3551 Add.
1310 3510 1381 3570 p.
1419 3492 1588 3553 1167
1630 3518 1711 3541 ---
1755 3488 2458 3573 Lebas-Waddinytou
2512 3493 2680 3556 1215
2723 3488 2849 3573 (6),·
2908 3494 2952 3554 t.
3011 3488 3380 3572 sepulcralis

793 3592 927 3656 eius
969 3590 1038 3655 iu
1080 3590 1397 3655 mausoleo
1441 3591 1780 3656 Hadriani
1823 3591 1927 3657 VI
1960 3596 2082 3658 985
2112 3593 2256 3678 (7);
2297 3614 2432 3657 uua
2475 3613 2615 3657 eum
2644 3593 3025 3675 parentibus
3070 3592 3379 3675 adqm'vis

792 3695 853 3759 ei
895 3693 1220 3758 dedicatus
1263 3692 1622 3774 Africanus
1679 3695 1944 3759 mutilus
1986 3695 2171 3761 VIII
2206 3699 2326 3760 799
2374 3694 2483 3779 (8),
2537 3700 2687 3778 post
2743 3700 3004 3759 mortem
3047 3694 3378 3760 Hadriani

793 3799 853 3862 ei
894 3797 1148 3881 positus
1196 3796 1577 3861 Numidicus
1630 3796 1815 3863 VIII
1848 3797 1914 3864 S.
1960 3803 2165 3864 17848
2208 3799 2320 3883 (9).
2413 3797 2817 3863 Memoratur
2860 3799 2929 3863 iu
2986 3803 3028 3863 t.
3075 3797 3375 3865 Ceioniae

791 3900 1084 3965 Plautiae
1121 3900 1298 3984 filiae
1343 3899 1527 3966 VIII
1561 3901 1630 3967 S.
1673 3905 1884 3968 14852
1931 3899 2090 3990 (10),
2148 3903 2218 3967 iu
2264 3907 2306 3969 t.
2352 3902 2682 3967 Tomitcmo
2721 3902 2796 3969 T.
2845 3900 3051 3966 Flavii
3098 3901 3375 3984 Longini

792 4003 871 4084 Q.
937 4003 1168 4067 Marcii
1228 4002 1555 4068 Turbonis
1617 4005 1727 4089 (ef.
1771 4004 1845 4069 F
1880 4003 2026 4087 199)
2087 4007 2446 4091 quaestoris
2491 4003 2947 4088 Arck.·Epi9r.
2998 4002 3215 4070 Mitth.
3262 4024 3376 4067 aus

805 4107 1036 4172 Oester.
1087 4105 1271 4172 VIII
1290 4128 1362 4189 p.
1396 4111 1484 4171 20
1526 4128 1590 4172 n.
1620 4112 1702 4171 50
1745 4108 1828 4188 cf.
1864 4129 1935 4190 p.
1967 4114 2100 4173 240
2144 4108 2294 4191 (11),
2338 4108 2407 4172 in
2448 4113 2490 4173 t.
2535 4107 2813 4174 Ostiensi
2852 4106 2971 4172 XI
2977 4106 3177 4172 V376
3218 4105 3373 4185 (12),

791 4209 863 4274 Ρ.
913 4207 1147 4273 Lucilii
1195 4208 1509 4277 Gamalae
1554 4210 1749 4274 IIviri
1796 4210 2106 4295 praefecti
2153 4211 2227 4278 L.
2276 4209 2536 4277 Caesar.
2582 4209 2752 4293 Aug.
2799 4209 2876 4292 f.,
2938 4211 3007 4274 in
3050 4215 3093 4274 t.
3139 4208 3373 4274 Castri—

788 4313 1132 4377 moeuiensi
1172 4312 1445 4378 ancillae.
1478 4312 1598 4378 XI
1607 4312 1668 4377 V
1684 4318 1854 4380 2486
1900 4311 2047 4397 (13),
2095 4314 2164 4377 in
2207 4319 2249 4377 t.
2294 4315 2544 4378 urbano
2589 4314 2665 4379 L.
2697 4312 2964 4379 'Aurelii
3007 4311 3373 4377 Nicomedis

793 4413 1170 4481 cubicularii
1236 4415 1340 4481 VI
1371 4419 1536 4481 1598
1580 4417 1736 4500 (14),
1801 4418 1871 4480 iu
1932 4421 1975 4483 t.
2023 4416 2386 4481 Laodieeuo
2433 4438 2657 4500 yraece
2709 4417 2944 4500 scripto
3000 4415 3264 4499 Anzeiq.
3314 4415 3373 4480 d.

797 4518 1049 4585 Wener
1106 4518 1320 4584 Akad.
1382 4518 1792 4584 Phil-Risi.
1849 4519 1929 4583 K
1935 4518 1974 4584 l.
2021 4523 2186 4584 1893
2232 4541 2303 4602 p.
2351 4524 2432 4584 13
2475 4521 2624 4604 (15),
2692 4519 2762 4583 iu
2819 4521 3002 4601 cippo
3059 4519 3378 4583 terminali

792 4621 1246 4687 Mauretaniae
1301 4621 1593 4688 Bulletin
1653 4622 1909 4689 d'Oran
1953 4626 2115 4689 1895
2160 4645 2232 4705 p.
2279 4628 2364 4688 67
2415 4622 2564 4707 (16),
2633 4622 2750 4686 ubi
2804 4621 3009 4686 editur
3066 4623 3372 4707 auspiciis

786 4726 862 4790 L.
910 4724 1056 4790 Aeli
1104 4726 1339 4811 C[aes.]
1387 4728 1539 4814 imp.
1587 4729 1738 4814 imp.
1782 4727 1870 4795 fil.
1919 4750 2083 4811 cos.;
2126 4727 2238 4793 sed
2278 4749 2417 4792 eum
2450 4728 2526 4792 L.
2559 4726 2783 4791 Aelius
2823 4746 3141 4808 nunquam
3186 4728 3367 4810 impe-

786 4833 972 4894 rator
1012 4831 1228 4912 fuerit,
1274 4849 1517 4896 neeesse
1561 4836 1653 4896 est
1697 4851 1973 4897 errorem
2013 4836 2126 4897 aut
2155 4830 2569 4914 quadratarii
2611 4835 2723 4895 aut
2752 4830 2885 4895 eius
2916 4829 3025 4912 qui
3051 4828 3375 4912 desempsit

791 4933 1058 4998 subesse.

920 5034 1185 5123 Nummi
1225 5035 1468 5102 Eekhel
1513 5036 1614 5102 VI
1635 5060 1710 5121 p.
1742 5040 1871 5104 525
1913 5057 2077 5121 sqq„
2127 5035 2337 5103 Cohen
2378 5037 2500 5102 112
2533 5058 2606 5120 p.
2641 5040 2772 5102 258
2813 5056 2941 5118 sqq.
3032 5034 3372 5101 Nmnnmm

783 5138 1317 5219 Alexandrinum,
1378 5142 1489 5224 qui
1540 5142 1613 5206 iu
1644 5145 1840 5225 parte
1899 5141 2168 5207 adversa
2228 5142 2571 5225 mseriptus
2626 5145 2718 5205 est
2757 5140 2828 5205 Λ.
2874 5136 3082 5210 Αἴλιος
3124 5136 3373 5225 Καῖσαρ,

790 5243 862 5308 iu
905 5264 1128 5309 aversa
1173 5242 1395 5333 Εἰρήνη
1443 5243 1663 5328 (ἔτους)
1710 5243 1789 5332 γ’,
1848 5265 2014 5310 uuus
2075 5244 2406 5327 descripsit
2464 5244 2678 5326 Zoeya
2721 5243 2803 5326 ef.
2847 5241 3085 5307 Eckhez
3113 5262 3184 5324 p.
3229 5245 3373 5319 525,
