3859 5992
510 490 811 547 ASINIVS
1814 481 1938 546 166
2933 489 3234 547 ASINIVS

644 686 938 754 Suetonii
968 709 1240 771 yraanm.
1287 688 1369 752 10
1414 687 1494 772 (v.
1541 687 1765 771 supra)
1825 687 2085 769 emeryit
2139 686 2475 768 referentis
2513 682 2781 751 Ateium
2825 686 3235 771 Philologum

647 799 794 877 post
850 799 1120 855 mortem
1167 788 1456 856 Sallustii
1501 788 1588 873 (a.
1622 793 1753 854 720
1800 818 1885 842 =
1925 789 2035 873 34)
2080 788 2439 855 Pollionem
2495 788 2771 855 coluisse
2814 799 3010 875 atque
3052 813 3235 878 prae-

646 895 852 978 ceptis
912 892 1254 957 rhetoricis
1297 892 1564 958 iuvisse.
1646 892 1978 957 Historiae
2022 891 2334 956 Pollionis
2376 892 2662 957 citantur
2706 891 2949 959 Seneca
2989 913 3236 961 suasor.

643 1001 702 1075 6,
748 1000 846 1061 14.
892 999 1000 1063 24.
1043 998 1149 1074 25,
1209 994 1439 1060 tertius
1498 993 1918 1060 historiarum
1960 993 2126 1061 liber
2170 993 2379 1060 Valer.
2424 994 2702 1061 Maxim.
2752 999 2814 1073 8,
2859 1000 2942 1061 13
3001 1002 3124 1063 ext.
3173 1002 3234 1074 4,

647 1099 727 1163 iis
782 1099 883 1163 usi
943 1108 1096 1164 sunt
1144 1096 1555 1180 Plutarchus,
1603 1096 1946 1185 Appianus
2004 1101 2287 1182 (uterque
2342 1097 2625 1163 versione
2676 1119 2915 1181 yraeca
2971 1100 3234 1182 earum),

649 1201 1015 1284 Suetonius,
1063 1198 1301 1267 Strabo
1346 1201 1432 1283 cf.
1477 1199 1686 1278 Peter,
1731 1199 2043 1266 Historic.
2087 1200 2362 1269 Roman.
2407 1199 2808 1283 Fraymenta
2837 1223 2910 1284 p.
2941 1205 3072 1268 263
3104 1222 3235 1284 399.

649 1303 958 1369 Pollionis
1002 1305 1246 1390 scripta
1287 1304 1615 1387 egregiam
1659 1300 1871 1368 Cassii
1916 1312 1981 1367 et
2020 1304 2209 1369 Bruti
2254 1304 2627 1368 memoriam
2672 1302 2941 1369 tradunt
2984 1305 3132 1370 Tac.
3174 1327 3237 1370 a.

647 1413 707 1485 4,
744 1411 845 1472 34.
934 1405 1183 1472 Auctor
1226 1405 1424 1471 Plinii
1457 1405 1635 1471 Plin.
1671 1427 1735 1471 n.
1782 1406 1843 1471 h.
1888 1404 2022 1471 ind.
2070 1406 2111 1471 l.
2161 1410 2217 1471 7.
2301 1407 2478 1488 Quae
2522 1405 2761 1473 Suidas
2803 1427 2856 1472 s.
2899 1427 2955 1472 v.
3004 1404 3241 1480 Ἀσίνιος

652 1508 912 1577 Πωλίων
944 1514 1004 1575 et
1033 1507 1295 1577 Πωλίων
1327 1510 1585 1592 profert
1625 1505 1732 1592 (cf.
1763 1509 1949 1591 infra
1978 1507 2171 1591 adn),
2219 1508 2611 1590 confusionis
2644 1510 2798 1575 adeo
2841 1515 2991 1575 sunt
3017 1509 3236 1593 plena,

650 1617 723 1677 ut
759 1611 905 1677 inde
936 1633 1014 1677 ne
1040 1611 1158 1677 hoc
1185 1611 1436 1694 quidem
1463 1616 1627 1677 recte
1658 1610 2024 1677 concludere
2065 1611 2255 1677 liceat
2283 1608 2638 1678 Pollionem
2674 1612 3005 1696 scripsisse
3046 1611 3238 1678 histo-

648 1715 899 1780 riarum
943 1714 1139 1781 libros
1180 1713 1630 1798 septemdecim.

781 1816 1128 1900 Scripsisse
1170 1815 1526 1882 Pollionem
1584 1820 1644 1882 et
1685 1815 2136 1900 philosophica
2192 1815 2505 1899 quaedam
2556 1821 2828 1900 apparet
2876 1839 2956 1884 ex
3000 1816 3242 1884 Seneca

529 1970 540 1979 .
655 1921 834 2006 epist.
881 1924 1025 1998 100,
1072 1925 1130 1985 7.
1177 1924 1253 1999 9,·
1308 1940 1462 1985 nam
1505 1919 1813 1986 Senecam
1854 1919 1953 1985 ibi
1987 1918 2063 1985 de
2103 1920 2524 2003 scriptoribus
2554 1919 3013 2004 philosophicis
3057 1941 3243 2004 ayere

657 2045 799 2090 cum
853 2044 932 2088 ex
988 2027 1124 2089 tota
1182 2021 1456 2106 epistula
1517 2027 1650 2086 tum
1706 2042 1784 2087 ecc
1833 2021 2261 2106 parayropho
2314 2044 2488 2088 nona
2542 2023 2883 2089 certissime
2940 2024 3240 2107 efficitur.

659 2127 795 2194 Nec
837 2126 1047 2192 minus
1073 2125 1427 2192 Pollionem
1454 2145 1588 2191 rem
1611 2126 2101 2209 yrmnmaticam
2132 2129 2441 2191 tractasse
2468 2147 2546 2191 ex
2574 2125 2913 2190 Prisciano
2952 2124 3241 2193 Gramm.

658 2232 807 2296 Lat.
851 2229 944 2295 ΙΙ
975 2250 1050 2313 p.
1096 2232 1219 2294 513
1273 2229 1557 2311 sequitur
1615 2237 1713 2293 ‘ut
1766 2228 1983 2294 Probo
2043 2238 2109 2293 et
2162 2226 2377 2314 Capro
2438 2237 2504 2293 et
2558 2226 2836 2293 Pollioni
2902 2238 2969 2294 et
3033 2227 3244 2293 Plinio

659 2332 918 2420 placet’3
950 2331 1451 2397 observationes*
1458 2331 1921 2414 grammaticae
1944 2329 2256 2395 Pollionis
2280 2330 2643 2396 afferuntur
2670 2330 2928 2396 Charis.
2956 2329 3245 2397 Gramm.

659 2438 810 2502 Lat.
840 2435 892 2501 Ι
908 2456 985 2518 p.
1015 2439 1156 2512 134,
1204 2432 1380 2501 Serv.
1428 2433 1517 2498 ad
1558 2432 1739 2517 Verq.
1779 2433 1946 2501 Aen.
1991 2438 2058 2511 2,
2108 2437 2180 2512 7,·
2224 2438 2283 2511 6,
2327 2438 2484 2513 554,-
2532 2439 2633 2512 11,
2665 2438 2810 2500 183.
2850 2471 2937 2481 —
2980 2433 3247 2500 Asinius

662 2547 888 2605 contra
916 2536 1259 2603 maledicta
1284 2535 1554 2601 Antonii
1586 2537 1823 2602 citatur
1855 2535 2116 2602 Charis.
2152 2534 2441 2601 Gramm.
2472 2537 2621 2604 Lat.
2654 2537 2706 2603 Ι
2726 2559 2800 2621 p.
2828 2540 2953 2615 80;
2979 2534 3246 2601 Asinius

663 2640 869 2708 Pollio
912 2640 998 2706 ad
1038 2638 1384 2706 Caesarem
1430 2640 1465 2705 I
1505 2639 1594 2705 id.
1625 2661 1701 2723 p.
1730 2643 1871 2705 134.
1957 2637 2163 2703 Verba
2206 2637 2519 2704 Pollionis
2563 2661 2641 2705 ex
2691 2640 2950 2723 scriptis
2989 2639 3249 2704 incertis

665 2742 1023 2824 afferuntur
1063 2741 1321 2809 Charis,
1364 2740 1654 2807 Gramm.
1695 2742 1843 2807 Lat.
1889 2741 1942 2807 I
1963 2763 2036 2824 p.
2068 2746 2214 2819 100,
2258 2738 2583 2810 Priscian.
2618 2741 2748 2810 ibd.
2780 2741 2873 2808 II
2889 2763 2962 2826 p.
2993 2745 3134 2808 383.
3169 2778 3245 2788 -

662 2849 913 2913 Extant
951 2843 1263 2931 epistulae
1306 2854 1437 2910 tres
1479 2844 1608 2911 Cic.
1650 2844 1739 2909 ad
1782 2843 1973 2911 Fam.
2004 2849 2105 2921 10,
2139 2848 2374 2909 31-33.

799 2950 1196 3031 Quamquam
1239 2952 1485 3013 constat
1514 2946 1866 3013 Pollionem
1902 2946 2210 3012 historias
2239 2946 2446 3031 paulo
2477 2950 2624 3012 ante
2655 2947 2883 3014 bellum
2910 2946 3252 3013 Actiacum

662 3053 937 3118 scribere
991 3070 1354 3134 ayyressum
1395 3069 1524 3116 esse
1542 3100 1559 3127 ‚
1621 3054 1832 3115 tamen
1875 3050 2238 3134 Landgraf,
2297 3049 2852 3134 Untersuchunyen
2891 3072 2972 3116 zu
3009 3049 3254 3115 Caesar

660 3154 797 3221 und
855 3154 1068 3220 seinen
1129 3152 1538 3219 Fortsetzem
1588 3175 1661 3238 p.
1714 3158 1796 3218 31
1845 3173 1976 3236 sqq.
2037 3158 2097 3219 et
2155 3151 2455 3233 Wolfflin
2512 3152 3084 3237 Siteunysberichte
3140 3152 3252 3218 der

668 3256 1062 3324 Miinchener
1090 3255 1442 3322 Akademie
1476 3256 1859 3325 Phil-Risi.
1907 3257 1988 3321 K
1992 3256 2156 3322 lasse
2197 3260 2363 3322 1889
2395 3278 2468 3340 p.
2497 3259 2619 3321 319
2649 3276 2776 3339 sqq.
2821 3257 2929 3340 (cf.
2959 3256 3251 3340 praefat.

665 3383 739 3446 p.
783 3359 1015 3425 XXII
1045 3379 1174 3442 sqq.
1222 3358 1521 3424 editionis
1567 3359 1743 3425 ‘belli
1783 3359 2054 3442 Africi',
2115 3380 2308 3442 quam
2356 3379 2498 3424 cum
2542 3357 2918 3424 Miodonski
2959 3359 3252 3443 paravit)

665 3468 1026 3530 statuerunt
1083 3461 1437 3528 Pollionem
1480 3462 1686 3547 paulo
1730 3467 1884 3547 post
1941 3463 2154 3529 Hirtii
2207 3467 2469 3528 mortem
2527 3461 2614 3545 (a.
2661 3467 2782 3527 711
2826 3491 2911 3516 =
2951 3460 3062 3544 43)
3115 3482 3255 3526 cum

665 3567 1135 3634 commentariis
1189 3565 1492 3632 Caesaris
1550 3570 1609 3630 et
1651 3565 1866 3631 Hirtii
1923 3565 1999 3630 de
2053 3565 2233 3631 bellis
2286 3565 2700 3631 Caesarianis
2756 3564 2845 3629 ad
2883 3564 3075 3649 finem
3104 3584 3255 3648 per-

669 3669 968 3736 ducendis
1032 3689 1290 3752 operam
1353 3688 1621 3734 navasse
1686 3675 1819 3734 tum
1885 3668 2121 3733 librum
2179 3667 2254 3733 de
2310 3667 2469 3733 bello
2526 3668 2849 3749 Africano
2910 3668 3023 3750 qui
3085 3670 3258 3732 extat

665 3774 873 3857 ipsum
930 3772 1285 3854 confecisse.
1384 3773 1527 3853 Qua
1585 3770 1660 3836 de
1715 3792 1787 3835 re
1841 3791 1983 3836 cum
2039 3791 2218 3835 nemo
2277 3775 2552 3835 veterum
2592 3791 2873 3852 unquam
2914 3769 3259 3853 quidquam

670 3875 986 3960 coynitum
1027 3874 1383 3951 habuisset,
1443 3872 1546 3937 illi
1604 3895 1679 3937 ex
1723 3874 1928 3938 tribus
1973 3872 2291 3937 Pollionis
2334 3872 2620 3955 epistulis
2650 3878 2919 3956 propter
2957 3871 3260 3938 sermonis

657 3978 1090 4063 proprietates
1145 3976 1312 4041 hunc
1370 3995 1499 4040 esse
1559 3980 1879 4040 auctorem
1938 3974 2088 4040 belli
2127 3974 2443 4056 Africani
2498 3974 2928 4041 demonstrare
2974 3975 3102 4040 sibi
3140 3976 3265 4040 visi

669 4085 835 4146 sunt.
911 4080 1006 4144 At
1052 4078 1517 4144 observationes
1557 4078 1629 4143 in
1669 4077 1943 4143 medium
1972 4076 2276 4161 prolatas
2316 4077 2492 4143 nullo
2540 4078 2725 4144 modo
2756 4098 2945 4162 posse
2975 4078 3261 4163 probare

653 4183 745 4249 'id
782 4181 952 4266 quod
992 4181 1094 4246 illi
1140 4182 1503 4265 opinantur,
1552 4180 1672 4246 alii
1711 4181 1874 4247 satis
1914 4182 2051 4246 iam
2091 4180 2453 4246 docuerunt.

801 4284 910 4351 Ad
956 4306 1208 4349 summa
1263 4294 1614 4372 provectus
1673 4285 2052 4370 incorrupta
2094 4284 2236 4349 vita
2277 4294 2342 4349 et
2384 4283 2693 4349 facundia
2743 4284 2892 4350 Tac.
2939 4305 3000 4349 a.
3046 4288 3145 4361 11,
3193 4288 3233 4348 6
3242 4302 3265 4361 ,·

677 4388 869 4454 homo
902 4398 1136 4453 natura
1166 4398 1520 4453 contumax
1550 4386 1794 4454 Seneca
1824 4392 2098 4453 controv.
2127 4392 2170 4452 4
2210 4388 2419 4470 praef.
2450 4391 2492 4452 4
2501 4406 2523 4464 ;
2564 4386 2808 4451 ferocia
2844 4388 2981 4451 eius
3020 4387 3168 4453 Tac.
3202 4407 3262 4453 a.

675 4498 733 4570 1,
773 4496 880 4558 12.
961 4489 1128 4556 Cum
1173 4499 1428 4555 mortuo
1474 4489 1542 4553 in
1590 4488 1785 4575 Syria
1828 4490 1971 4576 (sic)
2019 4489 2092 4555 O.
2140 4489 2421 4555 Caesare
2464 4510 2581 4573 per
2625 4486 2955 4553 codicillos
3000 4497 3264 4576 questus
3317 4560 3321 4564 .

677 4604 846 4660 esset
901 4593 1272 4677 Augustus,
1334 4590 1535 4679 quod'
1571 4593 1637 4656 in
1705 4602 1837 4658 tam
1901 4612 2137 4675 magno
2205 4600 2271 4655 et
2331 4592 2573 4656 recenti
2639 4589 2824 4656 luctu
2891 4613 3007 4656 suo
3072 4588 3265 4654 homo

675 4698 1046 4762 carissimus
1090 4695 1214 4760 sibi
1252 4694 1443 4782 pleno
1474 4697 1775 4760 convivio
1810 4702 2120 4778 cenasset,
2168 4693 2500 4780 rescripsit
2528 4693 2734 4759 Pollio
2771 4704 2870 4758 ‘eo
2900 4692 3007 4758 die
3040 4693 3267 4757 cenavi

679 4821 807 4888 quo
866 4799 1142 4864 Herium
1203 4798 1410 4863 filium
1469 4799 1678 4862 amisi‘
1730 4797 1974 4864 Seneca
2015 4802 2291 4864 controv.
2336 4801 2378 4862 4
2417 4798 2636 4880 praef.
2678 4800 2742 4863 5.
2825 4796 3135 4864 Graviter
3178 4796 3272 4859 in-

677 4902 1058 4988 vidioseque
1123 4902 1190 4965 in
1257 4902 1442 4965 curia
1507 4910 1773 4988 questus
1842 4911 1941 4966 est
2005 4898 2356 4984 (Marcelli)
2421 4899 2768 4964 Aesernini
2849 4900 3103 4984 nepotis
3169 4900 3269 4964 sui

684 5027 922 5090 casum,
970 5006 1085 5092 qui
1134 5006 1198 5068 in
1243 5005 1482 5070 Troiae
1526 5003 1667 5068 luso
1713 5026 1863 5068 crus
1908 5003 2196 5087 fregerat
2227 5001 2486 5069 Sueten.
2515 5001 2788 5086 Auyust.
2817 5006 2917 5067 43.
2949 5038 3037 5048 -
3072 5000 3272 5066 Nulla

680 5131 784 5174 res
830 5130 979 5173 eum
1022 5106 1195 5175 ultra
1239 5106 1578 5174 decumam
1621 5107 1906 5191 retinuit,
1957 5104 2070 5171 sed
2117 5104 2313 5170 totius
2351 5104 2479 5170 diei
2521 5104 2968 5170 lassitudinem
3012 5103 3268 5171 duabus
