3859 5992
602 541 1071 598 ALEXANDER
1915 534 2002 601 48
2936 544 3311 601 ALFENIVS

601 738 730 805 370
772 736 1150 805 Alexander
1206 739 1636 825 Lysimachus
1688 741 1806 825 (sic
1864 740 2111 823 Ioseph.
2159 745 2291 805 ant.
2335 745 2434 822 19,
2480 744 2540 818 5,
2585 745 2624 804 1
2669 739 3051 806 Alexander
3106 740 3310 825 alibi),

730 841 1028 925 IudaeuS,
1075 854 1454 929 procurator
1500 842 1822 907 Antoniae
1866 845 2087 906 matris
2134 842 2422 925 Claudii,
2483 842 2828 907 alabarcha
2877 843 3314 909 Alexandriae

730 945 852 1010 sub
910 945 1173 1011 Tiberio
1242 947 1660 1031 imperatore,
1729 969 1769 1010 a
1828 947 1993 1013 Gaio
2055 948 2121 1009 in
2182 945 2446 1011 vincula
2504 948 2863 1026 coniectuS,
2932 970 2972 1009 a
3039 946 3310 1012 Claudio

730 1046 979 1112 solutus
1024 1048 1273 1131 Ioseph.
1320 1053 1451 1115 ant.
1497 1052 1598 1125 18,
1645 1054 1704 1125 6,
1747 1054 1825 1126 3,·
1861 1054 1961 1126 19,
2001 1054 2060 1126 5,
2102 1055 2160 1117 1.
2239 1050 2433 1114 Pater
2477 1051 2577 1115 Ti.
2623 1048 2772 1114 Iulii
2820 1049 3178 1114 Alexandri
3224 1050 3309 1114 id.

731 1156 864 1215 ant.
901 1156 1006 1227 20,
1041 1158 1100 1222 5.
1129 1157 1177 1217 2
1221 1150 1401 1233 (bell.
1431 1155 1490 1228 5,
1522 1156 1582 1227 5,
1615 1152 1718 1231 3)‚·
1761 1154 1967 1234 ipsum
2011 1153 2327 1217 civitatem
2355 1153 2716 1217 Romanam
2754 1152 3050 1235 adeptum
3092 1174 3313 1217 nomen

731 1253 895 1319 Iulii
934 1254 1273 1336 sumpsisse
1314 1254 1448 1317 veri
1489 1254 1694 1319 simile
1732 1258 1841 1319 cst.
1896 1292 1968 1299 —
2019 1255 2252 1319 Frater
2280 1255 2572 1320 Philonis
2601 1254 2849 1337 Ioseph.
2884 1261 3015 1320 ant.
3049 1260 3149 1332 18,
3180 1260 3241 1332 8,
3273 1261 3311 1319 1

730 1356 851 1440 (vel
882 1361 1162 1439 patruus
1206 1359 1288 1438 ef.
1337 1356 1547 1421 Zeller
1590 1356 2004 1440 Philosophie
2048 1359 2160 1422 der
2199 1358 2511 1423 Gre'echen
2541 1359 2673 1423 III
2703 1364 2753 1424 2
2779 1381 2851 1440 p.
2881 1364 3005 1423 339
3048 1358 3194 1422 adn.
3223 1357 3309 1432 3).

627 1497 702 1503 ——-
769 1469 922 1523 IMP.
972 1468 1178 1526 GAES.
1226 1470 1305 1524 Μ.
1349 1468 1728 1524 AVRELIVS
1777 1470 2113 1525 SEVERVS
2158 1470 2645 1526 ALEXANDER.

625 1602 704 1611 -—
772 1561 862 1627 M.
910 1560 1214 1626 Aurelius
1259 1561 1653 1628 Alexander.

626 1704 702 1711 —
773 1663 977 1729 Iulius
1021 1664 1415 1730 Alexander.

625 1804 703 1813 -
773 1767 875 1832 Τί.
923 1766 1127 1832 Iulius
1171 1766 1563 1832 Alexander.

630 1907 699 1914 -·-
776 1879 838 1934 C.
884 1879 1133 1934 IVLIVS
1179 1880 1649 1935 ALEXANDER
1694 1880 2273 1937 BERENICIANVS.

626 2011 702 2018 -
771 1982 867 2041 ΤΙ.
910 1982 1160 2037 IVLIVS
1206 1982 1677 2036 ALEXANDER
1718 1983 2096 2040 IVLIANVS.

628 2112 700 2120 —-
774 2076 1119 2141 Terentius
1163 2072 1560 2140 Alexander.

626 2214 703 2223 —
770 2175 1072 2242 Valerius
1119 2176 1513 2242 Alexander.

601 2280 724 2345 371
774 2278 1194 2356 Alexandria,
1242 2281 1463 2345 nutrix
1507 2281 1785 2345 Neronis
1831 2281 2007 2346 Suet.
2058 2281 2213 2347 Ner.
2251 2288 2353 2348 50.

601 2382 727 2448 372
773 2382 1193 2466 Alexandria,
1240 2383 1462 2448 Avidii
1494 2382 1704 2449 Cassii
1748 2382 1898 2467 filia,
1946 2384 2312 2450 Drunciani
2358 2407 2526 2449 uxor
2561 2386 2667 2452 vit.
2700 2384 2892 2450 Avid.
2923 2391 2982 2461 9,
3020 2391 3063 2449 3
3095 2415 3176 2437 z
3207 2387 3311 2452 vit.

731 2485 956 2550 Marci
984 2490 1090 2564 26,
1123 2489 1229 2553 12.

627 2624 706 2635 —-
769 2597 1011 2652 ANNIA
1052 2598 1570 2654 ALEXANDRIA.

625 2726 705 2737 κ-
773 2700 819 2754 F
821 2700 1052 2755 LAVIA
1096 2701 1612 2760 ALEXANDRIA.

628 2831 705 2839 -
774 2803 1065 2859 MARCIA
1108 2804 1444 2859 AVRELIA
1488 2805 2009 2862 ALEXANDRIA.

530 2934 541 2949 ·
601 2897 729 2963 373
772 2894 1050 2981 Alexam,
1111 2896 1553 2981 Laodiceam,
1615 2921 1830 2963 comes
1875 2896 2144 2964 Antonii
2193 2901 2555 2984 triumviri,
2601 2922 2794 2987 quem
2839 2910 2986 2987 post
3028 2919 3313 2986 pugnam

732 3000 1063 3065 Actiacam
1109 3000 1428 3086 prodiditz,
1476 3011 1698 3087 postea
1729 3002 2026 3068 Caesaris
2073 3004 2252 3068 iussu
2283 3003 2660 3069 interfectus
2691 3003 2865 3071 Plut.
2889 3003 3044 3068 Ant.
3076 3007 3171 3070 66.
3208 3008 3309 3068 72.

602 3104 732 3170 374
772 3114 842 3169 L.
886 3113 1262 3168 ALFENIVS
1305 3113 1732 3186 AVITIANVS,
1782 3104 1981 3170 frater
2011 3106 2277 3173 Arvalis
2320 3130 2379 3172 a.
2414 3108 2557 3174 218.
2604 3108 2725 3173 231
2776 3106 2878 3172 VI
2895 3111 3082 3173 2104.
3121 3109 3310 3173 2108.

603 3206 731 3272 375
776 3204 1076 3271 Alfenius
1123 3205 1412 3288 Seneci0‚
1458 3204 1951 3291 subpraefectus
1994 3206 2219 3272 classis
2264 3210 2624 3293 praetoriae
2672 3208 3009 3272 Misenatis
3052 3206 3124 3271 X
3153 3211 3313 3272 3334

735 3308 1047 3375 Misenus.
1133 3307 1351 3373 Potest
1399 3307 1564 3372 idem
1621 3328 1750 3373 esse
1800 3309 1876 3377 L.
1922 3309 2199 3376 Alfenus
2245 3310 2516 3376 Senecio
2564 3322 2945 3397 procurator
2988 3310 3160 3394 Aug.
3204 3311 3315 3392 qui

731 3412 1030 3493 sequitur.

601 3514 731 3581 376
775 3514 854 3583 L.
918 3513 1192 3578 Alfenus
1259 3514 1560 3595 Senecio,
1635 3524 2016 3600 procurator
2074 3515 2244 3601 Aug.
2314 3518 2786 3600 (Mauretaniae
2844 3514 3312 3597 Caesariensis)

734 3616 918 3682 VIII
947 3621 1113 3682 9046
1154 3616 1510 3681 Auziensis.
1596 3617 1695 3699 Cf.
1743 3617 2046 3700 Alfenius
2090 3620 2371 3685 Senecio.

604 3719 729 3785 377
776 3729 841 3785 L.
875 3728 1250 3784 ALFENIVS
1283 3729 1626 3784 SENECIO.
1682 3720 2087 3786 Memoratur
2115 3723 2186 3786 in
2215 3722 2418 3787 titulis
2445 3722 2848 3787 Britannicis
2887 3721 3028 3786 VII
3046 3725 3172 3787 269
3203 3720 3312 3804 (1).

729 3827 861 3890 279
906 3823 1020 3906 (2).
1079 3826 1202 3888 513
1251 3827 1508 3888 correct.
1566 3823 1734 3905 quh.
1791 3845 1883 3905 ep.
1922 3829 1966 3887 3
2010 3847 2082 3908 p.
2130 3830 2257 3892 132
2299 3825 2409 3908 (3).
2468 3829 2633 3890 1003
2675 3824 2761 3908 (4)
2821 3825 2916 3908 (in
2958 3824 3313 3906 fraymento

732 3931 1027 4008 corrupto
1073 3924 1217 3991 VII
1247 3930 1395 4002 270,
1454 3929 1528 3989 ut
1583 3925 1888 4010 videtur),·
1947 3928 2016 3992 in
2062 3926 2351 4011 Syriacis
2403 3927 2685 4011 yevtzellis
2726 3928 2859 3992 III
2892 3926 2962 3992 S.
2995 3930 3157 3991 6709
3203 3922 3312 4011 (5).

732 4034 894 4095 6710
937 4028 1045 4113 (6).

861 4130 1069 4197 Plena
1107 4131 1367 4196 nomina
1405 4131 1650 4195 exhibet
1679 4136 1721 4198 t.
1752 4137 1818 4208 2,
1872 4131 1946 4200 L.
1980 4132 2037 4197 A
2068 4182 2081 4196 .
2108 4183 2122 4198 .
2150 4183 2163 4197 .
2191 4183 2206 4197 .
2255 4134 2525 4199 Senecio
2559 4139 2600 4200 t.
2630 4138 2689 4210 1,
2736 4132 3012 4198 Alfenus
3044 4130 3312 4197 Senecio

737 4239 779 4299 t.
817 4240 878 4300 3.
923 4240 983 4299 4.
1024 4240 1083 4300 5.
1128 4233 1249 4318 [6].
1340 4230 1753 4298 Clarissimus
1798 4236 1902 4298 vir
1947 4240 1989 4300 t.
2019 4241 2079 4301 4.
2129 4273 2204 4284 —
2253 4236 2539 4319 Legatus
2583 4236 3029 4319 Augustorum
3074 4257 3170 4319 pr.
3216 4254 3312 4317 pr.

737 4337 1162 4420 (Britanniae)
1208 4341 1251 4401 t.
1284 4341 1332 4402 2
1375 4336 1759 4421 (consularis
1805 4342 1847 4407 t.
1876 4342 1936 4405 3.
1977 4340 2065 4420 4).
2141 4340 2431 4423 Legatus
2473 4340 2688 4422 Augg.
2736 4360 2833 4423 pr.
2881 4360 2977 4424 pr.
3025 4334 3312 4422 (Syriae)

735 4446 777 4506 t.
812 4444 870 4508 5.
901 4439 1003 4524 [6]
1006 4489 1020 4504 .
1086 4440 1434 4522 Leyatione
1477 4445 1537 4505 et
1578 4439 1969 4505 Britannica
2005 4446 2066 4506 et
2107 4442 2384 4525 Syriaca
2425 4442 2712 4524 functum
2755 4461 2883 4505 esse
2915 4440 3317 4506 Senecionem

735 4544 966 4610 Severo
1008 4548 1067 4607 et
1101 4543 1429 4607 Antonino
1458 4542 1767 4627 Auqustis
1808 4544 1880 4608 id
1922 4549 2012 4609 est
2053 4545 2233 4610 intra
2276 4567 2335 4610 a.
2368 4544 2647 4610 198l208
2690 4565 2766 4609 ex
2811 4542 3011 4608 titulis
3052 4545 3313 4607 constat.

737 4645 872 4712 Nec
918 4650 1124 4710 tamen
1169 4646 1530 4711 accuratius
1575 4651 1860 4729 tempora
1902 4646 2165 4731 definire
2208 4648 2366 4713 licet.
2440 4646 2614 4712 Nam
2646 4646 2804 4711 etin
2833 4651 2876 4713 t.
2908 4649 2967 4711 5.
3000 4650 3040 4710 6
3067 4644 3318 4709 numeri

732 4748 935 4832 plane
977 4748 1229 4831 confusi
1265 4752 1414 4813 sunt
1455 4753 1515 4813 et
1557 4769 1721 4813 unus
1765 4771 1840 4814 ex
1878 4754 1920 4817 t.
1953 4748 2357 4815 Britannicis
2402 4755 2443 4815 t.
2482 4754 2522 4813 4
2565 4750 2677 4831 qui
2715 4768 3009 4814 numeros
3048 4745 3313 4822 exhibet,

735 4852 1156 4918 dubitationes
1205 4851 1416 4916 movit.
1505 4851 1598 4915 At
1647 4872 1776 4917 non
1823 4852 2151 4917 indicatur
2198 4853 2294 4917 ibi
2351 4873 2555 4917 annus
2613 4851 2943 4917 consulatu
2997 4851 3316 4932 Auyusto·

732 4976 875 5019 rum
918 4954 1323 5039 colleyarum,
1376 4992 1453 5000 —
1500 4954 1571 5019 id
1610 4954 1778 5036 quod
1815 4954 2017 5021 Getae
2059 4956 2321 5020 nomina
2363 4955 2664 5037 refellunt
2717 4992 2787 4999 —
2833 4953 2946 5018 sed
2991 4955 3317 5034 utriusque

730 5059 1090 5123 nominibus
1149 5058 1410 5123 additur
1465 5080 1769 5124 numerus
1825 5059 2293 5137 consulatuum,
2350 5077 2503 5141 quos
2560 5077 2752 5138 usque
2813 5055 2900 5120 ad
2955 5054 3025 5119 id
3079 5059 3318 5136 tempus

727 5167 1069 5245 yesserant.
1159 5162 1387 5244 Itaque
1430 5167 1472 5229 t.
1508 5168 1660 5246 post
1704 5184 1765 5227 a.
1808 5167 1937 5229 204
1981 5167 2041 5226 et
2086 5166 2233 5225 ante
2277 5182 2337 5225 a.
2375 5164 2508 5226 208
2541 5160 2794 5247 positus
2835 5157 3098 5225 videtur.
