3859 5992
625 572 995 630 CLAVDIVS
1909 564 2035 630 358
2961 572 3328 628 CLAVDIVS

749 772 1092 854 suscepisse
1136 770 1525 854 legationem,
1564 774 1640 834 ut
1678 767 2050 835 Gordianus
2084 768 2261 852 filius
2290 775 2441 853 post
2487 770 2878 835 consulatum
2922 769 3165 853 legatus
3207 771 3329 852 fuit

741 874 995 956 patris,
1058 877 1268 937 tamen
1324 872 1499 937 credi
1554 893 1682 937 non
1727 876 1942 955 potest
1997 877 2329 954 utrumque
2385 874 2502 937 sub
2562 873 2818 936 initium
2877 871 3027 935 belli
3076 872 3329 936 Marco-

749 976 993 1040 manici
1045 974 1399 1057 quindecim
1451 976 1585 1057 fere
1644 975 1832 1040 annis
1885 979 2037 1057 post
2096 974 2487 1039 consulatum
2505 1024 2520 1055 ‚
2582 996 2703 1057 quo
2763 974 2947 1038 ambo
2999 994 3167 1038 anno
3222 978 3327 1038 151

750 1078 961 1159 functi
1017 1081 1194 1154 sunt,
1256 1076 1376 1141 illa
1432 1097 1700 1141 munera
1735 1077 2078 1159 praetoria
2118 1078 2357 1141 iniisse.
2445 1077 2673 1158 Itaque
2717 1097 2856 1141 cum
2900 1074 3332 1140 Philostratus

747 1200 850 1243 res
882 1179 1064 1262 lonyo
1097 1184 1369 1262 tempore
1400 1179 1718 1243 diiunctas
1740 1182 2083 1261 poetarum
2121 1199 2293 1243 more
2332 1180 2402 1243 in
2432 1179 2610 1243 breve
2646 1180 2923 1261 spatium
2953 1179 3333 1242 contraoeerit

745 1301 990 1346 necesse
1044 1284 1156 1359 sit,
1218 1282 1528 1346 coniciam
1586 1300 1844 1345 causam
1862 1330 1878 1357 ,
1938 1302 2129 1363 quam
2181 1280 2523 1361 Quinctilio
2578 1280 2908 1345 Condiano
2955 1280 3329 1363 proconsule

750 1384 1108 1449 adversarii
1148 1383 1399 1450 Herodi
1437 1383 1758 1449 intendere
1803 1389 2156 1466 coeperunt,
2219 1382 2478 1447 eandem
2522 1403 2651 1448 esse
2695 1390 2880 1466 atque
2925 1402 3200 1459 causa-m,
3260 1382 3331 1446 de

744 1507 872 1568 qua
935 1486 1207 1550 Marcus
1265 1490 1325 1550 et
1378 1484 1626 1549 Fronto
1686 1484 1955 1549 consilia
2013 1486 2623 1549 communicaverunt
2681 1484 2759 1563 (v.
2812 1485 3059 1567 supra),
3125 1489 3327 1549 actam

743 1589 1096 1672 imperante
1139 1586 1280 1665 Pio,
1328 1591 1386 1651 et
1429 1588 1957 1651 Demonstratum
2006 1588 2121 1669 (sic
2168 1591 2261 1650 ter
2306 1587 2609 1669 traditur)
2655 1587 3067 1663 Petilianum,
3113 1589 3222 1669 qui
3263 1589 3327 1651 in

748 1712 825 1755 ea
870 1712 913 1755 α
943 1695 1140 1774 parte
1184 1693 1620 1754 accusatorum
1675 1690 1910 1766 stabat,
1974 1688 2233 1753 eundem
2278 1709 2406 1753 esse
2451 1695 2637 1771 atque
2681 1688 3176 1765 Demostratum,
3223 1689 3330 1770 qui

747 1815 790 1857 a
818 1792 1219 1857 Philostrato
1249 1796 1657 1859 memoratur.
1740 1791 1922 1872 Quod
1949 1793 2008 1855 si
2034 1812 2245 1856 verum
2284 1794 2387 1869 sit,
2423 1791 2786 1875 ponendum
2830 1797 2922 1856 est
2963 1792 3330 1856 inimicitias

747 1900 893 1960 tunc
938 1894 1184 1977 quidem
1217 1895 1429 1959 nescio
1456 1915 1576 1976 quo
1604 1893 1786 1957 modo
1817 1895 1888 1958 in
1924 1898 2165 1977 tempus
2194 1896 2572 1978 compositas
2606 1915 2752 1972 esse,
2801 1894 2912 1960 sed
2949 1894 3146 1959 multo
3186 1898 3330 1977 post

745 1998 943 2062 denuo
988 1998 1315 2064 exarsisse.
1407 1994 1574 2061 Cum
1635 1995 1855 2061 Sirmii
1914 2018 2134 2060 coram
2180 1997 2269 2062 M.
2315 1996 2585 2061 Aurelio
2646 1998 3100 2062 Demostratus
3151 2019 3325 2060 acer-

742 2102 904 2164 rime
961 2101 1027 2164 iu
1072 2098 1404 2163 Herodem
1458 2099 1752 2163 invectus
1812 2109 2012 2178 esset,
2080 2098 2373 2163 Herodes
2432 2111 2647 2164 autem
2707 2100 2909 2163 iratus
2954 2100 3323 2185 imperatori

739 2204 863 2288 ipsi
909 2202 1182 2266 crimina
1225 2200 1598 2282 obiecisset,
1655 2200 1743 2266 M.
1787 2200 2096 2265 Aurelius
2143 2202 2300 2265 satis
2344 2200 2576 2266 habuit
2622 2204 2687 2265 in
2734 2200 3004 2266 libertos
3049 2200 3327 2266 Herodis

739 2304 1267 2369 animadvertere
1305 2304 1441 2368 vita
1482 2307 1736 2370 28-29.

870 2407 1030 2473 Post
1087 2429 1190 2471 res
1253 2408 1316 2470 in
1382 2407 1720 2471 Pannonia
1775 2416 1952 2471 actas
2006 2407 2301 2472 Herodes
2364 2408 2432 2470 in
2479 2407 2762 2472 Atticam
2809 2427 3114 2471 reversus
3159 2409 3331 2470 circa

743 2508 1199 2574 Marathonem
1230 2519 1296 2573 et
1324 2508 1692 2595 Cephisiam
1742 2529 1945 2594 pagos
1976 2508 2215 2591 degere
2249 2507 2499 2573 solebat
2527 2510 2660 2573 vita
2685 2514 2803 2586 30‚·
2843 2507 2998 2572 villa
3027 2507 3332 2593 Cephisia

743 2611 1026 2675 Herodis
1072 2622 1468 2675 memoratur
1507 2609 1672 2677 Gell.
1704 2618 1761 2688 1,
1793 2617 1860 2688 2,
1890 2615 1973 2689 2,·
2018 2617 2075 2688 1,
2117 2616 2218 2689 10,
2259 2616 2333 2689 1,·
2374 2615 2474 2687 18,
2515 2616 2615 2689 10,
2662 2617 2723 2676 1.
2807 2610 2913 2676 Ad
2960 2610 3326 2691 (Avidium)

746 2712 1047 2781 Cassium
1094 2711 1512 2778 rebellantem
1546 2714 1810 2796 (aestate
1843 2735 1902 2777 a.
1937 2718 2082 2798 175)
2116 2715 2374 2800 scripsit
2418 2712 2578 2777 nihil
2619 2715 2742 2776 nisi
2777 2711 3055 2799 Ἡρώδης
3084 2711 3328 2797 Κασσίῳ

742 2817 970 2901 ἐμάνης
1012 2816 1146 2880 vita
1188 2820 1294 2882 32.
1389 2816 1492 2880 Ex
1551 2817 1778 2880 castris
1841 2815 2127 2880 hibernis
2188 2818 2540 2901 imperator
2583 2815 2845 2880 Marcus
2906 2815 2990 2880 ad
3050 2837 3193 2880 eum
3248 2814 3327 2878 de

741 2927 951 2982 morte
980 2918 1332 2982 Faustinae
1381 2918 1602 2982 uxoris
1646 2916 1896 2983 litteras
1935 2917 2117 2982 dedit
2155 2920 2290 2981 vita
2315 2922 2416 2994 31,
2462 2917 2534 2981 id
2576 2923 2667 2982 est
2708 2918 2907 2982 hieme
2951 2940 3011 2982 α.
3043 2916 3325 2984 1751176.

744 3018 953 3084 Paulo
1000 3025 1151 3103 post
1204 3025 1277 3084 ut
1331 3019 1578 3085 videtur
1640 3019 1917 3086 decessit
1975 3020 2360 3085 Marathone
2428 3042 2598 3084 anno
2658 3020 2795 3085 fere
2852 3022 3326 3105 septuagesimo

742 3133 963 3204 sexto3
1025 3144 1258 3208 corpus
1303 3121 1734 3188 Athenienses
1790 3124 1853 3186 in
1903 3123 2381 3187 Panathenaico
2428 3123 2819 3208 sepelierunt
2857 3125 2991 3187 vita
3032 3127 3142 3200 37;
3199 3122 3329 3205 epi·

742 3245 1035 3308 gramma
1058 3223 1421 3310 sepulcrale
1443 3225 1572 3289 ibd.
1592 3245 1612 3302 ,·
1633 3225 2011 3289 Hadrianus
2035 3225 2320 3310 sophista
2336 3225 2586 3290 Herodi
2617 3226 2970 3290 orationem
2994 3224 3327 3289 funebrem

744 3325 976 3392 habuit
1020 3325 1331 3392 Philostsr.
1361 3333 1427 3404 2,
1457 3333 1557 3404 10,
1587 3332 1647 3392 3.

866 3429 1153 3492 onrem
1200 3428 1391 3493 duxit
1433 3428 1713 3514 Appiam
1754 3429 2042 3494 Anniam
2088 3428 2408 3513 Regillam
2455 3428 2721 3494 Atiliam
2761 3427 3141 3494 Caucidiam
3170 3430 3327 3494 Ter-

745 3529 1002 3613 tullam,
1065 3530 1265 3595 filiam
1313 3531 1511 3617 Appii
1557 3530 1756 3595 Annii
1803 3531 1980 3596 Galli
2025 3531 2383 3596 consularis
2429 3533 2511 3614 cf.
2552 3531 2618 3595 A
2660 3536 2801 3616 557,
2848 3554 3043 3617 quam
3089 3556 3146 3596 a.
3191 3533 3327 3597 fere

747 3634 892 3700 160!
903 3636 1014 3700 161
1053 3636 1301 3716 amisit3
1348 3656 1500 3698 nam
1532 3635 1785 3720 Appius
1815 3635 2073 3699 Annius
2104 3634 2345 3700 Atilius
2383 3633 2646 3699 Bradua
2689 3633 2912 3698 consul
2945 3634 3142 3716 (anno
3180 3636 3326 3715 160)

747 3736 849 3800 vel
901 3734 1261 3801 consularis
1308 3737 1808 3822 (εὐδοκιμώτατος
1853 3739 1937 3802 ὢν
1985 3738 2046 3803 ἐν
2092 3743 2214 3809 τοῖς
2256 3736 2387 3803 τότε
2433 3738 2716 3819 ὑπάτοις),
2776 3736 2979 3800 frater
3038 3736 3326 3821 Regillae

740 3838 1072 3903 Herodem
1116 3861 1389 3904 uxorem
1433 3840 1834 3904 interemisse
1878 3841 2227 3923 accusavit,
2276 3842 2458 3904 cuius
2491 3840 2778 3904 criminis
2814 3838 3151 3904 absolutus
3197 3851 3327 3921 est3

743 3940 1118 4007 defunctam
1186 3941 1528 4006 immodice
1585 3940 1758 4007 luxit
1814 3943 1922 4025 (cf.
1970 3943 2238 4007 Lucian.
2293 3941 2629 4007 Demonax
2669 3946 2774 4027 33)
2837 3952 2901 4006 et
2956 3944 3328 4007 memoriam

744 4043 945 4108 titulis
989 4046 1552 4129 monumentisque
1584 4045 1692 4126 (cf.
1728 4049 1769 4109 t.
1800 4048 1858 4110 5.
1893 4044 2137 4128 18-21)
2170 4044 2369 4109 coluit
2412 4056 2475 4109 et
2519 4046 2777 4109 nomine
2824 4049 2959 4110 eius
3005 4044 3325 4109 theatrum

743 4144 1021 4210 Athenis
1054 4148 1349 4210 extruxit
1377 4144 1832 4231 dedicavitque
1862 4147 1997 4210 vita
2026 4152 2127 4223 19,
2173 4145 2543 4211 Pausanias
2579 4152 2633 4223 7,
2665 4151 2768 4223 20,
2802 4151 2858 4211 6.
2934 4148 3041 4211 Ex
3075 4147 3331 4229 Regilla

744 4269 949 4311 uxore
1007 4257 1314 4332 quattuor
1374 4245 1610 4312 liberos
1669 4247 1847 4312 tulit:
1915 4250 1979 4329 1)
2042 4249 2319 4335 Appiam
2365 4249 2645 4314 Anniam
2693 4247 2962 4314 Atiliam
3006 4250 3325 4333 Regillam

740 4348 1081 4435 Elpinicen
1116 4349 1541 4436 Agrippinam
1574 4350 1829 4415 Atriam
1862 4350 2129 4435 Pollam,
2180 4356 2245 4434 2)
2292 4351 2630 4417 Tiberium
2660 4351 3006 4417 Claudium
3037 4353 3327 4439 Appium

739 4450 1015 4517 Atilium
1048 4452 1375 4517 Braduam
1410 4452 1737 4535 Regillum
1770 4454 2061 4519 Atticum
2091 4457 2220 4519 sive
2249 4455 2337 4520 M.
2369 4455 2644 4520 Atilium
2672 4455 2967 4520 Atticum
2998 4456 3327 4521 Braduam

741 4553 1086 4637 Regillum,
1137 4557 1204 4637 3)
1250 4555 1565 4619 Marciam
1613 4555 1956 4621 Claudiam
2002 4555 2251 4621 Alciam
2298 4557 2667 4622 Athenaida
2711 4557 3063 4624 Gravidiam
3110 4559 3325 4623 Latia-

743 4678 911 4738 rem,
973 4658 1041 4741 4)
1085 4657 1162 4721 L.
1209 4655 1556 4722 Claudium
1597 4657 1960 4724 Vibullium
2019 4658 2344 4742 Regillum
2402 4660 2763 4741 Herodem3
2824 4661 2935 4741 qui
2978 4660 3167 4725 liberi
3206 4682 3326 4742 quo

743 4758 962 4824 ordine
1003 4760 1148 4823 nati
1187 4760 1334 4835 sint,
1378 4780 1508 4824 non
1552 4765 1810 4824 constat.
1890 4761 2057 4842 ‚Duo
2102 4772 2251 4826 ante
2295 4773 2567 4827 matrem
2619 4763 2854 4825 mortui
2917 4773 3094 4845 sunt,
3159 4785 3328 4851 quae

739 4862 905 4927 duos
964 4862 1340 4946 superstites
1408 4860 1672 4947 reliquit
1731 4867 1771 4929 t.
1828 4867 1908 4928 18
1965 4884 2021 4931 v.
2060 4869 2158 4942 15,
2228 4864 2467 4929 scilicet
2524 4864 2866 4947 Elpinicen
2925 4870 2986 4929 et
3040 4865 3327 4930 Atticum

738 4963 1097 5029 Braduam.
1187 4964 1514 5028 Herodem
1575 4988 1775 5051 supra
1830 4965 2097 5031 modum
2155 4978 2427 5032 mortem
2471 4966 2587 5031 filii
2632 4967 2893 5052 (scilicet
2937 4968 3014 5032 L.
3056 4967 3331 5034 Claudii

748 5066 1014 5131 Vibullii
1031 5065 1292 5149 Reyilli)
1324 5065 1652 5150 lugentem
1688 5069 1892 5132 irrisit
1913 5069 2259 5134 Demonax
2288 5066 2707 5156 philosophus
2729 5070 3000 5136 Ducian.
3025 5070 3209 5137 Dem.
3239 5076 3327 5137 25

739 5170 878 5254 (ubi
909 5189 1048 5232 cum
1093 5167 1339 5233 Vorstio
1373 5189 1502 5255 pro
1531 5172 1564 5234 ὃ
1598 5167 1844 5247 δἀὐτός,
1891 5170 1964 5234 id
2002 5171 2170 5251 quod
2208 5171 2384 5236 nullo
2427 5172 2609 5237 modo
2653 5173 2819 5254 ferri
2847 5178 3076 5256 potest,
3123 5195 3324 5239 emen-
