3859 5992
583 558 944 616 ANNAEVS
1909 553 1995 620 59
2940 565 3295 624 ANNAEvs

720 758 1035 824 coloniam
1066 779 1277 823 meam
1306 781 1408 823 me
1437 762 1774 825 continuit’
1812 759 2056 826 Seneca
2086 766 2357 827 controv.
2375 769 2414 828 1
2429 763 2649 845 praef.
2680 769 2772 829 11.
2822 762 3294 830 Cordubensis:

724 860 1037 947 ‘duosque
1082 861 1363 927 Senecas
1395 900 1483 910 —
1509 900 1598 909 —-
1626 862 1909 927 facunda
1951 860 2241 948 loquitur
2284 863 2615 930 Corduba'
2667 865 2968 934 Martial.
3012 872 3072 944 1,
3104 872 3202 944 61,
3239 872 3295 932 7.

718 963 1034 1029 Marullus
1076 973 1457 1051 praeceptor
1501 968 1639 1029 eius
1673 965 1916 1031 Seneca
1947 970 2142 1033 contr.
2177 971 2216 1029 1
2249 967 2467 1048 praef.
2499 973 2597 1035 22
2609 988 2631 1047 ,·
2671 973 2735 1046 2,
2768 973 2834 1045 2,
2870 973 2943 1047 7,·
2991 973 3048 1045 7,
3082 973 3148 1045 2,
3182 974 3299 1047 11,-

719 1078 1008 1131 mortuus
1052 1076 1203 1132 ante
1249 1066 1519 1132 exilium
1554 1066 1671 1132 filii
1704 1069 1791 1151 (a.
1820 1071 1928 1152 43)
1962 1068 2205 1133 Seneca
2234 1068 2323 1134 ad
2358 1069 2539 1136 Helv.
2570 1076 2677 1147 12,
2709 1074 2770 1135 5.
2844 1070 3085 1135 Helvia
3129 1093 3296 1136 uxor

716 1169 854 1233 vide
884 1169 1085 1247 Ποῖα,
1135 1181 1264 1234 tres
1308 1167 1497 1234 liberi
1536 1169 1779 1236 Seneca
1823 1170 1910 1235 ad
1952 1170 2132 1235 Helv.
2178 1176 2244 1247 2,
2289 1177 2349 1237 4.
2417 1172 2691 1256 Novat0,
2739 1173 3040 1256 Senecae,
3087 1172 3298 1239 Melae

716 1271 863 1336 filiis
909 1272 1238 1338 dedicavit
1286 1271 1488 1338 libros
1547 1275 2134 1338 controversiarum
2177 1284 2242 1338 et
2285 1277 2720 1340 suasoriarum
2755 1276 2973 1358 praef.
3012 1279 3207 1341 contr.
3254 1274 3294 1342 l.

718 1381 777 1440 1.
819 1380 887 1440 2.
928 1381 990 1439 3.
1036 1380 1096 1439 4.
1146 1381 1203 1440 7.
1245 1378 1304 1443 9.
1349 1380 1452 1440 10.
1556 1376 1719 1442 Eius
1777 1377 2086 1461 antiquus
2145 1377 2325 1459 rigor
2377 1378 2620 1443 Seneca
2679 1377 2766 1442 ad
2818 1376 3001 1443 Helv.
3063 1382 3161 1455 17,
3220 1383 3297 1456 3;

716 1475 1188 1563 philosophiam
1238 1477 1465 1543 oderat
1509 1477 1749 1544 Seneca
1794 1501 1887 1562 ep.
1934 1483 2077 1556 108,
2115 1482 2226 1545 22.

847 1580 1119 1667 Scripsit
1177 1580 1476 1646 historias
1544 1580 1626 1646 ab
1696 1583 1877 1646 initio
1945 1580 2257 1647 bellorum
2326 1580 2618 1647 civilium
2680 1603 2887 1667 paene
2948 1605 3154 1669 usque
3213 1581 3298 1646 ad

719 1684 941 1747 mortis
1000 1706 1156 1747 suae
1214 1683 1414 1765 diem,
1478 1684 1644 1766 quod
1687 1704 1843 1767 opus
1886 1685 2020 1767 ipse
2071 1705 2201 1749 mm
2259 1684 2459 1749 edidit
2502 1684 2744 1749 Seneca
2790 1684 2864 1749 de
2906 1685 3042 1748 vita
3077 1685 3298 1767 patris

716 1788 946 1869 fragm.
993 1786 1130 1851 III
1150 1807 1220 1868 p.
1251 1791 1376 1851 437
1404 1787 1486 1851 Η.
1558 1787 1732 1868 (Huc
1773 1808 1923 1851 num
1956 1788 2325 1870 pertineant
2369 1808 2531 1868 quae
2574 1808 2651 1851 ex
2694 1786 2942 1851 Seneca
2985 1787 3060 1851 de
3101 1792 3299 1851 morte

724 1888 965 1952 meria·
992 1886 1184 1967 affert
1222 1888 1560 1953 Suetonius
1596 1890 1733 1954 Tib.
1768 1894 1847 1954 73
1871 1891 2178 1955 incertum
2206 1895 2297 1954 est
2323 1911 2518 1972 neque
2557 1891 2785 1965 minua,
2831 1911 2952 1971 quo
2993 1890 3300 1973 respiciat

717 1991 1100 2055 Lactantius
1140 1992 1339 2055 instit.
1376 1996 1433 2067 7,
1464 1996 1562 2067 15,
1594 1997 1674 2056 14
1718 1991 1991 2058 laudans
2024 1993 2329 2058 Senecam
2369 1993 2481 2074 qui
2526 1993 2877 2057 ‘Romanae
2918 1990 3098 2056 urbis
3145 2002 3297 2055 tem-

712 2115 874 2179 pora
917 2092 1248 2157 distribuit
1292 2095 1355 2156 in
1402 2096 1719 2175 aetates').
1784 2094 2001 2160 Senex
2042 2094 2149 2178 (cf.
2174 2094 2391 2177 praef.
2426 2099 2623 2159 contr.
2656 2099 2714 2171 1,
2745 2099 2810 2170 2,
2846 2095 3064 2177 praef.
3095 2099 3195 2170 10,
3231 2093 3294 2175 1)

717 2196 975 2280 scripsit
1016 2194 1216 2259 libros
1261 2197 1845 2261 controversiarum
1884 2206 1950 2260 et
1992 2197 2450 2260 suasoriarum.
2526 2196 2687 2260 Loci
2722 2216 2936 2261 eorum
2979 2196 3299 2262 codicibus

713 2319 841 2362 non
881 2298 1121 2362 servati
1161 2299 1443 2363 citantur
1487 2320 1530 2362 a
1569 2299 1967 2380 Quintiliano
2011 2303 2069 2363 et
2111 2297 2371 2363 Donato
2417 2298 2498 2379 cf.
2544 2298 2871 2380 Kiessliny
2899 2319 2975 2381 p.
3003 2302 3152 2365 526.

588 2400 713 2465 458
758 2409 822 2467 L.
866 2409 1219 2463 ANNAEVS
1267 2408 1593 2482 SENECA,
1650 2400 1876 2467 consul
1923 2400 2122 2483 (suff.)
2178 2423 2235 2466 a.
2281 2401 2364 2465 56
2422 2399 2508 2466 In
2566 2400 2928 2465 consulatu:
2985 2400 3298 2466 Annaeus

720 2501 965 2566 Seneca
1005 2500 1216 2566 Gaius
1244 2506 1309 2578 2,
1341 2506 1470 2568 253
1499 2531 1581 2555 =
1609 2503 1890 2567 Instituit.
1921 2509 1987 2579 2,
2018 2508 2124 2579 23,
2160 2508 2217 2578 4,
2263 2501 2509 2585 Diyest.
2546 2506 2645 2578 36,
2681 2507 2738 2577 1,
2775 2507 2834 2579 1,
2879 2503 2956 2567 L.
2989 2502 3300 2568 Annaeus

721 2605 846 2671 tab.
909 2623 1030 2668 cer.
1077 2602 1299 2687 Pomp.
1344 2609 1441 2670 22
1456 2655 1472 2682 ,
1536 2604 1848 2687 amphora
1909 2604 2307 2687 Pompeiana
2368 2605 2626 2670 Nati-'zie
2683 2605 2850 2686 dcyli
2902 2606 3080 2669 scavi
3134 2609 3298 2672 1891

717 2729 789 2789 p.
820 2710 962 2771 169.
1005 2743 1093 2753 —-
1144 2707 1373 2771 Tribus
1415 2708 1775 2773 nominibus
1817 2709 1952 2790 ipse
1993 2708 2198 2772 utitur
2243 2706 2390 2772 Sen.
2439 2708 2633 2789 benef.
2679 2712 2738 2784 4,
2779 2710 2839 2783 8,
2874 2711 2948 2771 3.·
2996 2708 3074 2771 ‘si
3122 2711 3298 2793 quod

715 2832 755 2874 a
800 2807 1048 2874 Seneca
1097 2811 1473 2895 accepisses,
1522 2810 1793 2875 Annaeo
1840 2820 1904 2875 te
1948 2808 2190 2874 debere
2246 2809 2494 2874 diceres
2540 2807 2646 2873 vel
2688 2810 2925 2892 Lucio,
2988 2830 3119 2874 non
3162 2831 3297 2874 cre·

717 2911 988 2976 ditorem
1021 2921 1323 2995 mutares,
1359 2912 1469 2976 sed
1502 2919 1800 2994 nomen'3
1834 2912 2081 2978 Seneca
2108 2913 2243 2995 ipse
2271 2931 2335 2976 se
2367 2911 2732 2993 adloquium
2753 2913 2902 2978 Sen.
2935 2934 3028 2997 ep.
3059 2918 3160 2992 68,
3196 2920 3298 2980 10.

718 3014 795 3082 L.
842 3014 1149 3080 Annaeus
1197 3014 1444 3080 Seneca
1492 3013 1627 3079 Dio
1669 3018 1766 3091 59,
1816 3018 1915 3091 19,
1961 3014 2331 3097 Hieronym.
2380 3013 2590 3079 chron.
2636 3019 2845 3092 2082,
2904 3016 3021 3079 vir.
3063 3016 3160 3082 ill.
3204 3016 3296 3081 II

720 3140 791 3199 p.
828 3121 949 3182 835
986 3116 1093 3196 V.,·
1138 3117 1447 3182 Annaeus
1494 3116 1741 3182 Seneca
1784 3118 1912 3182 sive
1959 3117 2206 3184 Seneca
2250 3117 2430 3181 alibi.

848 3219 1057 3284 Filius
1084 3219 1341 3284 Annaei
1386 3219 1672 3285 Senecae
1715 3230 1780 3283 et
1823 3218 2102 3284 Helviae
2143 3220 2224 3301 cf.
2253 3224 2528 3302 patrem,
2575 3219 2774 3284 frater
2804 3220 3056 3285 Annaei
3087 3220 3298 3285 Melae

722 3334 785 3388 et
828 3322 1082 3388 Annaei
1134 3322 1391 3403 Novati,
1447 3324 1557 3408 qui
1616 3333 1842 3407 postea
1900 3323 2127 3387 Iunius
2173 3320 2389 3388 Gallio
2443 3322 2589 3386 Tac.
2638 3344 2698 3387 a.
2744 3326 2840 3399 15,
2891 3327 3003 3401 73;
3046 3326 3143 3399 16,
3195 3327 3296 3398 17,

720 3424 851 3490 Dio
895 3430 993 3502 60,
1038 3430 1151 3501 35,
1215 3425 1456 3490 Vaccae
1497 3428 1602 3489 vit.
1651 3426 1906 3490 Lucani
1937 3446 2005 3507 p.
2041 3430 2119 3490 76
2144 3422 2377 3503 Reiffi,
2439 3424 2806 3507 Hieronym.
2853 3424 3067 3490 chron.
3111 3429 3298 3490 2080.

719 3532 893 3594 2084
905 3549 927 3607 ,·
954 3525 1393 3592 Cordubensis
1427 3527 1728 3593 Martial.
1772 3534 1823 3604 1,
1856 3532 1955 3604 61,
1989 3532 2046 3604 7,
2095 3528 2462 3609 Hieronym.
2491 3526 2621 3591 chr.
2653 3530 2854 3603 2082,
2885 3529 3004 3592 vir.
3034 3527 3127 3591 ill.
3161 3526 3202 3591 l.
3236 3526 3296 3604 ἶ,

723 3631 805 3712 cf.
853 3631 1001 3697 Sen.
1048 3629 1123 3695 de
1164 3631 1571 3695 matrimonio
1612 3634 1697 3694 88
1734 3630 1865 3695 ΙΙΙ
1887 3653 1960 3714 p.
1989 3634 2112 3694 434
2141 3630 2249 3707 H,
2299 3630 2467 3695 Stat.
2497 3629 2635 3693 silv.
2664 3636 2729 3706 2,
2765 3634 2820 3707 7,
2852 3633 2970 3707 31,·
3012 3631 3296 3715 equestri

720 3756 795 3797 ac
852 3731 1240 3818 provinciali
1294 3732 1435 3797 loco
1496 3743 1673 3797 ortus
1741 3733 1889 3797 Tac.
1938 3754 1997 3799 a.
2043 3738 2142 3810 14,
2185 3736 2283 3799 55.
2372 3732 2433 3796 Α
2479 3754 2699 3796 sorore
2755 3734 2979 3796 matris
3029 3731 3298 3797 Romam

720 3835 1068 3901 translatus
1113 3835 1285 3901 illius
1329 3846 1622 3901 materno
1666 3837 1946 3900 nutricio
1991 3858 2108 3921 per
2148 3834 2414 3918 longum
2458 3844 2709 3920 tempus
2739 3854 2934 3918 aeger
2966 3833 3300 3899 convaluit

724 3939 871 4005 Sen.
919 3938 1007 4003 ad
1046 3938 1228 4005 Helv.
1273 3944 1373 4017 19,
1420 3944 1501 4016 2;
1559 3941 1625 4002 in
1686 3939 1935 4003 Tiberii
1998 3938 2296 4004 Caesaris
2353 3939 2791 4025 principatum
2851 3939 3154 4002 iuventus
3206 3938 3298 4000 in-

723 4041 881 4106 cidit
925 4042 1072 4109 Sen.
1106 4064 1199 4125 ep.
1232 4046 1373 4119 108,
1409 4046 1517 4108 22.
1606 4040 1867 4106 Attalus
1916 4051 1980 4106 et
2017 4042 2196 4108 Sotio
2240 4042 2532 4124 magistri
2576 4043 2712 4104 eius
2756 4040 2903 4105 Sen.
2937 4062 3030 4124 ep.
3068 4043 3210 4117 108,
3240 4044 3298 4104 3.

721 4149 816 4210 13.
847 4149 934 4208 17
942 4165 963 4223 ;
989 4149 1091 4222 49,
1122 4150 1187 4221 2,
1234 4144 1604 4227 Hieronym.
1638 4143 1850 4209 chron.
1883 4149 2078 4221 2029,
2110 4145 2228 4207 vir.
2259 4143 2351 4208 ill.
2387 4142 2428 4208 l.
2463 4143 2536 4220 l.,·
2566 4143 2900 4228 Papirium
2933 4143 3298 4207 Fabianum

721 4246 1029 4311 audiebat
1073 4246 1222 4312 Sen.
1270 4269 1363 4329 ep.
1409 4252 1550 4311 100.
1650 4247 1970 4328 Quaestor
2033 4247 2243 4311 factus
2310 4246 2704 4329 suffragante
2769 4266 2988 4310 sorore
3052 4246 3298 4333 matris,

720 4372 888 4434 quae
932 4372 1048 4435 pro
1093 4359 1445 4436 quaestura
1490 4351 1628 4414 eius
1671 4352 1947 4432 gratiam
1980 4371 2164 4414 suam
2194 4348 2586 4415 extendebat
2614 4349 2761 4414 Sen.
2796 4348 2884 4412 ad
2906 4347 3089 4413 Hebe.
3122 4352 3221 4425 19,
3255 4352 3303 4413 2

723 4451 836 4517 sub
882 4452 1073 4535 finem
1115 4453 1373 4535 imperii
1423 4453 1666 4518 Tiberii
1704 4459 1778 4516 ut
1814 4452 2078 4518 videtur.
2165 4452 2359 4518 Anno
2406 4452 2489 4517 39
2535 4474 2740 4537 paene
2786 4451 3063 4534 interiit,
3125 4448 3299 4536 quod

726 4575 985 4619 causam
1027 4553 1314 4641 aliquam
1359 4557 1524 4623 Gaio
1570 4557 1957 4641 imperatore
2002 4564 2342 4641 praesente
2385 4556 2452 4619 in
2510 4564 2737 4619 senatu
2780 4555 3040 4638 egregie
3082 4561 3306 4636 egerat

720 4655 850 4723 Dio
877 4661 979 4736 58,
1008 4663 1111 4724 19.
1178 4658 1369 4724 Anno
1403 4661 1478 4725 41
1531 4658 1935 4723 insimulatus
1977 4658 2279 4723 adulterii
2316 4657 2520 4723 Iuliae
2550 4655 2827 4722 Livillae
2871 4660 2938 4722 in
2970 4655 3301 4722 Corsicam

725 4760 1043 4845 relegatus
1086 4770 1184 4826 est
1228 4760 1362 4826 Dio
1406 4766 1507 4840 60,
1551 4766 1628 4839 3,·
1671 4766 1769 4840 61,
1803 4767 1903 4839 10,
1949 4761 2139 4826 schol.
2181 4760 2269 4825 ad
2309 4759 2596 4826 Juvenal.
2639 4764 2697 4844 5,
2745 4763 2869 4825 109
2913 4759 2995 4840 cf.
3045 4759 3190 4824 Tac.
3239 4780 3299 4825 a.

724 4869 818 4941 13,
849 4869 952 4930 42.
1000 4863 1234 4929 Exulis
1264 4864 1613 4930 fidissimus
1645 4866 1890 4929 amicus
1914 4863 2269 4929 Caesonius
2299 4863 2628 4927 Maximus
2654 4860 2956 4927 Martial.
2990 4866 3047 4938 7,
3077 4866 3175 4937 44,
3202 4867 3302 4927 10.

724 4966 897 5030 Exul
952 4969 1106 5033 οὕτω
1166 4970 1272 5055 τὴν
1330 4967 1709 5034 Μεσσαλῖναν
1768 4970 1865 5032 καὶ
1921 4968 2057 5038 τοὺς
2101 4965 2402 5033 Κλαυδίου
2462 4966 2882 5052 ἐξελευθέρους
2935 4965 3300 5041 ἐθώπευσεν,

728 5072 880 5134 ὥστε
923 5071 1021 5134 καὶ
1067 5072 1285 5160 βιβλίον
1332 5074 1493 5159 σφίσι
1537 5072 1606 5136 ἐκ
1649 5076 1753 5155 τῆς
1797 5074 1977 5157 νήσου
2022 5071 2251 5159 πέμψαι
2296 5070 2568 5139 ἐπαίνους
2612 5068 2807 5134 αὐτῶν
2854 5066 3017 5154 ἔχον,
3071 5067 3104 5132 ὃ
3151 5067 3301 5153 μετὰ

726 5180 903 5238 ταῦτα
948 5171 1046 5237 ὑπ’
1092 5174 1376 5262 αἰσχύνης
1421 5176 1716 5261 ἀπήλειψε
1756 5170 1890 5237 Dio
1919 5177 2019 5249 61,
2053 5178 2153 5236 10.
2240 5172 2432 5236 Anno
2479 5172 2561 5235 49
2607 5171 2716 5255 (cf.
2769 5171 2917 5237 Tac.
2965 5191 3026 5237 a.
3065 5174 3163 5245 14,
3194 5167 3301 5239 53)
