3859 5992
589 545 904 603 ASSARIO
1886 535 2003 602 171
2976 544 3302 601 ATEDIVS

716 772 803 800 -ε
851 764 912 809 α.
957 742 1149 809 16717
1184 741 1281 807 vel
1321 740 1509 807 18l19
1550 741 1646 806 vel
1685 744 1890 808 20121
1935 763 2010 826 p.
2052 739 2122 808 0.
2143 792 2160 820 ‚
2221 744 2397 807 circa
2456 763 2596 808 eam
2652 740 2927 807 aetatcm'
2964 741 3304 825 Aspuryus

715 846 1021 930 reynavit.
1108 843 1420 928 Ayniwm
1478 863 1610 909 esse
1665 866 1708 909 a
1752 843 2068 910 Romanis
2119 843 2339 910 docent
2395 845 2769 929 cognomina
2812 850 3162 931 φιλοκαῖσαρ
3208 848 3307 911 καὶ

724 952 1129 1036 φιλορώμαιος
1172 952 1215 1013 t.
1245 952 1306 1013 1.
1374 944 1577 1032 Cotys
1619 945 1791 1012 filius
1835 951 1879 1012 t.
1909 951 1971 1013 3.
1998 951 2040 1012 4
2083 947 2247 1013 idem
2288 946 2554 1026 videtur,
2599 949 2712 1030 qui
2740 969 2908 1013 anno
2935 951 3017 1014 49
3046 967 3308 1030 reynmn

719 1051 1003 1135 Bospori
1058 1049 1328 1116 tenuisse
1376 1051 1666 1116 ‘iuventa
1706 1049 1913 1115 rudis’
1965 1049 2200 1115 dicitur
2249 1051 2397 1116 Tac.
2444 1072 2507 1115 a.
2550 1056 2657 1129 12,
2704 1054 2801 1116 15.
2890 1048 3308 1116 Mithridates

725 1155 923 1239 iyitur
963 1153 1171 1237 frater
1208 1152 1425 1237 Cotyis
1466 1152 1595 1218 ibd.
1624 1157 1729 1231 12,
1768 1157 1855 1218 18
1898 1153 2062 1218 alter
2096 1152 2271 1237 filius
2312 1152 2604 1237 Aspuryi
2642 1153 2792 1236 fuit.

596 1257 762 1324 1049
805 1256 1128 1339 *Assari0,
1161 1255 1351 1321 homo
1382 1254 1617 1320 nobilis
1646 1256 1731 1321 ab
1759 1256 2148 1342 imperatore
2169 1255 2444 1322 Claudio
2475 1258 2727 1321 occisus
2752 1256 2994 1322 Seneca
3018 1253 3306 1338 apocolo-

722 1365 885 1444 cynt.
921 1365 1003 1425 11
1029 1357 1370 1425 secumdam
1400 1358 1724 1424 lectionem
1750 1358 2094 1442 vulyatam,
2127 1363 2197 1424 at
2226 1358 2359 1424 loco
2391 1364 2688 1443 corrupto
2718 1379 2944 1425 nomen
2964 1358 3307 1441 proprium

723 1462 974 1528 omnino
1017 1482 1147 1528 non
1187 1461 1385 1527 latere
1426 1461 1692 1530 videtur.

599 1566 764 1632 1050
807 1573 1152 1648 ASTERIA,
1214 1562 1638 1647 c(larissimae
1651 1564 1715 1647 P)
1774 1563 2153 1647 m(emoriae
2168 1563 2231 1648 ‘?)
2286 1563 2560 1646 f(emina
2574 1563 2638 1646 P)
2681 1563 2756 1629 X
2793 1568 2971 1630 4022
3013 1566 3057 1627 t.
3101 1562 3307 1645 sepul-

724 1668 922 1734 cratete
960 1667 1346 1751 Cmnpanus,
1390 1667 1508 1732 ubi
1549 1667 1631 1732 ab
1677 1667 1865 1733 initio
1904 1672 2125 1734 extant
2172 1664 2270 1735 Ὁ.
2303 1666 2394 1732 Μ.
2425 1667 2502 1733 F.
2562 1668 2691 1732 Hic
2736 1668 2863 1731 sita
2904 1675 3003 1731 est
3049 1663 3310 1730 Asteria

723 1770 1183 1835 infelicissima’
1247 1773 1357 1835 etc.
1469 1770 1698 1855 Itaque
1766 1770 1998 1836 solutio
2068 1769 2265 1835 solita
2332 1769 2640 1854 stylorum
2711 1768 3048 1835 admodum
3112 1768 3310 1833 dubia

721 1873 989 1941 videtur.

607 1977 765 2043 1051
815 1973 1135 2041 Asterius,
1213 1974 1390 2040 Divo
1437 1973 1729 2041 Pantheo
1788 1973 1987 2040 salvis
2031 1973 2286 2041 Asteris
2328 1975 2407 2043 L.
2459 1974 2725 2041 Cassius
2768 1975 3103 2057 Ingenuus
3145 1996 3209 2039 V.
3257 1996 3306 2039 s.

725 2078 767 2146 l.
809 2101 893 2145 m.
941 2077 1189 2145 V5523
1230 2081 1275 2143 t.
1316 2077 1389 2142 in
1444 2099 1603 2162 ayro
1658 2078 2134 2144 MedioMnensi
2188 2082 2497 2162 repertus.
2577 2079 2974 2161 Quamquam
3014 2075 3311 2142 Asterius

722 2183 972 2266 siquam
1009 2184 1102 2246 est
1137 2180 1512 2245 Porciorum
1539 2180 2065 2264 Apronianorum
2104 2181 2206 2247 VI
2224 2185 2406 2248 1768.
2436 2186 2619 2258 1769,
2664 2180 2777 2263 qui
2805 2184 3034 2262 quarto
3062 2179 3311 2245 saeculo

724 2285 1094 2369 floruerunt,
1139 2288 1351 2348 tamen
1379 2288 1651 2367 propter
1689 2285 1953 2349 nomina
1995 2284 2145 2369 εἰπε,
2193 2285 2303 2369 qui
2345 2283 2597 2350 titulum
2635 2282 2965 2361 dedicavit,
2998 2281 3073 2348 de
3103 2286 3311 2348 aetate

726 2388 1046 2453 anteriore
1088 2387 1361 2470 coqitwri
1386 2390 1619 2471 potest.

642 2527 723 2539 —
768 2490 1042 2557 Veturia
1083 2487 1340 2555 Astilia.

641 2631 728 2644 -
767 2604 847 2661 M.
891 2602 1157 2658 VLPIVS
1202 2601 1485 2658 ASTIVS.

640 2735 724 2744 —
771 2696 846 2763 C.
890 2694 1195 2762 Valerius
1237 2694 1555 2761 Astraeus
1571 2696 1682 2780 (P).

600 2803 767 2867 1052
808 2808 1241 2881 ASTVRICVS,
1277 2801 1356 2864 ‘si
1385 2818 1623 2882 magna
1652 2797 1945 2864 Asturici
1976 2798 2213 2863 cecidit
2241 2799 2487 2880 domus,
2533 2798 2797 2863 horrida
2824 2808 3051 2882 mater,
3083 2796 3309 2884 pullati

725 2924 1043 2991 proceres,
1090 2902 1308 2968 differt
1349 2901 1724 2967 vadimonia
1759 2910 2041 2988 praetor‘
2088 2901 2375 2970 Juvenal.
2418 2907 2542 2968 sat.
2581 2906 2642 2981 3,
2689 2906 3038 2982 211-212,·
3080 2900 3313 2967 nobilis

729 3007 1043 3072 senatoris
1085 3004 1276 3073 schol.

610 3109 771 3176 1053
814 3117 1200 3187 ASTVRIVS,
1233 3109 1338 3172 vir
1367 3106 1613 3173 ordinis
1642 3108 1950 3173 senatorii
1981 3116 2193 3172 aetate
2222 3106 2525 3191 Gallieni,
2560 3107 2969 3174 Christianus
2998 3107 3317 3176 Eusebius

729 3211 876 3276 hist.
907 3211 1116 3278 eccles,
1149 3215 1208 3288 7,
1240 3215 1338 3277 16.
1370 3215 1457 3276 17
1496 3212 1578 3293 cf.
1608 3210 1783 3276 Acta
1827 3210 2212 3277 Sanctorum
2242 3210 2448 3279 Mart.
2480 3212 2533 3276 I
2551 3233 2624 3294 p.
2655 3215 2810 3278 223.

645 3352 732 3362 -—
774 3313 1114 3379 Maeonius
1158 3311 1520 3398 Astyanax,

613 3419 776 3483 1054
819 3415 1110 3482 Asudius
1156 3415 1514 3499 Curianus,
1575 3417 1974 3501 Pomponiae
2028 3414 2258 3484 Gallae
2304 3414 2473 3481 filius
2516 3440 2557 3482 a
2595 3425 2803 3482 matre
2848 3416 3314 3499 exheredatus3

733 3519 944 3586 Plinio
988 3518 1273 3603 legatum
1319 3518 1585 3605 reliquit
1621 3519 1796 3587 Plin.
1834 3519 2014 3602 epist.
2043 3523 2102 3596 5,
2137 3525 2196 3586 1.

647 3659 733 3668 —
778 3620 1234 3687 *ASVELLIVS
1280 3631 1716 3687 MARcmnvs
1761 3642 1817 3686 v.
1864 3619 2171 3688 Suellius.

612 3726 772 3791 1055
817 3723 1090 3810 Asylus‚
1153 3748 1319 3812 puer
1375 3725 1724 3808 formosus,
1787 3723 1990 3790 stater
2045 3727 2342 3809 geminus
2396 3726 2583 3790 Hieri
2633 3724 2936 3790 Mart-ial.
2980 3729 3040 3802 9,
3080 3730 3218 3802 103,
3254 3729 3316 3790 3.

735 3827 837 3911 Cf.
883 3828 967 3894 H
995 3832 1149 3894 122.

609 3932 775 3998 1056
819 3930 1080 4017 Asylus,
1126 3930 1451 4014 gladiator
1492 3931 1818 3997 Iuvenalis
1860 3937 1917 4009 6,
1964 3936 2099 3998 267
2138 3951 2280 3996 cum
2319 3931 2509 3997 schol.

610 4034 772 4100 1057
818 4033 1101 4100 Atanius
1159 4036 1461 4119 (fortasse
1517 4034 1809 4118 Atinius)
1868 4034 2243 4118 Secundus,
2311 4057 2509 4121 eques
2566 4035 2929 4117 Romanus,
2991 4056 3138 4098 cum
3201 4055 3317 4118 pro

734 4135 942 4203 salute
983 4136 1385 4222 imperatoris
1431 4136 1555 4203 Gai
1600 4134 2053 4219 gladiatoriam
2099 4158 2364 4221 operam
2415 4137 2850 4222 promisisset,
2909 4136 3081 4200 ferro
3134 4133 3318 4200 dimi·

734 4262 884 4305 care
926 4249 1189 4305 coactus
1235 4248 1333 4304 est
1362 4238 1495 4304 Dio
1530 4243 1632 4317 59,
1663 4243 1724 4317 8,
1774 4238 1993 4304 eadem
2031 4239 2283 4305 nomine
2328 4239 2555 4305 omisso
2585 4239 2846 4306 Sueton.
2888 4238 3095 4323 Caliy.
3127 4243 3234 4305 27.

611 4345 777 4411 1058
821 4345 897 4409 Ρ.
937 4342 1243 4408 Atatinus
1286 4343 1580 4425 Flaccus,
1627 4342 1833 4408 frater
1876 4342 1960 4424 Q.
2004 4341 2258 4408 Atatini
2300 4343 2578 4408 Modesti
2623 4343 2737 4408 IX
2774 4348 2960 4409 3609.

613 4446 777 4513 1059
822 4445 904 4527 Ω.
951 4445 1253 4511 Atatinus
1297 4445 1664 4528 Modestus,
1713 4445 1794 4525 Q.
1839 4446 1904 4527 f.,
1954 4444 2132 4510 tribu
2175 4445 2399 4529 Quin,
2460 4446 2828 4531 praefectus
2887 4445 3146 4511 fabrum
3202 4444 3319 4527 bis,

737 4548 1002 4615 tubicen
1048 4571 1405 4632 sacrorum,
1468 4548 1705 4614 flamen
1750 4547 2008 4631 Romae,
2056 4548 2425 4635 praefectus
2470 4548 2695 4614 classis
2738 4548 3080 4632 Moesicae,
3124 4547 3326 4613 frater

737 4652 812 4716 P.
857 4649 1108 4717 Atatini
1154 4650 1373 4716 Flacci
1417 4650 1540 4716 IX
1578 4655 1746 4716 3609
1791 4654 1834 4715 t.
1879 4650 2139 4715 Aveias.

612 4753 779 4819 1060
822 4751 1099 4820 Atedius
1143 4753 1395 4820 Melior.
1481 4752 1729 4819 Nomen
1766 4753 2159 4836 qentilicium
2201 4757 2373 4818 extat
2415 4754 2486 4819 in
2529 4753 3050 4836 inscriptionibus
3094 4753 3323 4818 carmi-

735 4877 887 4921 num
930 4856 1135 4924 Statii
1174 4856 1310 4924 silv.
1355 4862 1421 4934 2,
1466 4860 1525 4924 1.
1570 4860 1629 4932 3,
1678 4855 1843 4920 alibi
1882 4854 2135 4920 Melior.
2170 4893 2248 4902 —
2291 4855 2554 4922 Amicus
2602 4857 2793 4923 Statii
2853 4865 2917 4921 et
2970 4855 3324 4938 Martialis3

739 4959 988 5026 Statius
1050 4959 1109 5023 ei
1169 4958 1498 5024 dedicavit
1553 4957 1596 5025 l.
1642 4959 1708 5023 II
1755 4957 2071 5031 silvarum
2115 4958 2252 5026 silv.
2292 4964 2342 5025 2
2372 4962 2590 5042 praef.
2637 4969 2702 5024 et
2752 4959 3010 5045 scripsit
3050 4957 3133 5023 ad
3179 4980 3327 5023 eum

741 5063 1031 5127 carmina
1074 5067 1140 5140 2,
1185 5067 1226 5126 1
1272 5061 1381 5145 (de
1426 5072 1633 5126 morte
1663 5059 1979 5126 Glauciae
2023 5062 2210 5146 pueri
2255 5061 2544 5146 delicati)
2591 5073 2656 5127 et
2696 5068 2764 5140 2,
2801 5067 2863 5127 3.
2901 5068 2959 5140 4,
3007 5059 3326 5126 Martialis

746 5167 901 5235 item
945 5166 1013 5230 in
1060 5163 1404 5235 Glauciam
1450 5165 1918 5255 epigrammata
1960 5168 2019 5241 6,
2065 5168 2174 5230 28.
2221 5170 2310 5231 29
2354 5176 2417 5230 et
2460 5165 2541 5229 de
2583 5165 2857 5252 pietate,
2919 5186 3052 5251 qua
3095 5162 3328 5229 Melior
