3859 5992
586 541 908 598 BAEBIVS
1882 535 2012 601 224
2979 543 3261 600 BAEBIV
3264 544 3302 599 S

593 741 674 805 10
716 750 786 804 L.
831 748 1151 804 BAEBIVS
1199 747 1732 821 CAECILIANVS‚
1793 739 2048 824 legatus
2093 739 2540 823 Augustorum
2597 763 2696 826 pr.
2755 763 2853 827 pr.
2898 741 3307 823 (Pannoniae

718 843 1071 925 inferioris)
1100 842 1226 907 III
1247 847 1433 920 3706,
1478 863 1646 907 anno
1691 843 1811 906 199
1854 842 1990 907 ΙΙΙ
2015 846 2178 906 3733
2221 842 2494 906 maiar-ii
2537 841 2916 907 Pannoniae
2956 844 3303 926 inferior-fs.

592 947 667 1011 11
717 945 1004 1010 Baebius
1048 945 1401 1031 Hispanus,
1448 944 1532 1009 ad
1577 966 1724 1008 eum
1769 945 2030 1029 scripsit
2065 943 2318 1009 Plinius
2350 943 2530 1009 Ptin.
2562 946 2741 1027 epist.
2773 950 2832 1021 1,
2864 950 2987 1025 24‚·
3029 947 3307 1028 fortasse

716 1048 882 1113 idem
927 1053 1019 1113 est
1060 1048 1413 1132 Hispanus,
1460 1045 1545 1111 ad
1591 1068 1785 1132 quem
1830 1045 2085 1112 Plinius
2131 1048 2392 1132 scripsit
2434 1048 2611 1130 epist.
2642 1052 2703 1125 6,
2733 1052 2839 1114 25.

592 1153 673 1217 12
716 1161 784 1216 L.
830 1160 1150 1214 BAEBIVS
1194 1157 1678 1231 HONORATVS,
1740 1149 1966 1214 consul
2012 1149 2378 1232 (suffectus)
2421 1171 2567 1214 cum
2610 1148 2761 1236 [M.]
2794 1149 3113 1214 Arrecino
3159 1148 3303 1215 Cle·

716 1264 934 1318 mente
981 1274 1041 1317 a.
1087 1254 1324 1317 incerto
1356 1257 1509 1336 post
1552 1274 1611 1319 a
1656 1256 1737 1317 73
1777 1252 1940 1317 ΧΙΙ
1969 1257 2137 1317 3637
2178 1258 2221 1317 t.
2269 1251 2738 1318 Nemausenses.

592 1359 674 1425 13
718 1357 794 1423 L.
842 1356 1125 1421 Baebius
1170 1355 1501 1437 Iuncinus,
1547 1355 1626 1424 L.
1659 1354 1723 1437 f.,
1772 1354 1948 1419 tribu
1989 1354 2133 1422 Gal.
2119 1404 2155 1437 .,
2203 1355 2572 1441 praefectus
2613 1354 2891 1439 fabrum,
2938 1354 3305 1442 praefectus

717 1458 999 1523 cohortis
1045 1458 1181 1523 1111
1223 1459 1592 1540 Raetorum,
1641 1405 1942 1523 tribunus
1979 1457 2255 1522 militum
2286 1458 2559 1540 legionis
2589 1458 2794 1522 XXII
2825 1458 3303 1540 Deiotarianae‚

720 1561 1084 1649 praefectus
1139 1558 1280 1625 alae
1324 1560 1670 1643 Asturum,
1721 1560 2088 1645 praefectus
2133 1559 2612 1645 vehiculorum,
2660 1560 2975 1625 iuridicus
3018 1508 3303 1645 Aegypti

713 1665 785 1730 X
833 1669 998 1728 6976
1049 1668 1090 1731 t.
1143 1663 1594 1728 Messanenses.
1692 1663 1794 1745 Cf.
1838 1684 1903 1728 n.
1950 1668 2023 1728 9.
2120 1662 2443 1727 Tribunus
2497 1662 2763 1745 leyionis
2819 1661 3303 1737 Deiotadanae,

717 1788 879 1849 quae
926 1771 1077 1848 post
1135 1771 1401 1830 aetatem
1457 1766 1732 1831 Traiani
1768 1787 1899 1830 non
1936 1771 2341 1841 memoratur,
2402 1767 2516 1830 sub
2569 1767 2707 1848 ipso
2760 1766 3066 1843 Traiane,
3109 1786 3307 1848 prae-

720 1873 923 1953 fectus
964 1868 1389 1933 vehae’eulorum
1431 1870 1546 1933 sub
1592 1868 1940 1933 Hadriano
1983 1869 2181 1951 fuisse
2223 1868 2468 1933 ridetur
2513 1870 2597 1951 ef.
2643 1868 3038 1951 Hirschfeld,
3085 1866 3307 1933 Unter-

720 1971 1078 2055 suehanyen
1109 1994 1182 2055 p.
1217 1976 1340 2036 100
1385 1972 1532 2036 adn.
1561 1977 1622 2036 3.

597 2078 676 2142 14
720 2074 1003 2140 Baebius
1037 2074 1322 2157 Longus,
1356 2074 1603 2139 ordinis
1634 2076 1972 2162 equestris,
2004 2073 2487 2161 condiscipulus
2521 2084 2586 2139 et
2614 2077 2861 2140 amicus
2899 2077 3303 2161 imperatoris

718 2177 808 2241 M.
856 2176 1106 2242 Aurelii
1152 2179 1260 2243 vit.
1310 2177 1534 2242 Marci
1570 2182 1629 2254 3,
1674 2182 1734 2245 8.

594 2283 673 2347 15
720 2289 1039 2344 BAEBIVS
1086 2289 1366 2359 MACER,
1415 2280 1638 2343 consul
1683 2280 2061 2363 designatus
2107 2279 2194 2360 (α.
2241 2285 2364 2345 103
2403 2280 2500 2346 vel
2543 2285 2663 2345 104
2703 2284 2775 2344 ut
2815 2279 3090 2361 videtur)
3130 2279 3303 2345 Plin.

721 2385 898 2467 epist.
945 2388 1004 2459 4,
1051 2387 1110 2459 9,
1160 2388 1241 2447 16
1254 2402 1276 2460 ,·
1331 2384 1397 2446 in
1458 2394 1687 2448 senatu
1742 2385 2128 2447 sententiam
2174 2382 2345 2447 dixit
2388 2383 2514 2447 ibd.
2560 2389 2620 2461 4,
2665 2388 2771 2461 12,
2814 2387 2888 2461 9,·
2941 2382 3305 2468 praefectus

723 2486 868 2551 urbi
916 2507 974 2550 a.
1024 2482 1144 2548 117
1188 2485 1299 2548 vit.
1345 2482 1682 2548 Hadriani
1720 2488 1778 2566 5,
1823 2489 1883 2549 5.
1971 2483 2225 2548 Plinius
2283 2483 2368 2548 ad
2425 2506 2574 2549 eum
2623 2486 2882 2571 scripsit
2922 2486 3100 2569 epist.
3142 2490 3201 2561 3,
3245 2488 3304 2549 5.

598 2593 717 2656 15a
761 2588 1044 2655 Baebius
1089 2586 1341 2669 Macer,
1403 2609 1620 2652 rerum
1678 2589 1956 2673 scriptor
2010 2586 2091 2651 de
2150 2585 2344 2650 rebus
2386 2585 2670 2669 Augusti
2716 2589 2951 2653 citatur
2997 2588 3175 2653 Serv.
3222 2585 3310 2650 ad

720 2692 827 2757 eel.
861 2696 921 2768 9,
953 2695 1071 2769 47,·
1116 2689 1204 2754 ad
1244 2690 1408 2754 Aen.
1444 2694 1503 2765 5,
1534 2694 1673 2755 556.

598 2799 676 2862 16
722 2793 1005 2860 Baebius
1059 2792 1313 2875 Macer,
1374 2793 1741 2878 praefectus
1803 2794 2126 2878 praetorio
2185 2816 2244 2857 a.
2290 2794 2416 2858 258
2461 2793 2569 2856 vit.
2616 2792 2964 2858 Aureliani
3005 2797 3103 2871 13,
3143 2798 3182 2856 1
3236 2793 3306 2856 in

723 2899 883 2961 actis
926 2896 1111 2979 fietis

601 3003 675 3068 17
722 2999 1005 3066 Baebius
1062 2998 1453 3081 Macrianus,
1515 2996 1750 3081 rhetor,
1811 2999 2123 3080 magister
2183 2998 2409 3063 Severi
2453 2998 2815 3064 Alexandri
2869 3001 2979 3064 vit.
3024 2997 3307 3063 Alexan-

723 3102 829 3167 dri
869 3106 929 3179 3,
973 3106 1033 3166 3.

599 3205 676 3270 18
722 3204 1005 3270 Baebius
1048 3202 1441 3285 Maecianus,
1474 3203 1706 3268 adfinis
1737 3202 1949 3269 Clodii
1982 3204 2208 3269 Albini
2248 3206 2358 3291 qui
2395 3207 2738 3291 imperavit
2762 3207 2871 3271 vit.
2901 3204 3137 3270 Albim·
3159 3208 3218 3281 6,
3249 3209 3305 3267 1.

601 3307 678 3372 19
722 3315 1040 3370 BAEBIVS
1086 3315 1644 3388 MARCELLINVS,
1701 3305 1926 3371 aedilis
1973 3305 2273 3385 (euruliS,
2333 3330 2484 3372 nam
2523 3313 2866 3391 praetexta
2910 3310 3042 3373 eius
3084 3328 3308 3372 memo-

722 3408 935 3492 ratur)
988 3410 1164 3473 circa
1220 3432 1277 3474 a.
1332 3410 1457 3473 205
1518 3421 1784 3494 propter
1842 3431 2030 3474 usum
2090 3411 2326 3475 artium
2387 3413 2786 3494 magicarum
2847 3410 3189 3475 damnatus
3245 3420 3309 3473 et

724 3512 1099 3577 interfectus
1142 3510 1275 3576 Dio
1322 3516 1419 3589 76,
1460 3514 1520 3576 8.
1566 3516 1643 3589 9;
1686 3522 1994 3597 quattuor
2040 3512 2156 3576 filii
2200 3515 2341 3578 eius
2385 3514 2515 3578 ibd.
2563 3534 2613 3581 c.
2656 3518 2714 3579 9.

594 3617 680 3682 20
723 3615 1008 3680 Baebius
1054 3615 1304 3695 Massa,
1367 3636 1423 3678 a.
1471 3614 1554 3679 70
1598 3624 1979 3699 procurator
2022 3612 2286 3680 Africae
2339 3616 2486 3681 Tae.
2533 3616 2593 3684 h.
2637 3623 2696 3693 4,
2740 3621 2821 3682 50
2834 3637 2856 3694 ,·
2915 3615 3164 3682 delator
3215 3617 3309 3679 in-

723 3719 911 3783 famis
957 3717 1080 3783 sub
1125 3717 1499 3781 Domitiano
1544 3716 1694 3793 ibd„
1744 3715 2031 3781 Juvenal.
2062 3722 2184 3783 sat.
2218 3724 2273 3794 1,
2301 3722 2403 3796 35,
2450 3718 2673 3785 Sidon.
2712 3717 3080 3802 Apollinar.
3113 3718 3306 3801 epiyr.

722 3827 780 3901 5,
816 3827 888 3901 7,·
926 3818 1274 3906 proconsul
1307 3820 1610 3884 Baeticae
1648 3841 1733 3883 ex
1765 3842 1843 3883 ea
1871 3820 2213 3904 provincia
2242 3843 2282 3884 a
2310 3819 2523 3885 Plinio
2555 3820 2853 3886 Secundo
2885 3831 2950 3886 et
2980 3821 3308 3886 Herennio

726 3925 1083 3991 Senecione
1114 3922 1617 4009 repetundarum
1649 3934 1991 3986 accusatus
2023 3935 2089 3986 et
2111 3923 2456 3987 damnatus
2489 3936 2587 3989 est
2602 3925 2772 3990 Plin.
2792 3924 2971 4008 epist.
2986 3927 3047 4001 3,
3071 3929 3129 4000 4,
3153 3928 3213 3989 4.
3236 3927 3277 3987 6
3290 3943 3310 4000 ,·

725 4032 781 4104 6,
817 4030 920 4104 29,
953 4029 1027 4103 8;
1074 4031 1130 4104 7,
1162 4030 1261 4102 33,
1309 4046 1480 4089 anno
1525 4025 1609 4090 93
1663 4025 1810 4090 Tae.
1857 4025 2021 4108 Ayr.
2066 4030 2165 4091 45.
2212 4064 2296 4073 —
2358 4026 2538 4091 Idem
2579 4028 2826 4093 υἰάεἰαν
2868 4026 3088 4092 Massa
3129 4048 3308 4092 num-

723 4150 976 4194 morum
1021 4128 1128 4194 fur
1174 4127 1479 4193 Martial.
1524 4134 1627 4211 12,
1670 4133 1777 4205 29,
1825 4133 1890 4195 2.

594 4235 673 4299 21
724 4232 1010 4298 Baebius
1052 4229 1325 4314 Probus,
1372 4231 1632 4296 natione
1677 4231 1998 4314 Baeticus,
2046 4243 2309 4318 propter
2355 4254 2432 4297 ea
2476 4255 2646 4319 quae
2692 4231 2973 4298 Caecilio
3020 4232 3308 4300 Classico

724 4334 1112 4421 proconsule
1152 4335 1219 4398 in
1252 4335 1519 4399 Baetica
1559 4344 1865 4417 gesserat,
1912 4358 1953 4399 a
1993 4333 2207 4400 Plinio
2252 4348 2591 4401 accusatus
2638 4335 2960 4418 relegatus
3002 4347 3101 4401 est
3131 4335 3307 4399 Plin-

725 4439 904 4521 epist.
946 4442 1006 4515 3,
1055 4443 1114 4503 9.

595 4543 678 4606 22
725 4550 845 4606 ΟΝ.
888 4548 1210 4604 BAEBIVS
1257 4548 1632 4605 TAMPILVS
1680 4549 1880 4604 VALA
1926 4550 2441 4623 NVMONIANVS,
2492 4540 2608 4607 C‘n.
2643 4540 2709 4624 f.,
2756 4551 3082 4627 quaestor,
3131 4562 3308 4626 prae·
3366 4597 3370 4601 .

727 4655 846 4727 tor,
893 4665 1009 4730 pro
1041 4640 1319 4725 consule,
1362 4643 1570 4707 IIIvir
1598 4666 1749 4708 aere
1776 4654 2043 4729 argento
2077 4666 2234 4708 auro
2266 4643 2483 4709 flando
2523 4644 2820 4710 feriundo
2869 4643 3182 4722 V11360,·
3222 4644 3314 4709 sie

722 4748 957 4812 mirum
977 4748 1047 4811 in
1068 4745 1320 4811 modum
1342 4764 1561 4810 cursus
1582 4746 1887 4810 honorum
1910 4748 1981 4812 in
2004 4746 2217 4829 lapide
2233 4747 2559 4830 procedit,·
2577 4747 2689 4812 sed
2712 4746 2962 4811 titulum
2984 4745 3150 4810 male
3173 4766 3314 4809 eon-

726 4854 967 4932 eeptum
996 4850 1194 4931 fuisse
1224 4853 1339 4913 aut
1367 4853 1648 4913 erratum
1677 4870 1719 4911 a
1751 4848 2036 4931 lapicida
2079 4849 2327 4915 eredere
2366 4851 2589 4915 malim
2619 4870 2808 4932 quam
2846 4870 2988 4913 eum
3018 4848 3314 4914 Henzeno

725 4958 999 5017 statuere
1040 4952 1349 5016 hominem
1392 4952 1790 5034 praetorium
1832 4954 2122 5033 functum
2166 4974 2292 5017 esse
2337 4954 2791 5043 zje‘yintiviratu.
2841 4989 2919 4997 —
2969 4949 3316 5016 Parentela

725 5056 935 5121 nescio
998 5076 1127 5137 qua
1193 5056 1562 5119 coniunctus
1625 5053 1873 5118 m'detur
1932 5076 2070 5120 eum
2140 5056 2211 5120 0.
2276 5055 2597 5120 Nummio
2672 5055 2868 5131 Vala,
2939 5055 3081 5119 vide
3135 5055 3320 5137 infra

723 5158 839 5222 sub
889 5158 975 5222 N.
