3859 5992
621 524 1012 582 ASABVBAS
1928 516 2043 583 157
2721 524 3337 582 ASCLEPIODOTVS

751 724 926 787 aerei
985 728 1043 788 et
1094 723 1278 787 aurei
1333 727 1399 810 a)
1446 744 1584 788 oum
1628 722 2043 806 msemptione
2088 722 2377 809 ἄρχοντος
2422 718 2733 811 Ἀσάνὸρου
2780 721 3098 811 Βοσπόρου
3143 727 3202 789 et
3242 724 3338 788 in-

751 825 1068 891 dicatione
1119 847 1432 891 annorum
1481 846 1676 908 usque
1730 825 1818 890 ad
1872 829 2201 907 quartum,
2267 825 2329 907 b)
2388 845 2527 891 oum
2584 827 2993 909 inscriptione
3048 827 3341 915 βασιλέως

751 926 1067 1015 Ἀσάνδρου
1104 933 1162 993 et
1204 928 1592 994 iudicatione
1633 949 1947 994 annorum
1991 950 2034 992 a
2068 933 2295 1011 quarto
2336 948 2532 1011 usque
2576 929 2665 994 ad
2702 930 3065 995 vicesimum
3105 951 3335 996 nouum

748 1053 870 1096 von
915 1031 1138 1109 sanet,
1183 1031 1491 1114 Beitraye
1532 1051 1648 1096 zur
1688 1029 2058 1097 Geschiehte
2100 1030 2237 1095 und
2281 1030 2716 1097 Numismatik
2770 1031 2880 1098 der
2926 1033 3180 1117 Koniqe
3232 1032 3340 1098 des

754 1132 1240 1198 Cimmerztschen
1284 1132 1613 1217 Bosporus
1642 1156 1716 1217 p.
1748 1138 1788 1199 9
1818 1153 1970 1215 sqq„
2018 1134 2101 1215 cf.
2148 1133 2579 1217 Waddinytou
2608 1134 2820 1201 Revue
2853 1137 3340 1218 numismatique

750 1239 913 1300 1866
957 1256 1030 1318 Ρ.
1081 1240 1230 1312 417,
1302 1235 1466 1313 GieL
1523 1235 1603 1300 K
1608 1235 1769 1301 leine
1825 1234 2133 1319 Beitraye
2185 1256 2304 1301 zur
2361 1236 2619 1301 autiken
2679 1235 3113 1305 Numismatik
3170 1237 3339 1305 Sad-

749 1337 1082 1403 russlauds
1113 1361 1184 1422 p.
1218 1343 1299 1403 10
1325 1359 1478 1421 sqq„
1524 1337 1872 1422 Latysehev
1919 1337 1959 1404 l.
2008 1338 2047 1406 l.
2081 1359 2154 1422 p.
2190 1337 2521 1406 XXXVI.

881 1440 1045 1507 Cum
1093 1441 1464 1506 Pharnaces
1509 1441 1908 1506 Mithridatis
1952 1440 2123 1506 filius
2169 1442 2238 1505 in
2267 1440 2430 1507 Asia
2471 1451 2698 1507 contra
2730 1444 3054 1509 Romanos
3094 1442 3339 1510 bellum

752 1554 1040 1628 gereret,
1109 1543 1413 1610 Asandro
1473 1566 1698 1609 curam
1757 1544 2031 1630 Bospori
2086 1544 2452 1628 mandavit,
2524 1546 2636 1631 qui
2702 1544 2969 1612 absente
3028 1566 3181 1630 rege
3236 1568 3340 1610 res

756 1668 960 1713 novas
1006 1646 1267 1712 molitus
1310 1658 1409 1714 est
1450 1670 1510 1712 a.
1544 1647 1667 1713 707
1700 1677 1784 1701 =
1820 1646 1903 1711 47
1927 1645 2082 1711 'Dio
2124 1652 2231 1724 42,
2263 1652 2361 1713 46.
2449 1647 2854 1713 Pharnacem
2899 1648 3076 1735 apud
3117 1648 3341 1713 Zelam

751 1751 992 1815 victum
1040 1750 1126 1835 (d.
1155 1756 1204 1816 2
1246 1772 1328 1817 m.
1372 1750 1682 1838 Sextilis),
1731 1772 1878 1815 cum
1923 1750 2288 1836 Bosporum
2333 1760 2672 1838 repeteret,
2718 1751 3019 1818 Asander
3059 1751 3342 1838 reppulit

752 1863 818 1918 et
869 1853 1107 1918 occidit
1150 1852 1281 1918 Dio
1323 1859 1430 1932 42,
1476 1859 1575 1932 47,
1635 1853 1923 1937 Appiau.
1974 1853 2347 1919 Mithri'dat.
2392 1859 2540 1932 120,
2602 1852 2839 1919 deinde
2896 1853 3337 1920 Mithridatem

754 1956 1260 2040 Pergamenum,
1339 1957 1446 2021 cui
1506 1956 1749 2023 Caesar
1813 1976 2085 2039 regnum
2145 1956 2596 2043 Bosporanum
2674 1956 3023 2041 tribuerat,
3097 1957 3342 2023 devicit

751 2056 886 2122 Dio
927 2063 1034 2136 42,
1080 2063 1181 2136 48,
1229 2059 1466 2125 Strabo
1517 2065 1609 2137 13,
1652 2064 1712 2136 4,
1758 2064 1801 2124 3
1832 2081 1902 2142 Ρ.
1937 2062 2064 2125 625
2118 2068 2181 2123 et
2228 2060 2566 2145 Dynamin
2610 2059 2965 2124 Pharnacis
3017 2057 3216 2124 filiam
3272 2061 3338 2123 in

750 2162 1236 2226 matrimonium
1296 2162 1486 2228 duxit
1542 2162 1675 2228 Dio
1716 2166 1830 2240 54,
1878 2167 1984 2239 24,
2043 2167 2085 2228 t.
2129 2167 2188 2230 1.
2278 2162 2505 2249 Vsque
2564 2161 2643 2226 ad
2709 2162 2984 2227 Tanaim
3041 2164 3342 2246 regnavit

752 2262 993 2329 Strabo
1030 2268 1143 2341 11,
1188 2269 1253 2341 2,
1300 2270 1380 2330 11
1425 2287 1498 2348 Ρ.
1544 2269 1685 2343 495,
1754 2264 2060 2329 isthmum
2120 2264 2500 2352 peninsulae
2558 2264 2640 2329 ad
2694 2264 3086 2330 Maeotidem
3152 2286 3338 2328 muro

748 2367 1031 2431 munivit
1071 2366 1160 2431 id.
1195 2372 1250 2444 7,
1282 2373 1341 2445 4,
1372 2372 1412 2433 6
1442 2389 1516 2451 Ρ.
1546 2372 1688 2435 311.
1762 2367 1926 2433 Cum
1962 2366 2341 2433 Scribonius
2377 2368 2643 2455 quidam
2674 2377 2901 2433 contra
2944 2389 3092 2431 eum
3134 2365 3339 2432 rebel-

627 2520 632 2527 .
750 2467 946 2553 laret,
1010 2471 1365 2553 nonaginta
1420 2480 1549 2535 tres
1606 2492 1810 2535 annos
1867 2480 2060 2536 natus
2120 2469 2338 2536 inedia
2391 2471 2594 2536 vitam
2652 2471 2870 2536 finivit
2909 2469 3043 2536 Dio
3085 2474 3184 2548 54,
3230 2475 3336 2551 24,

752 2570 1074 2656 (Luciau.)
1123 2573 1417 2639 Macrob.
1454 2579 1557 2639 17.

881 2673 1045 2740 Cum
1109 2674 1294 2741 titulo
1355 2675 1656 2763 ἐθνάρχου
1718 2697 1992 2760 regnum
2049 2674 2132 2742 ab
2196 2675 2494 2760 Augusto
2553 2676 2805 2762 accepit
2861 2680 3082 2739 auctor
3142 2675 3344 2741 libelli

753 2775 828 2841 de
889 2777 1208 2861 {onyaevis
1267 2777 1307 2844 l.
1354 2779 1424 2856 l,
1486 2800 1665 2861 quem
1721 2778 2024 2860 refellunt
2075 2779 2334 2844 nummi.
2424 2777 2597 2845 Vnde
2656 2783 2928 2862 apparet
2970 2777 3341 2843 Asandrum

745 2881 1030 2963 primum
1076 2901 1190 2963 per
1220 2885 1520 2962 quattuor
1549 2882 1685 2963 fere
1713 2901 1914 2946 anuos
1945 2880 2269 2947 archontis
2297 2902 2539 2959 nomen,
2579 2880 2801 2946 deiude
2831 2885 3057 2963 quarto
3088 2881 3344 2965 imperii

750 2983 918 3065 reyis
974 2984 1330 3066 sumpsisse.
1429 2983 1695 3066 Tempus
1752 2984 1977 3049 mortis
2037 2983 2437 3067 aliquatenus
2494 2983 2794 3068 definitur
2838 3004 2963 3067 per
3018 3005 3341 3050 nummum

752 3106 1016 3149 aureum
1068 3083 1389 3168 Dynamis
1433 3085 1692 3162 Kolone,
1757 3085 1984 3152 Musae
2039 3085 2484 3170 Kotsehoubey
2526 3087 2619 3151 II
2652 3110 2724 3169 Ρ.
2755 3091 2878 3153 156
2936 3107 3077 3151 eum
3135 3087 3341 3171 eapite

749 3188 1010 3270 reyiuae
1068 3191 1127 3251 et
1182 3187 1595 3271 inscriptione
1646 3191 1993 3277 βασιλίσσης
2050 3190 2377 3274 Δυνάμεως
2435 3194 2493 3253 et
2546 3209 2715 3254 anno
2767 3187 2931 3254 ΑΠΣ
2976 3219 3061 3243 =
3106 3211 3166 3256 a.
3212 3192 3340 3256 281

752 3310 944 3354 aerae
970 3289 1592 3356 Achaemenidarum
1622 3321 1707 3345 =
1737 3312 1798 3355 a.
1841 3290 1922 3356 ab
1975 3296 2274 3355 autumno
2321 3312 2381 3355 a.
2434 3295 2558 3356 737
2595 3311 2791 3373 usque
2842 3291 2930 3357 ad
2972 3297 3341 3358 autumnum

753 3413 814 3457 a.
848 3395 985 3456 738.
1074 3391 1224 3456 Veri
1263 3395 1427 3458 enim
1469 3393 1864 3459 simillimum
1908 3398 1999 3458 est
2028 3393 2193 3458 hune
2219 3414 2543 3458 nummum
2574 3414 2790 3458 cusum
2819 3413 2964 3472 esse,
2999 3399 3342 3477 postquam

750 3492 1051 3560 Asander
1093 3499 1378 3561 mortuus
1407 3501 1498 3561 est
1527 3502 1588 3561 et
1614 3494 1934 3579 Dynamis
1976 3495 2115 3561 sola
2158 3516 2419 3579 reyuum
2466 3496 2683 3562 tenuit.
2767 3495 2938 3562 Vnde
2967 3495 3341 3561 Asandrum

752 3598 926 3663 circa
970 3618 1030 3665 a.
1064 3597 1332 3662 7371'738
1371 3628 1451 3651 =
1482 3599 1667 3662 17l16
1713 3619 1773 3663 a.
1824 3597 1895 3663 C.
1941 3602 2258 3663 mortuum
2301 3618 2430 3663 esse
2474 3599 2755 3682 efficitur
2792 3619 2987 3681 neque
3028 3601 3344 3682 repuynat

749 3700 1049 3765 narratio
1077 3698 1314 3764 Dionis
1344 3705 1445 3777 54,
1477 3706 1583 3768 24.
1652 3700 1786 3767 Sed
1823 3700 2131 3782 quomodo
2177 3701 2587 3767 archontatus
2630 3705 2689 3765 et
2731 3700 2916 3785 requi
2957 3701 3116 3765 anui
3157 3721 3339 3766 aecu-

749 3805 960 3868 ratius
1005 3803 1414 3886 computandi
1454 3805 1616 3882 siut,
1659 3804 1790 3868 viri
1832 3803 2002 3868 docti
2044 3803 2420 3869 dissentiunt
2465 3804 2546 3886 cf.
2579 3802 2928 3887 Latysohev
2971 3802 3014 3872 l.
3061 3802 3102 3871 Ζ.
3145 3824 3341 3886 neque

755 3905 959 3972 adhuc
997 3927 1130 3971 rem
1176 3911 1340 3971 certe
1383 3905 1738 3972 diiudicare
1782 3906 1944 3973 lieet.
2030 3907 2294 3972 Constat
2340 3911 2548 3971 tamen
2582 3906 2956 3971 Asaudrum
2998 3906 3341 3989 imperasse

753 4010 930 4074 intra
974 4031 1029 4073 a.
1066 4008 1693 4074 707l708—737l738
1726 4039 1812 4064 =
1843 4010 2303 4075 47l46—17l16
2347 4031 2407 4075 a.
2450 4008 2522 4075 C.

624 4111 750 4178 985
795 4111 1129 4180 Asarubas
1173 4122 1383 4178 aetate
1428 4111 1622 4177 Plinii
1668 4111 1750 4177 de
1795 4110 2033 4177 electro
2079 4114 2356 4200 scripsit,
2404 4114 2643 4178 citatur
2690 4111 2870 4177 Plin.
2905 4130 2972 4177 u.
3011 4109 3071 4176 h.
3104 4114 3205 4188 37,
3236 4113 3337 4188 37,

755 4226 983 4283 auctor
1024 4216 1219 4283 Plinii
1265 4215 1396 4284 ind.
1445 4216 1486 4281 l.
1525 4220 1628 4281 37.
1925 4262 1934 4270 -

625 4319 752 4386 986
797 4318 1235 4406 Asclepiades,
1282 4320 1699 4403 magistratus
1731 4320 1978 4385 Prusae
2008 4318 2092 4384 ad
2123 4316 2477 4404 Olympum
2509 4317 2689 4384 Ptin.
2725 4317 2814 4382 ad
2848 4315 3113 4383 Traian.
3146 4319 3246 4392 81,
3280 4319 3338 4378 1.

625 4423 750 4488 987
796 4421 1234 4509 Asclepiades,
1266 4422 1661 4506 Mendesius,
1702 4423 1886 4488 cuius
1918 4421 2494 4505 Theologumenon
2523 4421 2674 4487 libri
2708 4423 2988 4487 citantur
3016 4420 3099 4485 de
3129 4419 3338 4503 Atiae,

752 4525 978 4590 matris
1008 4525 1306 4609 Augusti,
1342 4525 1689 4590 concubitu
1721 4547 1865 4589 cum
1887 4525 2195 4591 draconte
2219 4524 2479 4591 Sueten.
2504 4524 2772 4609 Auyust.
2798 4528 2896 4591 94.
2943 4522 3056 4588 Ad
3083 4522 3339 4588 eundem

751 4627 996 4693 rettulit
1026 4627 1271 4693 Muller
1306 4627 1530 4694 FHG.
1563 4629 1695 4694 III
1709 4649 1783 4712 Ρ.
1813 4633 1939 4693 306
1979 4628 2212 4693 Athen.
2243 4633 2286 4692 3
2315 4650 2390 4711 Ρ.
2420 4631 2504 4691 83
2529 4626 2587 4693 0
2628 4626 3061 4714 Ἀσκληπιάδης
3105 4626 3169 4692 ἐν
3216 4626 3341 4710 ἑὲη·

751 4741 952 4820 κοστῷ
994 4730 1085 4815 (ἐν
1132 4731 1371 4819 ἑβδόμῳ
1416 4732 1680 4797 coniecit
1726 4731 1994 4813 Kaibel)
2040 4730 2473 4818 Αἰγυπτιακῶν.

625 4834 750 4901 988
795 4834 1312 4922 Asclepiodotus,
1361 4844 1552 4920 poeta
1595 4845 1659 4899 et
1703 4845 2085 4920 procurator
2129 4836 2403 4921 (ποιητοῦ
2446 4840 2551 4901 τοῦ
2591 4833 2932 4921 ἐπιτρόπου)
2974 4831 3079 4898 01
3080 4831 3142 4899 G
3175 4835 3344 4897 4747

752 4968 835 4993 =
869 4936 1130 5014 Kaibel,
1161 4938 1559 5021 Epiyramm.
1587 4958 1686 5021 qr.
1719 4941 1845 5003 993
1885 4942 1927 5003 t.
1958 4937 2241 5002 versibus
2271 4942 2599 5020 conceptus
2633 4938 2704 5002 iu
2734 4936 3099 5002 Memnonis
3124 4939 3344 5003 statua

749 5041 1096 5123 inscriptus
1113 5091 1127 5118 ‚
1191 5043 1369 5106 ouius
1426 5045 1742 5105 auctorem
1789 5044 2060 5123 propter
2114 5060 2407 5105 rev-sumn
2457 5040 2835 5124 eleyantiam
2880 5044 3027 5104 ante
3068 5038 3342 5103 Antoni-

748 5165 974 5209 norum
1021 5149 1291 5211 aetatem
1333 5145 1532 5227 fuisse
1574 5144 1802 5210 statuit
1846 5143 2106 5210 Kaibel.
