3859 5992
605 537 1054 594 ARCHELAVS
1925 530 2053 596 128
2937 538 3315 596 ARELLIVS

734 734 1014 800 narchae
1059 734 1494 822 appellatione
1538 737 1859 823 acciperet
1901 736 1989 802 id.
2031 739 2163 802 ant.
2192 741 2290 813 17,
2324 740 2384 815 9,
2417 741 2565 802 4-7.
2616 742 2715 814 11,
2760 742 2909 814 1-4,
2957 736 3097 804 bell.
3140 742 3206 814 2,
3252 742 3317 814 2,

730 844 885 903 1-7.
915 843 971 922 6,
1004 844 1155 917 1-3,
1198 839 1511 905 Nicotaus
1542 838 1987 906 Damascenus
2016 838 2244 906 FHG.
2277 839 2412 905 ΙΙΙ
2427 840 2515 922 fr.
2542 844 2604 905 5.
2695 838 2973 927 Ἡρώδης
3015 839 3322 925 ἐθνάρχης

731 942 802 1005 in
843 943 1116 1008 nammis
1158 943 1240 1024 cf.
1291 942 1580 1007 Madden
1625 943 1662 1007 l.
1715 942 1777 1021 l„
1826 964 1948 1007 rex
1990 944 2202 1007 minus
2242 947 2540 1007 accurate
2582 942 2829 1026 Ioseph.
2876 947 2990 1007 ant
3036 947 3138 1019 18,
3169 947 3227 1019 4,
3257 946 3319 1007 3.

732 1045 1115 1110 Hiericunte
1169 1044 1478 1131 palatium
1539 1045 1821 1110 restituit
1880 1056 1947 1110 et
1989 1046 2207 1109 vicum
2251 1044 2709 1110 Archelaidem
2751 1044 2981 1131 palmis
3028 1043 3317 1109 inclitum

733 1145 842 1230 (cf.
879 1147 1054 1214 Plin.
1089 1169 1151 1215 n.
1183 1148 1242 1213 h.
1274 1152 1371 1225 13,
1401 1148 1508 1231 44)
1550 1147 1840 1213 condidit
1871 1148 2121 1231 Ioseph.
2155 1154 2286 1215 ant.
2315 1152 2413 1225 17,
2445 1152 2543 1226 13,
2573 1154 2633 1212 1.
2706 1148 3086 1213 Mariamme
3115 1170 3320 1214 uxore

731 1251 950 1336 priore
992 1250 1336 1336 repudiata
1379 1250 1782 1337 Glaphyram
1811 1251 2119 1317 Archelai
2164 1252 2335 1334 regis
2382 1251 2842 1336 Cappadocum
2888 1250 3105 1328 filiam,
3153 1270 3319 1336 quae

728 1363 921 1418 antea
963 1353 1340 1419 Alexandro
1386 1354 1670 1419 Herodis
1714 1353 1879 1437 filio,
1943 1355 2092 1419 dein
2136 1353 2341 1420 Iubae
2395 1356 2564 1438 regis
2610 1354 3056 1421 Mauretaniae
3114 1362 3321 1438 nupta

732 1455 815 1520 ab
860 1455 982 1521 hoc
1025 1455 1290 1521 dimissa
1332 1457 1547 1521 fuerat
1590 1455 1785 1539 (falso
1821 1457 2017 1523 vidua
2046 1456 2251 1522 Iubae
2283 1479 2325 1522 a
2352 1457 2621 1541 Iosepho
2667 1457 2947 1542 dicitur),
2994 1458 3062 1522 in
3101 1456 3317 1520 matri-

733 1561 1021 1624 monium
1067 1559 1258 1624 duxit
1297 1559 1384 1628 id.
1418 1565 1548 1626 ant.
1583 1565 1683 1638 17,
1715 1565 1813 1637 13,
1848 1566 1906 1625 1.
1937 1566 1996 1637 4,
2043 1560 2182 1627 bell.
2227 1564 2291 1638 2,
2327 1565 2384 1637 7,
2417 1566 2477 1626 4.
2555 1560 2746 1625 Anno
2792 1562 2832 1626 6
2877 1583 2936 1646 p.
2967 1558 3040 1625 C.
3076 1583 3117 1623 a
3144 1560 3316 1646 prin·

731 1662 983 1748 cipibus
1040 1662 1431 1729 Iudaeorum
1485 1662 1659 1749 apud
1717 1662 2091 1746 Augustum
2146 1673 2487 1728 accusatus
2546 1664 2819 1728 Romam
2885 1670 3187 1727 evocatus
3254 1671 3320 1725 et

734 1764 1051 1829 Viennam
1107 1767 1173 1830 in
1221 1765 1488 1830 exilium
1534 1776 1716 1830 actus
1760 1777 1859 1831 est
1901 1765 1988 1831 id.
2037 1771 2168 1830 ant.
2216 1771 2313 1843 17,
2356 1770 2455 1842 13,
2502 1770 2660 1843 2-3,
2709 1764 2846 1832 bell.
2892 1770 2956 1842 2,
2988 1769 3047 1841 7,
3076 1770 3138 1843 3,
3185 1763 3317 1829 Dio

728 1870 828 1944 55,
873 1872 968 1933 27
1006 1869 1278 1952 (nomine
1323 1869 1550 1933 omisso
1594 1869 1832 1935 Strabo
1874 1873 1975 1945 16,
2007 1872 2073 1945 2,
2104 1873 2186 1934 46
2211 1890 2285 1951 p.
2329 1868 2494 1951 765).
2545 1905 2615 1915 —
2671 1867 3034 1934 Memorari
3072 1866 3319 1931 videtur

732 1970 802 2034 in
847 1974 889 2034 t.
939 1971 1413 2036 Palaestinensi
1467 1972 1690 2036 mutilo
1730 1971 1898 2037 GIG
1938 1976 2102 2037 4537
2144 1970 2475 2036 Additam.
2507 1993 2582 2054 p.
2615 1976 2777 2036 1179
2823 2021 2839 2035 .
2867 2020 2882 2035 .
2909 2020 2925 2035 .
2952 2023 2966 2037 .
3015 1967 3316 2057 Ἀρχελάῳ

731 2077 845 2162 υἱῷ
885 2072 1209 2162 Ἡρώ[ὂου]
1256 2123 1272 2140 .
1300 2124 1316 2139 .
1343 2124 1359 2139 .
1385 2123 1438 2153 .,
1484 2096 1644 2157 qaae
1686 2076 1918 2140 mentio
1963 2096 2083 2157 quo
2115 2076 2524 2158 pertinuerit,
2569 2094 2699 2139 non
2740 2074 2873 2139 iam
2904 2073 3313 2157 perspicitur.

602 2175 729 2241 833
772 2176 1153 2259 Archelaus»,
1177 2176 1480 2243 Archelai
1507 2177 1899 2242 ethnarchae
1924 2175 2011 2256 (n.
2032 2175 2185 2259 832)
2210 2188 2591 2262 procurator
2603 2176 2850 2259 Ioseph.
2869 2180 2999 2244 ant.
3016 2181 3116 2252 17,
3135 2180 3233 2251 13,
3249 2180 3316 2241 2.

600 2277 726 2342 834
776 2329 790 2343 .
820 2329 833 2343 .
861 2329 875 2344 .
904 2303 1022 2345 .us
1084 2279 1474 2363 Archelaus,
1542 2279 2032 2367 subpraefectus
2091 2279 2417 2363 (vigilum)
2477 2280 2746 2363 Ephem.
2805 2300 2897 2363 ep.
2957 2284 3014 2356 7,
3061 2280 3227 2345 1215
3270 2282 3315 2342 t.

742 2381 1065 2448 ostiens-2⁶8.

620 2520 707 2529 -—
771 2494 832 2549 P.
878 2496 1153 2551 AELIVS
1197 2495 1580 2550 AELIANVS
1625 2494 2075 2550 ARCHELAVS
2121 2494 2444 2550 MARCVS.

620 2622 708 2632 -—
775 2597 1194 2654 CORNELIVS
1240 2598 1709 2654 ARCHELAVS.

619 2727 706 2736 —
771 2699 838 2757 T.
884 2701 1204 2757 FLAVIVS
1250 2701 1723 2756 ARCHELAVS.

621 2829 706 2838 —
773 2793 1151 2876 FL(AV1VS)
1199 2804 1649 2859 ARCHELAVS
1697 2803 2196 2860 CLAVDIANVS.

617 2931 706 2941 —
770 2906 835 2961 T.
883 2888 1202 2962 FLA'vlvs
1249 2906 1696 2962 AnanLAvs
1744 2905 2240 2961 anvast.

620 3034 706 3044 —-
771 2997 980 3064 Iulius
1025 3000 1402 3067 Archelaus.

598 3100 724 3165 835
771 3100 1066 3186 Archias,
1099 3102 1283 3168 faber
1324 3102 1558 3167 breves
1602 3102 1802 3168 lectos
1848 3103 2005 3168 fecit
2033 3101 2393 3186 Porphyrio
2421 3123 2497 3184 p.
2527 3107 2657 3167 273
2699 3101 2793 3166 ed.
2826 3101 3081 3185 Meyeri
3120 3102 3313 3167 inter·

718 3209 993 3287 pretans
1035 3205 1373 3270 Archiacis
1419 3205 1603 3271 lectis
1647 3206 1917 3271 Horatii
1961 3206 2138 3289 epist.
2184 3211 2242 3282 1,
2285 3209 2344 3282 5,
2393 3210 2451 3269 1.

619 3341 708 3352 --
773 3306 1039 3371 Flavius
1086 3308 1475 3394 Archippus..

602 3409 728 3474 836
778 3459 791 3473 .
819 3459 834 3474 .
866 3419 1275 3493 .ARCIANA,
1337 3409 1694 3476 clarissima
1753 3409 2027 3493 femina,
2092 3432 2259 3474 uxor
2305 3408 2601 3492 (Statilii)
2647 3408 2925 3475 Barbari
2971 3410 3074 3476 VI
3104 3414 3312 3489 1522,-

725 3513 1140 3596 supplendum
1183 3514 1432 3578 videtur
1480 3513 1878 3597 [M]arciana.

597 3615 722 3680 837
768 3614 1054 3680 Arellius
1102 3626 1174 3681 ut
1217 3616 1408 3681 homo
1453 3617 1806 3681 ditissimus
1852 3617 2225 3680 nominatur
2268 3615 2501 3681 Horat.
2546 3621 2667 3680 sat.
2711 3620 2776 3692 2,
2810 3619 2867 3692 6,
2916 3620 3015 3680 78.

596 3718 722 3783 838
766 3717 1052 3783 Arellius
1098 3720 1365 3803 FuscuS,
1414 3719 1654 3786 rhetor.
1701 3742 1783 3783 ex
1814 3718 1977 3784 Asia
2020 3716 2333 3783 oriundus
2365 3718 2607 3784 Seneca
2651 3724 2923 3783 controv.
2968 3724 3029 3796 9,
3058 3724 3166 3796 29,
3196 3724 3278 3783 16
3291 3739 3313 3798 ,·

725 3823 791 3885 in
837 3823 1118 3909 primum
1164 3821 1527 3887 tetradeum
1570 3821 2078 3886 declamatorum
2120 3822 2348 3886 aetatis
2394 3820 2674 3904 Augusti
2722 3821 2999 3885 refertur
3039 3822 3127 3890 id.
3169 3843 3311 3888 con-

726 3929 879 3992 trov.
926 3929 1007 3989 10
1039 3946 1148 4007 pr.
1192 3929 1303 4003 13;
1362 3924 1619 3989 dicebat
1658 3926 1982 3989 suasorias
2026 3923 2449 3989 libentissime
2495 3933 2559 3987 et
2600 3923 3002 4009 frequentius
3044 3945 3310 4007 graecas

725 4049 920 4112 quam
977 4026 1209 4093 latinas
1253 4027 1338 4094 id.
1384 4048 1632 4093 suasor.
1678 4033 1736 4105 4,
1766 4034 1842 4106 5;
1901 4026 2148 4092 solebat
2208 4050 2291 4091 ex
2332 4024 2624 4110 Vergilio
2669 4027 2872 4091 multa
2917 4026 3190 4111 trahere,
3226 4039 3313 4093 ‘ut

724 4130 1085 4195 Maecenati
1126 4131 1478 4215 imputarat
1507 4130 1594 4194 id.
1626 4151 1872 4195 suasor.
1902 4135 1962 4206 3,
1992 4133 2033 4196 5
2049 4150 2070 4209 ,·
2113 4128 2444 4194 auditores
2476 4131 2614 4193 eius
2647 4131 2948 4216 Papirius
2978 4131 3311 4197 Fabianus

726 4243 791 4296 et
845 4231 1123 4298 Ovidius
1181 4232 1269 4299 id.
1331 4237 1603 4298 controv.
1642 4238 1691 4299 2
1720 4255 1829 4317 Ρν.
1862 4239 1921 4299 1.
1951 4237 2027 4310 5;
2070 4238 2136 4309 2,
2168 4238 2234 4309 2,
2267 4236 2327 4296 8.
2361 4237 2420 4297 9.
2492 4232 2746 4297 Iudicia
2803 4232 2885 4296 de
2941 4232 3311 4320 eloquentia

725 4336 866 4399 eius
923 4334 1011 4401 id.
1070 4354 1315 4401 suasor.
1359 4340 1426 4414 2,
1458 4341 1576 4414 10,·
1616 4340 1675 4413 3,
1712 4341 1766 4413 7,
1814 4340 2086 4402 controv.
2118 4341 2167 4401 2
2198 4356 2306 4417 pr.
2338 4340 2397 4403 1.
2441 4372 2529 4381 —-
2572 4335 2980 4413 Sententiae,
3042 4335 3306 4420 colores,

722 4434 1076 4502 divisiones
1101 4439 1240 4503 eius
1253 4440 1504 4521 passim
1527 4438 1703 4521 apud
1715 4438 2039 4516 Senecam,
2066 4439 2304 4503 citatur
2313 4444 2657 4522 praeterea
2672 4438 2916 4504 Seneca
2935 4440 3112 4521 epist.
3127 4445 3229 4517 40,
3247 4445 3308 4505 9.

594 4540 719 4605 839
763 4538 1048 4605 Arellius
1092 4542 1361 4626 Fuscus,
1415 4542 1720 4607 ‘vidimus
1765 4553 1831 4606 et
1875 4543 1994 4628 ipsi
2043 4541 2364 4607 Arellium
2400 4542 2689 4607 Fuscum
2733 4551 2982 4606 motum
3026 4544 3331 4628 equestri⁹

637 4666 644 4671 ·
723 4643 950 4708 ordine
996 4643 1078 4708 ob
1124 4646 1442 4728 insignem
1489 4644 1898 4730 calumniam,
1949 4667 2096 4709 cum
2139 4643 2582 4710 celebritatem
2627 4643 3114 4710 adsectarentur
3152 4643 3308 4710 adu-

722 4745 1099 4810 lescentium
1148 4746 1424 4827 scholae,
1470 4760 1810 4832 argenteos
1854 4747 2082 4812 anulos
2128 4747 2497 4813 habentem’
2547 4746 2805 4812 Plinius
2846 4768 2910 4812 n.
2941 4746 3002 4814 h.
3031 4751 3131 4826 33,
3161 4750 3308 4814 152.

731 4850 906 4930 Quae
965 4871 1106 4914 cwm
1165 4850 1253 4915 ad
1304 4849 1616 4916 rhetorem
1661 4851 1891 4916 aetatis
1932 4850 2214 4933 Auyasti
2244 4851 2479 4933 referri
2520 4852 2628 4914 viae
2665 4851 2938 4932 possint,
2986 4851 3311 4933 pertinent

720 4952 994 5033 fortasse
1039 4951 1127 5017 ad
1166 4952 1372 5037 filium
1386 4972 1407 5032 ,·
1448 4953 1691 5018 rhetori
1732 4955 1897 5017 enim
1927 4954 2133 5036 filium
2164 4953 2609 5035 coynominem,
2654 4952 2967 5017 rhetorem
2995 4956 3055 5017 et
3082 4954 3305 5036 ips-mn,

720 5055 918 5137 fuisse
960 5055 1106 5121 inde
1150 5060 1437 5139 apparet,
1482 5055 1650 5138 qaod
1689 5077 1876 5139 saepe
1935 5054 2044 5138 (cf.
2094 5055 2363 5121 indicem
2410 5055 2798 5139 Kiesslinyii
2826 5077 2900 5137 p.
2945 5054 3092 5137 531)
3137 5054 3313 5138 apud

720 5156 1029 5223 Senecam
1069 5157 1380 5225 rhetorem
1421 5158 1527 5225 illi
1571 5158 1834 5225 additur
1881 5167 2141 5244 ‘pater‘.
