3859 5992
662 565 1016 622 OEIONIVS
1953 559 2081 624 330
3036 568 3375 624 CEIONIVS

788 765 1078 848 signatus
1125 775 1223 829 est
1263 764 1370 832 υἱέ.
1413 764 1528 830 Pii
1569 771 1626 842 6,
1673 771 1755 831 10
1798 766 2182 852 mediusque
2227 767 2395 831 inter
2436 765 2623 830 Pium
2670 774 2737 829 et
2777 766 3075 831 Marcum
3124 766 3371 848 resedit,

787 889 932 932 cum
979 876 1282 952 quaestor
1324 868 1564 953 populo
1610 890 1843 934 munus
1889 868 2076 933 daret
2115 870 2250 932 vita
2275 873 2336 946 3,
2368 873 2433 934 2.
2510 868 2669 932 Post
2711 880 3127 952 quaesturam
3175 893 3213 933 a
3260 869 3371 933 Pio

789 968 1012 1033 consul
1056 968 1266 1033 factus
1312 980 1410 1035 est
1448 970 1558 1034 vit.
1599 969 1713 1035 Pii
1753 975 1854 1048 10,
1899 975 1961 1047 3,
2007 993 2152 1036 cum
2200 969 2333 1053 (T.)
2380 970 2606 1036 Sextio
2653 970 2977 1037 Laterano
3025 972 3163 1034 vita
3202 975 3261 1046 3,
3300 975 3375 1048 3,·

787 1071 1012 1136 consul
1042 1072 1076 1136 I
1104 1095 1163 1139 a.
1199 1073 1319 1137 154
1349 1073 1525 1155 fasti.
1614 1073 1979 1138 Interiectis
2008 1075 2195 1138 annis
2228 1095 2376 1137 cum
2406 1072 2629 1137 Marco
2667 1072 2868 1137 fratre
2900 1075 3138 1138 iterum
3170 1071 3373 1137 factus

787 1186 886 1241 est
928 1175 1151 1240 consul
1193 1177 1329 1241 vita
1369 1183 1430 1254 3,
1472 1182 1546 1256 3,·
1590 1176 1817 1242 consul
1862 1178 1930 1243 II
1975 1201 2031 1242 a.
2086 1180 2200 1243 161
2252 1179 2431 1260 fasti.
2519 1177 2656 1242 Diu
2700 1188 2919 1242 autem
2969 1188 3034 1242 et
3078 1178 3373 1262 privatus

787 1278 910 1343 fuit
955 1288 1017 1343 et
1053 1300 1131 1342 ea
1174 1279 1667 1344 honorificentia
1695 1282 1921 1363 caruit,
1971 1303 2103 1366 qua
2131 1281 2397 1345 Marcus
2426 1279 2813 1363 ornabatur3
2860 1302 3011 1346 nam
3060 1301 3269 1364 neque
3307 1281 3371 1343 in

787 1390 1014 1445 senatu
1047 1390 1197 1445 ante
1225 1393 1641 1467 quaesturam
1672 1381 1841 1448 sedit
1873 1404 2085 1468 neque
2116 1384 2182 1446 in
2214 1384 2443 1447 itinere
2473 1404 2622 1446 cum
2654 1392 2855 1467 patre,
2886 1382 2997 1447 sed
3024 1405 3174 1447 cum
3198 1404 3369 1468 prae·

786 1482 956 1548 fecto
988 1485 1314 1568 praetorio
1353 1495 1577 1549 vectus
1608 1495 1706 1550 est
1735 1507 1854 1549 nec
1884 1484 2063 1550 aliud
2096 1487 2154 1549 ei
2184 1484 2715 1550 honorificentiae
2743 1485 3067 1551 adnomen
3111 1484 3368 1551 adiunc-

788 1596 923 1650 tum
952 1596 1066 1667 est,
1111 1608 1306 1671 quam
1336 1586 1509 1673 quod
1543 1587 1824 1670 Augusti
1869 1587 2042 1652 filius
2086 1587 2448 1674 appellatus
2495 1597 2591 1652 est
2631 1588 2767 1653 vita
2792 1592 2853 1665 3,
2885 1592 3036 1654 4-5.
3097 1587 3183 1652 Id
3211 1586 3372 1668 quod

788 1689 1235 1772 comprobatur
1294 1689 1497 1754 titulis
1548 1690 1744 1754 veluti
1798 1690 1890 1755 II
1920 1695 2098 1768 1643,
2155 1690 2288 1756 III
2317 1694 2499 1768 3843,
2558 1690 2674 1755 ubi
2733 1689 2970 1755 dicitur
3027 1691 3106 1757 L.
3151 1689 3370 1755 Aelius

786 1790 1092 1856 Aurelius
1136 1790 1307 1875 Aug.
1353 1791 1397 1858 f.
1446 1792 1873 1875 Commodus3
1922 1815 2048 1876 per
2092 1794 2357 1858 abusum
2400 1794 2536 1857 vivo
2585 1792 2709 1858 Pio
2755 1792 2959 1858 dictus
3000 1798 3092 1857 est
3135 1792 3370 1859 Caesar

785 1894 856 1958 in
886 1899 926 1958 t.
965 1892 1350 1959 Novariensi
1392 1894 1456 1960 V
1477 1901 1642 1961 6573
1686 1900 1748 1960 et
1789 1897 1858 1961 in
1897 1896 2123 1979 teyulis
2154 1918 2214 1961 a.
2244 1900 2371 1961 148
2397 1894 2546 1960 XV
2566 1899 2747 1964 733a.
2779 1899 2920 1973 150,
2970 1900 3090 1961 735
3120 1896 3203 1977 cf.
3237 1898 3365 1959 734.

652 2035 667 2051 ·
788 1996 1019 2080 Augur
1061 1997 1218 2060 vivo
1264 1998 1384 2062 Pio
1426 1997 1553 2063 fuit
1593 1997 1668 2062 X
1704 2002 1885 2064 5051.

913 2098 1242 2164 Antonino
1298 2100 1417 2164 Pio
1475 2099 1581 2165 die
1627 2101 1665 2167 7
1724 2102 1967 2165 mensis
2009 2100 2231 2165 Martii
2291 2122 2348 2166 a.
2399 2102 2517 2166 161
2577 2100 2885 2165 defuncto
2945 2122 3093 2165 cum
3152 2099 3369 2164 Marco

783 2202 899 2267 soli
962 2212 1221 2267 senatus
1280 2201 1616 2269 detulisset
1672 2204 2048 2289 imperium,
2116 2203 2379 2268 Marcus
2446 2202 2710 2267 fratrem
2772 2204 2841 2268 in
2906 2204 3162 2289 imperii
3220 2224 3364 2266 con-

783 2305 1051 2369 sortium
1083 2306 1343 2370 vocavit
1374 2305 1848 2392 Caesaremque
1880 2316 2078 2392 atque
2107 2305 2475 2391 Augustum
2521 2304 2707 2388 dixit,
2758 2315 3043 2391 tuncque
3088 2306 3366 2390 primum

785 2409 1143 2472 Romanum
1211 2408 1552 2493 imperium
1618 2407 1782 2473 duos
1849 2408 2182 2491 Augustos
2249 2407 2491 2473 habere
2556 2408 2769 2494 coepit
2825 2409 2960 2472 vita
3015 2412 3074 2486 3,
3135 2411 3180 2472 8
3220 2427 3363 2489 sqq„

786 2511 1011 2575 Marci
1040 2515 1094 2588 7,
1125 2514 1164 2576 5
1193 2530 1344 2593 sqq„
1391 2510 1573 2575 Aelii
1595 2515 1656 2589 5,
1687 2517 1784 2589 13,
1832 2511 2104 2594 Εαένιῃ).
2135 2515 2196 2588 8,
2229 2516 2289 2589 9,
2337 2511 2551 2577 Victor
2590 2511 2771 2577 Uace.
2801 2518 2900 2589 16,
2946 2511 3242 2594 Epitome
3269 2514 3363 2574 16.

782 2613 954 2677 Dato
987 2614 1253 2698 imperio
1289 2623 1354 2678 et
1385 2612 1635 2678 indulta
1663 2613 2014 2679 tribunicia
2052 2624 2367 2700 potestate
2398 2614 2660 2679 Marcus
2693 2637 2837 2679 eum
2867 2614 3119 2678 Verum
3150 2615 3362 2677 vocari

780 2718 1111 2803 praecepit
1153 2739 1344 2781 suum
1388 2717 1454 2780 in
1495 2739 1642 2781 eum
1673 2716 2068 2782 transferens
2100 2738 2350 2799 nomen,
2402 2738 2549 2781 cum
2579 2727 2728 2781 ante
2759 2714 3153 2781 Commodus
3183 2737 3363 2778 voca-

782 2829 961 2884 retur
1001 2821 1134 2884 vita
1176 2825 1234 2896 4,
1277 2825 1317 2884 1
1359 2826 1541 2897 recte,
1576 2841 1918 2903 perperam
1960 2820 2068 2884 vit.
2101 2820 2324 2884 Marci
2362 2819 2405 2885 l.
2451 2819 2490 2884 l.
2538 2820 2622 2900 cf.
2666 2839 2884 2902 supra.
2958 2817 3037 2883 A.
3074 2818 3197 2882 169
3239 2838 3362 2880 non

782 2921 974 3006 longe
1017 2922 1100 2988 ab
1143 2920 1367 2988 Altino
1414 2922 1627 2989 subito
1673 2925 1740 2987 in
1788 2921 2088 2988 vehiculo
2147 2923 2404 3006 morbo,
2467 2945 2658 3008 quem
2718 2922 3068 3009 apoplexin
3110 2930 3362 2998 vocant,

782 3034 1116 3110 correptus
1162 3024 1491 3110 depositus
1536 3048 1573 3089 e
1618 3024 1921 3090 vehiculo
1968 3024 2258 3090 detracto
2304 3027 2621 3108 sanguine
2658 3024 2951 3090 Altinum
2997 3021 3361 3109 perductuS‚

782 3149 929 3191 cum
975 3126 1188 3193 triduo
1231 3138 1450 3193 mutus
1490 3130 1779 3211 vixisset,
1830 3126 2000 3214 apud
2036 3126 2330 3191 Altinum
2376 3129 2571 3213 periit
2607 3130 2741 3193 vita
2768 3132 2827 3205 9,
2861 3133 2959 3205 11,
3002 3126 3111 3190 vit.
3145 3123 3367 3188 Marci

780 3234 879 3307 16,
915 3235 976 3308 8,
1024 3229 1236 3295 Victor
1274 3229 1452 3295 Caes.
1492 3235 1592 3308 16,
1639 3231 1935 3314 Epitome
1978 3235 2074 3307 16,
2120 3230 2396 3313 Eutrop.
2440 3234 2501 3308 8,
2533 3236 2633 3308 10,
2679 3231 2937 3295 Aelian.
2982 3230 3066 3311 fr.
3097 3232 3228 3294 206
3270 3224 3362 3289 ed.

779 3332 1065 3399 Hercher
1106 3333 1214 3417 (z
1260 3333 1501 3398 Suidas
1541 3354 1593 3398 s.
1634 3355 1691 3398 υ.
1738 3334 2119 3421 ἀποπληξία),
2163 3332 2449 3399 Galenus
2490 3333 2679 3399 XIV
2695 3356 2771 3417 p.
2799 3338 2919 3398 649
2954 3331 3044 3395 Κ.
3113 3329 3364 3414 Corpus

780 3435 1101 3501 Hadriani
1125 3434 1422 3521 sepulcro
1439 3435 1708 3501 inlatum
1731 3442 1822 3501 est
1841 3438 1975 3501 υἱέα
1989 3442 2086 3513 11,
2103 3441 2161 3513 1,
2186 3437 2302 3502 ubi
2320 3437 2447 3518 fuit
2472 3436 2697 3502 titulus
2718 3433 3089 3519 sepulcralis
3107 3432 3209 3497 VI
3218 3435 3339 3497 991
3348 3450 3369 3492 .·

778 3542 929 3626 imp.
956 3538 1219 3605 Caesari
1244 3538 1320 3605 L.
1347 3537 1614 3604 Aurelio
1641 3540 1811 3605 Vero
1844 3538 2017 3622 Aug.
2043 3538 2433 3604 Armeniaco
2460 3537 2715 3603 Medico
2748 3538 3048 3603 Parthico
3080 3533 3362 3622 pontifici

777 3642 1079 3708 tribunic.
1128 3654 1258 3728 pot.
1306 3643 1505 3707 VIIII
1554 3645 1705 3729 imp.
1753 3643 1814 3707 V
1860 3664 1987 3706 cos.
2035 3642 2137 3707 III
2180 3642 2346 3728 patri
2390 3642 2656 3727 patriae.

904 3745 1093 3811 Vixit
1133 3748 1321 3811 annis
1367 3745 1801 3832 quadraginta
1844 3743 2131 3827 duobus,
2188 3745 2533 3830 imperavit
2577 3767 2726 3810 cum
2769 3743 2969 3809 fratre
3014 3743 3202 3806 annis
3250 3762 3361 3804 un-

775 3850 984 3914 decim
1041 3851 1174 3914 υἱέα
1231 3854 1329 3927 11,
1376 3855 1451 3928 1;
1517 3849 1817 3932 regnavit
1870 3849 2057 3912 annis
2119 3846 2420 3913 undecim
2478 3847 2786 3930 Eutrop„
2846 3846 3145 3930 Epitome
3197 3844 3237 3910 l.
3283 3844 3364 3920 l.;

776 3974 979 4017 annos
1029 3953 1126 4017 IX
1170 3953 1489 4018 Eusebius
1529 3952 1712 4015 Arm.
1761 3951 1849 4015 ad
1890 3972 1952 4014 a.
1998 3951 2161 4018 Abr.
2207 3956 2394 4028 2186,
2459 3951 2624 4016 unde
2668 3950 3094 4033 Hieronymus
3151 3947 3362 4012 chron.

776 4054 864 4118 ad
921 4078 982 4119 a.
1025 4060 1194 4121 2185
1251 4054 1571 4137 Eutropio
1628 4054 1818 4118 simul
1869 4053 2154 4119 adhibito
2211 4054 2469 4137 scripsit
2524 4075 2693 4119 anno
2753 4053 2935 4135 regni
2997 4073 3167 4115 nono
3224 4050 3362 4113 sive

779 4167 850 4221 ut
899 4157 1162 4244 quidam
1210 4168 1472 4243 putant,
1535 4156 1782 4222 decimo
1844 4159 2204 4239 extinctu83
2266 4158 2568 4240 regnavit
2608 4157 2796 4221 annis
2844 4156 2971 4221 VII
3030 4156 3361 4222 mensibus

774 4261 938 4325 VIII
983 4260 1211 4325 diebus
1243 4260 1376 4324 XII
1416 4258 1976 4344 Chronoyraphus‘.
2061 4259 2288 4324 Verum
2327 4260 2501 4325 intra
2546 4259 2603 4327 d.
2638 4265 2719 4324 10
2760 4280 2951 4325 mem.
2992 4258 3362 4324 Decembris

776 4385 834 4429 a.
881 4367 1005 4428 168
1049 4368 1108 4428 et
1152 4363 1209 4430 d.
1255 4368 1337 4429 10
1379 4385 1459 4430 m.
1506 4361 1594 4430 D.
1643 4385 1702 4427 a.
1754 4368 1874 4428 169
1922 4363 2147 4427 obiisse
2191 4362 2365 4426 docet
2409 4367 2452 4427 t.
2500 4362 2912 4445 sepulcralis,
2971 4363 3090 4427 ubi
3130 4362 3362 4427 dicitur

777 4465 1078 4532 tribunic.
1148 4476 1277 4552 pot.
1333 4466 1532 4530 VIIII
1592 4466 1769 4545 (ream
1832 4486 2005 4530 nona
2065 4466 2411 4530 tribunicia
2462 4471 2750 4549 potestas
2815 4466 2964 4531 Veri
3018 4466 3363 4548 incipiebat

774 4568 833 4634 d.
881 4575 959 4633 10
1009 4589 1200 4634 mens.
1254 4567 1623 4633 Decembris
1671 4568 1838 4651 168),
1904 4574 1962 4633 et
2022 4569 2402 4651 confirmant
2450 4569 2693 4633 nummi
2739 4567 3190 4644 Alexandrini,
3251 4568 3361 4649 qui
3430 4614 3436 4618 -

769 4693 896 4736 non
937 4671 1114 4737 ultra
1155 4692 1386 4737 nonum
1434 4693 1671 4736 annum
1703 4671 2061 4755 procedunt
2107 4672 2189 4753 cf.
2235 4692 2356 4737 von
2387 4671 2609 4748 Sallct,
2655 4670 2874 4736 Daten
2922 4670 3034 4736 der
3074 4670 3359 4736 Alexan-

774 4770 1134 4841 drinisehen
1166 4775 1676 4841 Kaisermaneen
1705 4798 1778 4858 p.
1810 4779 1927 4853 40;
1970 4775 2181 4840 media
2214 4779 2421 4839 autem
2450 4773 2649 4839 hieme
2689 4779 3003 4839 mortuum
3049 4793 3180 4839 esse
3221 4795 3362 4839 cum

770 4879 1012 4943 scribat
1052 4878 1341 4945 Galenus
1374 4878 1410 4943 l.
1444 4878 1505 4955 l„
1555 4878 1750 4942 Verus
1792 4897 1999 4942 mense
2042 4878 2176 4959 fere
2219 4878 2537 4943 Ianuario
2582 4899 2641 4946 a.
2673 4882 2797 4942 169
2838 4882 3123 4942 mortuus
3166 4882 3273 4943 est.

896 4980 1111 5049 onr:
1176 4982 1398 5048 Annia
1453 4979 1711 5045 Lucilla
1767 4980 1834 5045 A
1876 4984 2017 5057 555,
2072 4980 2187 5045 ubi
2240 4979 2381 5044 vide
2439 4980 2513 5045 de
2569 4980 2716 5064 filia
2775 4979 2923 5045 Veri
2979 5001 3056 5045 eoe
3098 4979 3358 5045 Lucilla

640 5085 1117 5256 5⁰5S²ggi⁶ffgius
1163 5190 1641 5272 Postumianus‚
1688 5187 1922 5253 adfinis
1970 5186 2179 5252 Clodii
2214 5185 2436 5252 Albini
2480 5189 2587 5251 υἱέ.
2625 5138 2840 5253 Clodii
2868 5184 3105 5271 Albini
3131 5191 3190 5263 6,
3222 5191 3279 5250 1.
