3859 5992
686 527 1162 584 CAESENNIVS
1994 518 2119 582 266
2935 522 3401 579 CAESERNIVS

818 747 891 808 Ρ.
934 729 1075 802 159,
1134 723 1285 789 Atti
1326 724 1468 789 dell'
1505 722 1897 789 Aoeademia
1946 721 2352 805 Napolitana
2406 720 2477 785 di
2529 720 2930 803 aroheoloyia
2969 719 3159 786 XIV
3192 718 3408 803 (1890)

819 850 894 911 p.
927 833 1014 893 17
1024 848 1045 907 ,·
1088 828 1166 892 L.
1200 826 1600 893 Caesennius
1649 828 1885 891 Paetus
1934 825 2035 892 VI
2048 828 2193 891 597.
2263 825 2531 906 Tempus
2575 823 2934 889 consulam-s·
2977 845 3049 889 eo
3089 822 3405 906 definitur,

822 931 992 1013 quod
1034 929 1389 1014 triptyohon
1433 928 1754 1012 Pompeiis
1796 933 2113 1011 repertum
2157 932 2249 993 est
2291 932 2352 993 et
2380 925 2457 991 P.
2500 926 2817 992 Calm‘sius
2856 926 3035 992 Ruso
3067 922 3410 1009 proconsul

826 1034 1031 1098 Asiae
1076 1033 1191 1098 sub
1236 1031 1611 1098 Domitiano
1655 1032 1802 1113 suit.

971 1136 1143 1201 Vnde
1183 1136 1352 1201 idem
1394 1134 1764 1201 statuendus
1809 1139 1900 1200 est
1944 1133 2344 1199 Caesennius
2390 1133 2628 1198 Paetus
2670 1131 3015 1218 proconsul
3061 1131 3262 1196 Asiae
3303 1128 3413 1211 qui

821 1243 1210 1304 memoratur
1245 1239 1315 1303 in
1346 1243 1389 1303 t.
1419 1237 1755 1322 Mylaseno
1784 1235 2485 1319 &bas-Waddinyton
2525 1240 2650 1302 358
2688 1240 2747 1301 et
2788 1235 2860 1300 in
2900 1235 3174 1299 nummis
3201 1231 3409 1316 Ephe-

825 1344 1019 1407 sinis:
1076 1342 1154 1425 Ι)
1198 1342 1269 1406 in
1314 1340 1583 1406 adversa
1627 1361 1768 1405 oum
1825 1340 2033 1423 eapite
2076 1337 2442 1404 Domitiani
2499 1343 2558 1403 et
2613 1339 3025 1421 inscriptimie
3067 1338 3409 1422 Δομιτιανὸς

830 1444 1062 1531 Καῖσαρ
1131 1445 1433 1531 Σεβαστὸς
1501 1441 1894 1530 Γερμανικός,
1969 1443 2041 1506 in
2105 1462 2328 1506 aversa
2395 1439 2533 1506 Ἐπὶ
2596 1442 2994 1523 ἀνθυ(ποίτου)
3063 1438 3407 1506 Καισεννίου

828 1548 1071 1613 Παίτου.
1164 1545 1446 1632 Ὁμόνοια
1492 1544 1853 1634 Ἐφε(σίων)
1915 1543 2327 1631 Ζμυρ(ναίων)
2388 1543 2846 1627 Waddinyton,
2892 1543 3128 1608 Fastes
3176 1564 3241 1607 n.
3271 1546 3406 1617 107,

826 1671 1105 1715 museum
1140 1649 1572 1726 Berolinense,
1619 1649 1849 1724 Leake,
1901 1647 2313 1713 Numismata
2341 1646 2676 1712 Hellenioa
2702 1668 2777 1729 p.
2805 1650 2906 1723 56,
2954 1645 3252 1711 Mionnet
3279 1643 3408 1709 III

820 1775 893 1836 p.
925 1758 1007 1817 94
1041 1773 1105 1817 n.
1135 1756 1285 1829 259,
1319 1774 1392 1835 Ρ.
1422 1756 1576 1827 226,
1626 1755 1809 1826 1263,
1858 1749 2084 1832 Suppl.
2133 1748 2236 1814 VI
2255 1772 2328 1832 p.
2363 1754 2485 1814 133
2523 1771 2588 1814 n.
2631 1752 2960 1826 361-365,·
3023 1748 3143 1819 II)
3188 1749 3261 1811 in
3299 1744 3410 1810 ad·

826 1875 1010 1920 versa
1072 1876 1212 1920 eum
1272 1856 1479 1937 eapite
1534 1852 1862 1919 Domitiae
1927 1857 1988 1917 et
2053 1853 2462 1935 inscriptione
2518 1853 2763 1938 Δομιτία
2821 1851 3095 1939 Σεβαστή
3114 1900 3132 1927 ,
3201 1849 3410 1915 eadem

829 1977 1055 2022 aversa
1099 1962 1285 2039 atque
1328 1958 1401 2020 in
1442 1957 1494 2020 I
1522 1956 1653 2020 nisi
1695 1954 1863 2037 quod
1904 1955 2003 2020 ἐπί
2047 1955 2342 2019 omissum
2371 1959 2462 2019 est
2495 1953 2924 2037 Waddinyton
2954 1953 2996 2017 l.
3028 1953 3092 2029 1.,
3137 1972 3409 2017 museum

826 2060 1257 2136 Berolinense,
1306 2059 1600 2123 Mionnet
1628 2057 1763 2123 III
1770 2079 1841 2140 p.
1866 2061 1947 2122 95
1977 2078 2039 2121 n.
2064 2061 2209 2133 264,
2243 2078 2318 2139 Ρ.
2339 2061 2481 2124 227
2503 2077 2567 2122 n.
2590 2061 2777 2123 1267.
2808 2060 2997 2133 1268,
3047 2054 3279 2138 Suffl.
3317 2054 3414 2120 VI

825 2186 899 2246 p.
932 2167 1047 2228 135
1090 2183 1154 2229 n.
1186 2166 1332 2226 373.
1384 2198 1460 2207 -
1511 2160 1826 2225 Nummus
1884 2160 2176 2226 Mionnet
2218 2159 2353 2224 III
2385 2181 2458 2242 p.
2503 2164 2734 2224 loo-n.
2778 2164 2912 2224 297
2964 2159 3066 2242 (eat
3110 2157 3411 2240 Sestinio)

828 2265 995 2330 male
1041 2264 1233 2329 lectus
1274 2262 1369 2327 vel
1412 2262 1621 2344 falsus
1664 2268 1769 2327 est.
1935 2337 1942 2341 ‚

966 2367 1125 2433 Cum
1169 2366 1546 2431 Domitiano
1586 2365 1962 2429 Germanioi
2002 2386 2226 2429 nomen
2268 2366 2541 2429 inditum
2586 2369 2742 2429 esset
2785 2386 2846 2428 a.
2888 2369 2978 2429 83
3021 2367 3283 2429 exeunte
3321 2360 3412 2426 vel

828 2471 1166 2553 incipiente
1211 2489 1272 2532 a.
1301 2472 1385 2534 84
1430 2466 1541 2549 (of.
1573 2465 1814 2532 Eckhel
1867 2465 1970 2532 VI
1991 2489 2063 2549 Ρ.
2092 2467 2262 2551 397),
2306 2486 2511 2532 annus
2540 2466 3028 2550 proconsularis
3058 2466 3252 2531 Paeti
3291 2486 3412 2530 non

824 2574 1042 2656 potuit
1084 2572 1363 2654 incipere
1405 2571 1536 2635 nisi
1565 2573 1720 2652 post
1762 2592 1822 2636 a.
1853 2574 1956 2634 83.

959 2675 1176 2739 Filius
1217 2674 1463 2739 videtur
1508 2674 1587 2738 L.
1630 2672 1970 2738 Caesennii
2012 2673 2206 2738 Paeti
2246 2693 2368 2739 eos.
2416 2695 2477 2738 a.
2509 2678 2589 2737 61
2603 2692 2625 2751 ;
2682 2673 2757 2738 de
2799 2674 3040 2737 maiore
3081 2677 3263 2749 natu,
3309 2671 3412 2752 qui

831 2800 893 2843 a.
932 2782 1020 2843 62
1065 2778 1359 2841 tribunus
1400 2775 1673 2840 militum
1717 2776 1844 2857 fuit
1889 2777 1972 2858 of.
2017 2797 2081 2841 n.
2125 2780 2264 2854 137,
2310 2781 2370 2842 et
2406 2781 2668 2859 propter
2712 2782 3060 2859 temporum
3100 2776 3410 2840 rationem

834 2884 894 2945 et
924 2884 1196 2962 propter
1227 2899 1619 2960 praenomen
1651 2879 1868 2960 patris
1913 2884 2059 2961 apte
2103 2879 2377 2961 eoyitari
2408 2882 2656 2961 possit„

708 2981 830 3061 139
877 2981 1275 3046 Caesennius
1321 2978 1643 3062 Silvanus,
1694 2985 2098 3068 propinquus
2131 2982 2420 3047 Suetonii
2453 2980 2837 3068 Tranquilli,
2885 2982 2997 3067 qui
3043 2982 3103 3045 ei
3134 3004 3174 3045 a
3203 2978 3407 3045 Plinio

834 3084 1236 3148 tribunatum
1283 3081 1557 3147 militum
1603 3085 1978 3169 impetravit
2020 3084 2195 3148 Plin.
2233 3086 2410 3168 epist.
2443 3091 2504 3161 3,
2534 3089 2595 3150 8.

729 3222 806 3232 -
874 3198 944 3249 A.
991 3194 1244 3250 IVNIVS
1291 3193 1579 3249 PASTOR
1623 3195 1688 3250 L.
1737 3195 2209 3251 GAESENNIVS
2257 3196 2548 3252 SOSPES.

725 3326 812 3334 —
877 3288 1075 3353 Arria
1119 3286 1484 3353 Caesennia
1530 3287 1824 3354 Paulina.

710 3394 832 3457 140
877 3390 1283 3473 Caesernius,
1332 3410 1531 3473 gener
1573 3390 1882 3474 (Mestrii)
1916 3390 2115 3475 Flori,
2150 3393 2339 3456 amici
2371 3390 2702 3457 Plutarchi
2737 3391 3071 3456 Plutarch.
3102 3389 3408 3472 quaestio-

833 3514 944 3559 nes
987 3493 1334 3558 oonvivales
1376 3499 1432 3570 7,
1463 3497 1524 3571 4,
1555 3499 1637 3573 2,·
1680 3499 1737 3571 7,
1772 3499 1831 3571 6,
1861 3499 1928 3560 2.

712 3599 828 3662 141
879 3597 956 3662 Τ.
1006 3596 1392 3661 Caesernius
1439 3595 1801 3660 Concessus
1846 3595 2128 3661 Severus
2171 3600 2559 3661 memoratur
2597 3597 2666 3660 in
2713 3600 2754 3660 t.
2797 3596 3193 3678 Thayastino
3238 3594 3413 3660 VIII

836 3699 906 3765 S.
951 3703 1165 3765 17217
1206 3697 1541 3762 Lartidiae
1589 3699 2048 3762 Praenestinae
2095 3699 2336 3762 uxoris.
2426 3697 2734 3762 Fortasse
2776 3698 2958 3763 honio
3001 3698 3253 3763 nobuis.

713 3805 835 3867 142
880 3801 957 3866 Τ.
991 3800 1382 3866 Caesel-nius
1412 3800 1686 3865 Macedo
1717 3801 1940 3882 posuit
1974 3805 2047 3864 ut
2089 3799 2274 3865 heres
2308 3807 2350 3865 t.
2384 3801 2784 3866 Sirmianum
2812 3801 2946 3867 III
2965 3801 3034 3868 S.
3061 3805 3277 3868 10224
3303 3800 3409 3884 (1),

831 3909 1219 3969 memoratur
1260 3904 1331 3966 in
1376 3902 1528 3985 dipl.
1573 3902 1706 3967 mil.
1752 3902 1887 3968 HI
1919 3902 1991 3968 S.
2037 3902 2242 3967 XXX
2259 3903 2361 3968 VI
2395 3901 2511 3989 (2).

963 4006 1177 4071 Plena
1219 4006 1482 4070 nomina
1527 4004 1774 4070 eschibet
1811 4010 1854 4069 t.
1884 4009 2162 4086 uterque.
2230 4006 2624 4070 Procurator
2652 4006 2823 4089 Aug.
2859 4010 2901 4072 t.
2935 4010 2991 4083 1,
3039 4013 3416 4091 procurator

835 4109 1285 4174 Mauretaniae
1317 4107 1757 4173 Caesariensis
1801 4129 1858 4171 a.
1902 4108 2017 4172 107
2066 4112 2106 4174 t.
2144 4111 2211 4174 2.
2281 4107 2497 4173 Potest
2526 4113 2725 4190 pater
2767 4128 2897 4173 esse
2941 4106 3416 4175 ansemiorum

833 4233 897 4278 n.
929 4216 1048 4276 144
1094 4215 1153 4275 et
1194 4215 1333 4275 145.

712 4315 834 4379 143
881 4312 1270 4378 Caesernius
1317 4312 1682 4395 Statianu8‚
1743 4315 1776 4378 ὃ
1823 4317 2160 4399 κράτιστος,
2222 4324 2485 4379 curator
2542 4315 2956 4401 (λογιστεῦων)
3001 4314 3418 4379 Nicomediae

833 4416 1222 4501 Bithynicae
1264 4421 1653 4480 memoratur
1692 4416 1762 4479 in
1808 4420 1850 4480 t.
1901 4416 2371 4481 Nz'oomediensi
2410 4416 2513 4481 CI
2515 4416 2576 4482 G
2620 4423 2787 4482 3771
2841 4418 2957 4481 sub
3005 4417 3237 4483 Severo
3269 4421 3420 4501 post

839 4541 900 4583 a.
932 4524 1060 4583 197
1081 4519 1315 4601 posito,

709 4622 872 4687 143a
918 4629 1399 4711 cAEsERmvs
1437 4629 1745 4684 sTAT1vs
1794 4669 1979 4686 .....
2024 4627 2410 4686 memoratur
2455 4623 2523 4685 in
2567 4626 2609 4686 t.
2652 4621 2886 4705 Cyprio
2918 4643 3146 4705 yraece
3187 4616 3441 4706 soraefflo'

832 4723 1056 4789 mutilo
1087 4722 1375 4788 dedicato
1404 4724 1783 4805 imperatori
1809 4723 2082 4801 cuidam,
2116 4726 2292 4789 ouius
2319 4726 2581 4789 nomina
2596 4725 2948 4807 perimant,
2984 4724 3118 4789 The
3140 4724 3421 4790 Journal

835 4829 913 4909 of
927 4826 1215 4892 Hellenic
1244 4825 1481 4890 studies
1503 4825 1623 4891 IX
1651 4824 1863 4907 (1888)
1876 4848 1948 4908 Ρ.
1965 4832 2100 4892 252
2127 4848 2189 4893 n.
2208 4832 2326 4891 111
2341 4847 2362 4904 ;
2390 4828 2662 4909 fortasse
2678 4826 3026 4909 proconsul
3049 4826 3252 4910 Cypri
3275 4827 3417 4909 fuit.

712 4933 833 4997 144
877 4941 942 4998 Τ.
977 4938 1447 4994 CAESERNIVS
1483 4938 1791 4993 STATIVS
1826 4938 2223 5005 QVINCTIVS
2255 4939 2567 4993 MACEDO
2604 4939 3131 5006 QVINCTIANVS.
3189 4930 3248 4995 T
3245 4928 3419 4994 itali:

834 5035 896 5100 ei
922 5035 1178 5118 positus
1217 5038 1307 5098 est
1353 5032 1551 5097 V865
1579 5034 1674 5118 (2)
1720 5029 1829 5114 (of.
1862 5031 2322 5096 Additamento
2355 5054 2427 5114 p.
2462 5032 2653 5110 1025)
2685 5032 3114 5114 Aquileiensis
3141 5032 3417 5107 mutilus,

832 5140 945 5220 qui
979 5156 1231 5201 cursum
1259 5135 1566 5200 honorum
1598 5135 1816 5200 ordine
1853 5137 2099 5199 inverso
2131 5134 2396 5211 exhibet,
2445 5136 2576 5217 ipSe
2593 5136 2816 5218 posuit
2859 5134 2920 5199 V
2939 5139 3064 5199 866
3093 5132 3190 5218 (2)
3220 5135 3419 5217 Aqui-
