3859 5992
730 555 1101 612 CLAVDIVS
2015 551 2145 614 366
3077 558 3397 613 CLAVDIV
3400 558 3435 612 S

855 753 946 817 eis
973 753 1366 818 sacerdotum
1397 753 1606 819 Drusi
1623 765 1703 837 (v.
1726 755 1953 836 infra).
1981 791 2058 799 —
2088 754 2355 819 Nummi
2382 775 2520 818 oum
2552 755 2763 837 capite
2790 754 2922 818 eius
2950 757 3011 818 et
3038 753 3434 836 inscriptione

857 856 1135 919 nominis
1160 855 1275 920 sub
1307 856 1685 939 imperatore
1715 854 1985 921 Claudio
2016 857 2153 920 cusi
2178 854 2421 919 Ecklzel
2450 855 2554 922 VI
2559 878 2632 938 Ρ.
2658 861 2795 932 176,
2843 852 3051 920 Cohen
3080 856 3162 920 12
3190 878 3261 938 Ρ.
3290 859 3431 922 220.

986 959 1386 1022 Praenomen
1447 960 1505 1022 ei
1565 957 1715 1022 olim
1776 956 1902 1023 fuit
1958 958 2303 1039 Decimus,
2365 979 2522 1021 mox
2583 957 2756 1022 Nero
2810 958 3066 1023 Sueton.
3108 957 3335 1023 Claud.
3376 964 3430 1022 1.

858 1059 1228 1125 Germanici
1290 1081 1645 1142 cognomen
1709 1062 1765 1123 ei
1828 1071 1974 1146 post
2029 1070 2303 1124 mortem
2364 1058 2699 1125 decretum
2759 1070 2857 1124 est
2912 1060 3043 1125 iba.
3105 1061 3188 1142 cf.
3246 1061 3431 1141 iufra.

859 1162 1032 1227 Nero
1062 1161 1375 1228 Claudius
1404 1163 1661 1227 Drusus
1694 1168 1735 1230 t.
1768 1168 1834 1230 2.
1863 1167 1924 1227 3.
1957 1167 2015 1227 4.
2046 1167 2147 1239 11,
2180 1163 2439 1227 Drusus
2469 1167 2512 1230 t.
2543 1165 2601 1240 5,
2638 1163 2813 1227 Nero
2846 1160 3157 1228 Claudius
3188 1163 3433 1227 Drusus

859 1264 1287 1331 Germanicus
1319 1270 1362 1330 t.
1388 1264 1513 1350 [1.]
1540 1270 1599 1341 6,
1648 1266 1907 1330 Drusus
1940 1265 2372 1332 Germanicus
2403 1270 2446 1330 t.
2479 1271 2539 1331 9.
2572 1271 2670 1342 10,
2702 1265 2960 1330 Drusus
2988 1276 3174 1350 pater
3206 1269 3246 1332 t.
3282 1270 3333 1333 7.
3361 1270 3434 1343 8,·

858 1369 930 1432 in
970 1368 1387 1433 monumentis
1412 1368 1738 1432 Antoniae
1783 1373 1840 1431 et
1880 1366 2151 1433 Claudii
2179 1367 2553 1451 plerumque
2581 1368 2859 1433 Drusus.
2933 1368 3106 1433 Nero
3139 1367 3435 1432 Claudius

858 1470 1117 1535 Drusus
1165 1472 1591 1537 Germanicus
1638 1473 1787 1558 imp.
1837 1473 1902 1536 in
1946 1472 2238 1535 nummis.
2277 1509 2350 1516 —
2392 1472 2477 1537 In
2519 1471 2885 1536 cokulatu:
2928 1470 3101 1535 Nero
3134 1469 3434 1536 Claudius

857 1574 1117 1638 Drusus
1161 1572 1295 1638 Dio
1339 1573 1469 1638 ind.
1517 1573 1556 1637 l.
1603 1579 1701 1651 55,
1751 1573 1854 1639 VI
1880 1579 2023 1639 457.
2058 1611 2135 1621 —
2177 1573 2379 1657 Apud
2414 1576 2788 1658 scriptores:
2831 1572 3146 1639 Claudius
3189 1573 3435 1638 Drusus

861 1675 1032 1739 Nero
1062 1675 1196 1741 Dio
1224 1680 1324 1753 48,
1356 1681 1456 1754 44,
1489 1676 1792 1742 Tiberius
1824 1678 2214 1763 Drususque
2248 1677 2536 1741 Nerones
2569 1677 2826 1743 Sueton.
2863 1676 3071 1741 Tiber.
3102 1681 3160 1752 4,
3190 1676 3434 1741 Drusus

860 1776 1177 1843 Claudius
1223 1778 1374 1846 Vell.
1413 1784 1479 1856 2,
1511 1784 1611 1855 97,
1644 1785 1709 1856 2,
1756 1779 2020 1844 Drusus
2062 1780 2233 1844 Nero
2284 1778 2464 1847 Plin.
2496 1780 2674 1862 epist.
2703 1784 2765 1856 3,
2794 1786 2853 1855 5,
2889 1784 2949 1855 4,
2998 1779 3252 1844 Drusus
3286 1781 3436 1846 Ger-

859 1883 1151 1946 manicus
1199 1880 1337 1947 Val.
1372 1881 1561 1946 Max.
1592 1887 1651 1959 4,
1682 1887 1741 1957 3,
1774 1887 1835 1957 3,
1883 1883 2127 1949 Seneca
2164 1903 2329 1948 cons.
2363 1882 2452 1948 ad
2479 1882 2701 1965 Polyb.
2736 1885 2833 1959 15,
2864 1884 2923 1958 5,
2971 1881 3191 1948 Strab.
3226 1887 3280 1958 7,
3309 1887 3366 1957 1,
3393 1886 3435 1945 3

854 2005 925 2065 Ρ.
950 1989 1099 2061 291,
1141 1984 1289 2049 Tae.
1321 1984 1381 2049 h.
1411 1990 1470 2061 5,
1504 1990 1603 2062 19,
1647 1984 1861 2052 Germ,
1894 1989 1996 2062 34,
2044 1990 2314 2049 ceterum
2342 1983 2660 2050 Claudius
2696 1985 2953 2049 Drusus
2995 1986 3125 2048 sive
3166 1984 3432 2049 Drusus.

985 2085 1193 2151 Filius
1235 2085 1336 2151 Ti.
1384 2086 1642 2152 Claudii
1688 2087 1967 2152 Neronis
2011 2098 2078 2152 et
2120 2089 2352 2153 Liviae
2397 2086 2745 2167 Drusillae,
2809 2108 2998 2173 quem
3043 2099 3250 2151 mater
3293 2109 3432 2150 cum

860 2188 1136 2269 gravida
1180 2188 1254 2254 O.
1300 2187 1566 2254 Caesari
1624 2191 1984 2275 nupsisset,
2046 2191 2217 2254 intra
2258 2211 2541 2254 mensem
2589 2191 2850 2254 tertium
2911 2191 3163 2275 peperit
3217 2212 3273 2254 a.
3319 2191 3436 2255 716

858 2319 941 2343 =
985 2291 1087 2371 38,
1136 2292 1387 2377 fuitque
1431 2293 1712 2378 suspicio
1759 2315 1840 2358 ex
1888 2294 2114 2357 vitrico
2170 2315 2288 2378 per
2346 2291 2648 2357 adulterii
2709 2292 3242 2357 consuetudinem
3300 2314 3434 2378 pro·

855 2402 1144 2458 creatum
1189 2395 1448 2460 Sueton.
1489 2395 1725 2461 Claud.
1757 2402 1815 2473 1,
1871 2397 2080 2462 Tiber.
2110 2402 2169 2472 4,
2225 2396 2372 2461 Tac.
2408 2418 2467 2463 a.
2500 2402 2559 2472 1,
2591 2401 2686 2473 10,
2731 2394 2864 2460 Dio
2901 2399 3003 2472 48,
3034 2400 3134 2470 44,
3183 2394 3438 2459 Velleius

855 2497 920 2570 2,
969 2499 1067 2572 95,
1116 2502 1173 2561 1.
1267 2498 1462 2562 Pater
1520 2497 1714 2585 paulo
1770 2509 1916 2585 post
1977 2509 2268 2564 mortuus
2328 2497 2416 2578 (a.
2465 2498 2639 2564 721?
2684 2499 2767 2580 of.
2816 2497 3072 2564 Sueton.
3128 2496 3332 2564 Tiber.
3373 2502 3432 2582 4)

860 2596 933 2662 C.
977 2596 1320 2663 Caesarem
1366 2609 1649 2667 tutorem
1695 2601 1959 2687 reliquit
1985 2600 2119 2666 Dio
2149 2601 2277 2668 ibd.
2352 2603 2431 2667 A.
2466 2601 2588 2666 735
2622 2630 2703 2653 -τ-
2733 2601 2812 2665 19
2841 2598 3143 2683 Augusto
3190 2610 3436 2686 petente

860 2711 1119 2765 senatus
1179 2701 1499 2784 decrevit,
1563 2715 1636 2769 ut
1691 2705 2135 2790 quinquennio
2194 2705 2509 2769 maturius
2554 2726 2746 2790 quam
2810 2724 2924 2788 per
2985 2702 3163 2786 leges
3222 2701 3432 2767 liceret

858 2804 1273 2886 magistratus
1319 2815 1567 2891 peteret
1595 2805 1729 2871 Dio
1755 2810 1855 2884 54,
1889 2812 1989 2883 10,
2045 2807 2192 2872 Tac.
2225 2829 2287 2871 a.
2325 2811 2385 2884 3,
2417 2812 2526 2874 29.
2610 2806 2919 2888 Quaestor
2961 2806 3160 2887 fuisse
3202 2805 3435 2870 videtur

859 2927 920 2969 a.
955 2911 1072 2971 736
1100 2937 1181 2960 --
1213 2912 1314 2984 18,
1358 2908 1525 2973 male
1569 2910 1825 2974 omnino
1870 2912 2133 2975 Sueton.
2175 2909 2412 2975 Claud.
2440 2915 2480 2975 1
2515 2911 2606 2973 ‘in
2652 2919 3037 2995 quaesturae
3082 2918 3436 2994 praeturae·

857 3030 984 3093 que
1032 3008 1275 3075 honore
1323 3010 1460 3075 dux
1503 3011 1802 3076 Raetici'.
1892 3013 2081 3077 Iussu
2127 3013 2409 3095 Augusti
2455 3034 2512 3078 a.
2562 3012 2684 3077 738
2729 3042 2811 3065 =
2862 3013 2940 3077 16
2985 3033 3134 3075 cum
3178 3011 3429 3075 Tiberio

856 3110 1056 3176 fratre
1113 3134 1346 3178 munus
1400 3113 1859 3198 gladiatorium
1905 3115 2203 3180 exhibuit
2245 3114 2380 3180 Dio
2423 3120 2522 3192 54,
2572 3119 2671 3181 19.
2763 3114 2931 3179 Cum
2987 3113 3212 3178 eodem
3272 3134 3428 3177 anno

853 3212 1155 3279 Tiberius
1202 3215 1404 3280 frater
1448 3228 1708 3303 praetor
1740 3218 2106 3301 Augustum
2151 3219 2214 3282 in
2248 3217 2529 3283 Galliam
2574 3220 3005 3297 comitaretur,
3057 3216 3309 3280 Drusus
3352 3237 3428 3278 ex

857 3327 1117 3381 senatus
1162 3318 1454 3385 consulto
1491 3322 1596 3406 τὴν
1631 3322 1825 3407 ἀρχὴν
1859 3322 2039 3386 αὐτοῦ
2074 3328 2270 3387 πᾶσαν
2305 3324 2581 3409 διήγαγεν
2613 3320 2747 3386 Dio
2773 3319 2903 3385 ibd.
2975 3319 3058 3384 A.
3091 3319 3215 3384 739
3244 3347 3320 3371 =
3358 3320 3427 3382 15

859 3418 1095 3484 Raetos
1135 3420 1204 3485 in
1233 3420 1514 3507 Alpibus
1545 3422 1949 3488 Tridentinis
1994 3423 2240 3509 proelio
2284 3423 2453 3489 fudit
2497 3434 2561 3488 et
2604 3423 2687 3488 ob
2729 3422 2794 3486 id
2841 3431 3218 3487 ornamenta
3261 3442 3429 3506 prae·

856 3522 1022 3585 toria
1075 3525 1342 3611 accepit,
1403 3523 1554 3588 dein
1617 3536 1865 3590 montes
1923 3535 2365 3610 transgressus
2426 3548 2573 3590 cum
2617 3524 2882 3590 Tiberio
2945 3525 3146 3589 fratre
3205 3525 3429 3588 Raetos

854 3623 1357 3712 Vindelicosque
1403 3627 1699 3693 contudit
1742 3629 1882 3692 Isiv.
1916 3629 2203 3712 perioch.
2237 3634 2371 3705 138,
2417 3628 2665 3693 Florus
2696 3632 2757 3703 2,
2789 3633 2902 3705 22,
2951 3627 3193 3694 Strabo
3217 3632 3277 3703 4,
3308 3631 3362 3701 6,
3392 3630 3429 3691 9

851 3748 922 3809 Ρ.
953 3732 1102 3804 206,
1150 3728 1415 3794 Velleius
1445 3735 1510 3807 2,
1544 3734 1642 3807 95,
1675 3736 1741 3808 2,
1784 3731 2041 3797 Sueton.
2082 3732 2291 3797 Tiber.
2319 3736 2378 3808 9,
2421 3731 2652 3799 Claud.
2680 3737 2740 3809 1,
2784 3730 2918 3796 Dio
2945 3735 3044 3808 54,
3077 3735 3191 3797 22.
3247 3728 3426 3793 Viam

853 3828 1192 3895 Claudiam
1223 3831 1608 3915 Augustam,
1657 3856 1852 3919 quam
1882 3835 2141 3899 Drusus
2187 3844 2371 3921 pater
2411 3833 2690 3919 Alpibus
2732 3833 2901 3899 bello
2951 3831 3285 3919 patefactis
3329 3830 3426 3894 de·

853 3943 1127 4015 rexerat,
1177 3933 1493 4000 Claudius
1539 3947 1760 4022 postea
1804 3938 2086 4001 munivit
2129 3942 2169 4004 t.
2205 3942 2261 4003 7.
2331 3936 2680 4001 Praeterea
2724 3936 2813 4001 ad
2848 3935 3075 4001 bellum
3102 3935 3428 3999 Raeticum

845 4035 1172 4116 pertinent
1194 4041 1235 4100 t.
1260 4042 1324 4102 2.
1353 4043 1411 4102 3.
1454 4038 1752 4121 Augusto
1776 4049 2040 4104 auctore
2065 4040 2379 4104 Horatius
2401 4037 2807 4103 Vindelicum
2831 4039 3167 4104 victoriam
3191 4035 3426 4102 Tiberii

855 4136 1185 4223 Drusique
1216 4139 1569 4205 celebravit
1590 4143 1846 4209 Sueton.
1873 4143 1980 4207 vit.
2006 4142 2167 4208 Hor.
2182 4165 2254 4226 Ρ.
2272 4146 2353 4207 46
2376 4142 2469 4207 ed.
2496 4139 2715 4220 Reiffl,
2748 4140 3149 4205 carminibus
3169 4146 3228 4217 4,
3253 4145 3307 4204 4.
3333 4144 3423 4204 14.

981 4237 1144 4304 Cum
1203 4241 1540 4325 Augustus
1599 4266 1655 4308 a.
1704 4245 1824 4309 741
1875 4274 1958 4297 =
2005 4246 2082 4310 13
2128 4267 2164 4308 e
2210 4244 2426 4312 Gallia
2470 4245 2740 4309 Romam
2783 4242 3086 4325 redisset,
3149 4242 3428 4307 Drusum

853 4340 1087 4407 Galliis
1140 4344 1450 4429 praefecit
1491 4345 1625 4412 Dio
1666 4350 1763 4422 54,
1811 4351 1914 4425 25,
1977 4348 2091 4432 qui
2152 4369 2417 4412 censum
2477 4346 2566 4410 ibi
2629 4347 2763 4428 egit
2814 4346 2955 4410 IJiv.
2986 4344 3270 4428 perioch.
3314 4346 3429 4408 138

852 4444 934 4525 ef.
997 4447 1347 4512 orationem
1393 4447 1665 4513 Claudii
1719 4449 1969 4513 Allmer
2025 4455 2085 4514 et
2142 4448 2456 4525 Dissard,
2517 4449 2742 4514 Muse'e
2788 4448 2864 4513 de
2908 4449 3088 4532 Isyon
3132 4448 3184 4513 I
3215 4471 3288 4532 Ρ.
3330 4451 3427 4511 80.

851 4546 933 4616 A.
982 4548 1105 4613 742
1146 4577 1228 4601 ε
1279 4551 1357 4614 12
1403 4550 1534 4618 kal.
1583 4551 1897 4634 Augustis
1945 4551 2297 4635 Luguduni
2342 4573 2519 4615 aram
2558 4551 2797 4615 Romae
2843 4563 2906 4615 et
2933 4551 3216 4633 Augusti
3260 4550 3470 4637 dedi·¹

853 4651 1027 4714 cavit
1073 4649 1206 4715 Dio
1233 4657 1333 4729 54,
1363 4659 1471 4729 32,
1521 4654 1779 4721 Sueton.
1823 4654 2058 4719 Claud.
2093 4662 2159 4731 2,
2182 4656 2345 4719 ἸΛύ.
2369 4654 2652 4738 perioch.
2684 4659 2822 4719 139.
2889 4654 3019 4718 Res
3049 4653 3133 4718 ab
3160 4675 3235 4717 eo
3266 4676 3322 4717 a.
3356 4652 3429 4717 12

849 4762 1073 4817 contra
1119 4753 1479 4819 Germanos
1513 4766 1736 4838 gestae
1773 4755 1905 4821 Dio
1954 4757 1993 4821 l.
2030 4757 2091 4835 l.,
2133 4756 2324 4822 Flor.
2357 4764 2422 4833 2,
2452 4762 2535 4821 30
2579 4758 2661 4839 of.
2702 4756 2848 4824 Tae.
2880 4778 2942 4821 a.
2973 4761 3032 4833 4,
3065 4761 3170 4834 72,
3218 4756 3427 4821 Strab.

852 4860 909 4932 7,
958 4860 1017 4932 1,
1063 4860 1106 4920 3
1137 4879 1209 4940 Ρ.
1242 4864 1392 4923 290.
1483 4859 1717 4924 Hieme
1767 4863 2332 4946 appropinquante
2379 4862 2647 4926 Romam
2693 4861 2873 4923 venit
2917 4872 2996 4942 et,
3046 4880 3430 4945 quamquam

848 4961 1240 5023 ornamentis
1306 4964 1645 5046 praetoriis
1707 4961 2061 5029 honoratus
2124 4973 2294 5046 erat,
2360 4973 2619 5049 praetor
2684 4962 2974 5027 urbanus
3034 4974 3288 5027 creatus
3341 4972 3433 5025 est

845 5059 977 5125 Dio
1027 5061 1067 5129 l.
1104 5062 1144 5127 l.
1189 5064 1306 5128 ubi
1351 5064 1632 5130 traditur
1679 5066 2024 5152 ἀστυνόμος,
2072 5066 2252 5149 wlyo
2298 5065 2506 5131 editur
2551 5064 2921 5153 ἀγορανόμος
2963 5087 3040 5130 ex
3082 5066 3435 5130 coniectura

843 5164 1143 5231 Reimari
1183 5167 1249 5232 in
1287 5168 1494 5234 iudice
1523 5168 1759 5235 Dionis
1785 5188 1836 5236 s,
1867 5189 1923 5236 v.
1958 5168 2300 5256 ἀστυνόμος,
2346 5170 2459 5253 qui
2501 5168 2821 5235 lectionem
2852 5167 3163 5233 traditam
3192 5172 3429 5233 mutan·
