3859 5992
601 583 873 642 :BAREA
900 596 909 605 ‘
936 596 945 603 ”
1884 596 1895 623 ³
1916 578 2044 647 229
2929 590 3329 649 BASILIDES

754 801 887 851 esse
916 798 1046 847 non
1071 778 1613 859 Barchochebam,
1650 780 1767 846 sed
1792 781 2115 848 Simonem
2142 782 2350 867 filiam
2374 782 2728 867 Gamalieli
2740 786 3335 871 patrein'Jehitdae.

751 882 967 953 Gaias
1010 888 1386 966 arqumenta
1443 884 1810 969 examinare
1863 890 1937 949 at
1990 906 2119 957 non
2174 908 2378 953 meam
2418 909 2614 971 neque
2656 890 2844 955 haias
2871 890 3014 957 toci
3054 894 3184 969 es't‘,
3240 891 3339 956 ita

743 986 1137 1058 monendam
1158 985 1406 1060 videtur
1438 1008 1784 1070 perperam
1814 990 2068 1059 omnino
2102 988 2283 1054 illum
2314 1012 2388 1073 p.
2420 995 2552 1057 290
2579 1006 2710 1074 sqq.
2741 996 3000 1077 tempas
3010 993 3337 1059 seditionis

744 1088 1237 1155 Barchoohebae
1268 1089 1443 1154 circa
1481 1111 1540 1181 a.
1574 1094 1875 1157 119-120
1907 1092 2224 1169 statuisse,
2266 1113 2426 1174 qaae
2467 1115 2539 1158 re
2580 1115 2734 1159 vera
2774 1096 2906 1178 fnit
2944 1116 3002 1161 c.
3030 1101 3091 1164 α’.
3122 1100 3333 1162 132-

692 1196 896 1270 ’135;
939 1191 1327 1259 Iudaeorum
1372 1192 1539 1257 enim
1583 1192 1869 1269 traditio,
1909 1214 2106 1276 Quam
2148 1193 2258 1258 ille
2299 1196 2600 1277 sequitur,
2632 1203 2922 1283 praeter
2941 1197 3147 1264 multa
3197 1198 3337 1264 alia

737 1292 940 1377 plane
983 1293 1195 1376 futilis
1238 1294 1521 1378 efficitur
1561 1293 1659 1359 vel
1699 1296 1784 1360 iis
1823 1315 1986 1377 qaae
2031 1296 2106 1360 de
2150 1317 2342 1362 cursa
2386 1297 2698 1365 honorum
2737 1299 2887 1367 Sex.
2919 1299 3084 1367 Iulii
3117 1299 3339 1368 Severi

743 1394 849 1479 (cf.
896 1396 1077 1478 infra
1119 1396 1172 1461 I
1201 1394 1349 1478 374)
1399 1397 1765 1470 certissimis
1810 1397 2183 1465 testimoniis
2224 1404 2538 1465 constant.
2695 1410 2704 1417 '

609 1498 693 1565 46
736 1508 993 1564 BAREA
1039 1508 1395 1584 SORANVS,
1443 1499 1671 1565 consul
1707 1499 2088 1584 designatus
2132 1523 2190 1569 a.
2222 1503 2304 1567 52
2349 1503 2420 1566 in
2465 1513 2696 1569 senatu
2738 1507 3128 1571 sententiam
3157 1452 3332 1572 dixit

748 1602 898 1668 Tac.
929 1623 992 1669 a.
1021 1607 1127 1680 12,
1158 1605 1277 1681 53;
1320 1601 1540 1668 consid
1568 1624 1715 1686 erqo
1745 1601 2047 1683 suffectus
2091 1624 2153 1669 a.
2181 1607 2289 1670 52.
2365 1605 2723 1675 Proconsul
2750 1605 2950 1673 Asiae
2983 1628 3151 1674 anno
3183 1627 3334 1692 pro-

739 1704 1067 1771 consulari
1106 1705 1299 1772 61162
1353 1710 1427 1771 at
1481 1706 1746 1772 videtur.
1837 1705 2031 1771 Anno
2078 1708 2160 1772 66
2220 1707 2303 1772 ab
2347 1706 2610 1775 Ostorio
2657 1709 2901 1776 Sabin'o
2954 1721 3331 1796 accusatus3

742 1808 996 1872 crimini
1056 1806 1338 1874 dabatur
1393 1809 1679 1874 amicitia
1735 1807 2023 1874 Rubellii
2082 1808 2297 1875 Plauti
2357 1809 2445 1896 (a.
2503 1816 2614 1878 62·
2647 1812 2722 1878 in
2774 1811 2964 1879 Asia'
3011 1814 3335 1897 interfecti

749 1909 901 1979 Tac.
942 1931 1006 1978 a.
1034 1915 1135 1989 14,
1163 1914 1404 1996 57-59)
1450 1922 1517 1976 et
1558 1911 1835 1979 ambitio'
1865 1911 2331 1981 conciliandae.
2351 1915 2727 2000 provinciae
2773 1915 2856 1980 ad
2901 1938 3049 2003 spes
3093 1923 3332 2001 novas&

593 2043 599 2047 ·
737 2021 962 2079 vetera
1025 2012 1217 2097 haec‘,
1280 2012 1394 2078 sed
1452 2024 1681 2079 recens
1735 2013 1981 2078 crimen
2037 2014 2363 2080 obiectum
2422 2025 2550 2100 est,
2614 2016 2790 2103 quod
2851 2018 3136 2085 Servilia
3165 2016 3334 2084 :filia

738 2116 1081 2202 pecuniam
1121 2116 1328 2199 magis
1373 2115 1682 2199 dilargita
1723 2125 1930 2201 esset3
1980 2139 2131 2182 cum
2174 2118 2250 2184 P.
2288 2118 2621 2202 Egnatius
2643 2118 2834 2185 Celer
2877 2120 3112 2186 falsum
3156 2121 3333 2186 testi-

737 2219 1023 2282 monium
1054 2220 1122 2283 in
1153 2240 1301 2283 eum
1330 2218 1656 2304 edixisset,
1701 2218 2043 2285 damnatus
2088 2230 2188 2285 est
2231 2243 2384 2285 cum
2418 2221 2555 2288 filia
2596 2225 2820 2289 mortis
2864 2224 3133 2290 arbitrio
3159 2222 3331 2311 vdato

745 2320 893 2389 Tac.
940 2330 1000 2385 a.
1046 2326 1146 2398 16,
1189 2327 1298 2388 21.
1343 2326 1451 2388 23.
1492 2325 1746 2402 30-33,·
1802 2321 1865 2387 h.
1922 2328 1984 2400 4,
2028 2328 2134 2390 10.
2181 2328 2283 2402 70,
2346 2324 2594 2391 brevius
2652 2331 2712 2391 et
2768 2327 2979 2413 minus
3036 2329 3333 2392 accwrate

737 2422 870 2495 Dio
903 2428 1008 2502 62,
1047 2429 1169 2502 26,
1157 2444 1171 2460 ·
1220 2423 1499 2490 ‘Stoicus
1544 2424 1781 2489 occidit
1823 2426 2119 2510 Baream,
2157 2425 2417 2491 'delator
2459 2428 2778 2513 amicum,
2806 2428 3332 2516 discipulumque

657 2534 665 2543 '
737 2534 961 2590 senex’
1010 2526 1295 2593 Juvenal.
1341 2531 1465 2591 sat.
1508 2533 1570 2606 3,
1616 2531 1915 2593 116-117
1956 2549 2120 2595 eum
2136 2528 2327 2594 schol.
2374 2530 2458 2611 cf.
2500 2535 2622 2596 sat.
2665 2537 2728 2610 7
2775 2536 2856 2597 91
2901 2537 2961 2598 et
3000 2532 3195 2599 schol.
3224 2531 3333 2598 “ad

736 2632 862 2692 sat.
904 2634 962 2705 1,
1006 2633 1123 2705 33;
1166 2634 1224 2706 6,
1268 2631 1414 2696 552.
1458 2662 1546 2676 —-
1586 2628 1858 2696 Amicus
1903 2631 2292 2717 Vespasiani
2345 2632 2494 2699 Tac.
2539 2632 2604 2699 11.
2640 2637 2709 2754 4,
2738 2638 2814 2700 7.

591 2794 601 2803 ,
607 2729 839 2814 —(C.
883 2731 1205 2814 Licinius)
1251 2732 1483 2797 Barea.
1588 2742 1592 2749 '
2937 2747 2944 2753 '
2995 2748 3000 2753 “
3093 2746 3101 2751 “

606 2869 692 2878 -
735 2842 803 2912 Q.
848 2842 1182 2900 MARCIVs
1227 2844 1507 2900 BAREA.

607 2970 696 2982 --
739 2946 805 3014 Q.
849 2944 1182 3001 MARclvs
1227 2947 1482 3010 BAREA
1528 2947 1741 3003 SVRA.

586 3039 688 3105 ·47
736 3040 1086 3123 Bargioras
1126 3039 1262 3107 Dio
1305 3046 1405 3118 66,
1453 3046 1496 3104 7
1533 3070 1619 3095 =
1665 3040 1887 3105 Simon
1937 3043 2178 3110 Giorae
2224 3042 2394 3109 filius
2436 3065 2494 3110 v.
2541 3044 2786 3112 Simon.

605 3142 689 3206 48
733 3142 978 3207 Barrus
1026 3153 1098 3207 ut
1139 3142 1331 3208 homo
1375 3142 1734 3209 maledicus
1778 3146 2153 3216 nominatur
2194 3146 2431 3214 Horat.
2470 3152 2600 3216 sat.
2649 3153 2734 3225 1,
2760 3152 2816 3226 7,
2861 3152 2905 3212 8
2956 3168 3095 3219 cum
3135 3148 3328 3214 schol.

734 3245 917 3317 Idem
957 3245 1207 3311 videtur
1238 3246 1442 3312 Baros
1474 3248 1590 3331 (sic
1622 3247 1923 3315 traditur)
1969 3262 2214 3332 scurra,
2263 3252 2375 3336 qui
2408 3250 2741 3334 Gai-genio
2774 3272 2910 3321 rem
2949 3251 3327 3315 venustissi-

668 3358 677 3367 “
735 3362 908 3411 mam·
953 3347 1124 3413 dixit
1165 3348 1409 3415 Seneca
1450 3353 1721 3417 controv.
1754 3356 1812 3427 1,
1848 3356 1904 3428 7,
1940 3354 2040 3418 18.
2070 3388 2157 3399 -
2186 3351 2496 3419 Diversus
2538 3359 2631 3419 est
2660 3355 2903 3419 Barrus
2933 3353 3168 3477 Horat.
3203 3357 3325 3420 sat.

734 3456 791 3527 1,
822 3455 882 3527 6,
910 3456 994 3515 30
1039 3453 1120 3534 cf.
1169 3434 1637 3518 adnotationem
1684 3453 2067 3537 Kiesslinyii
2109 3455 2198 3522 ad
2236 3455 2298 3520 h.
2348 3456 2389 3522 Ζ.
2499 3504 2504 3511 .
3149 3520 3154 3525 ,

605 3553 689 3617 49
733 3554 1135 3638 Barsemias,
1206 3538 1647 3621 Hatrenorum
1704 3578 1829 3621 rex
1865 3556 2237 3627 Pescennio
2298 3558 2504 3642 Nigro
2559 3582 2617 3627 a.
2657 3559 2789 3625 198
2848 3557 3097 3625 auxilia
3153 3559 3327 3624 misit

731 3656 1088 3722 Herodian.
1130 3662 1190 3734 3,
1237 3664 1295 3735 1,
1340 3664 1416 3737 3;
1477 3659 1759 3725 Severus
1818 3682 1874 3727 a.
1928 3660 2052 3726 194
2109 3659 2350 3749 bellum
2406 3661 2720 3749 adversus
2774 3661 3039 3726 orientis
3098 3671 3327 3745 gentes

733 3761 987 3845 paravit
1012 3760 1315 3848 πρόφασιν
1350 3763 1702 3849 ποιούμενος
1730 3766 1835 3850 τὴν
1875 3760 2221 3851 Βαρσημίου
2269 3767 2416 3852 πρὸς
2453 3764 2670 3852 Νίγρον
2714 3767 2915 3852 φιλίόιν
2958 3764 3046 3830 id.
3076 3767 3137 3842 3,
3155 3768 3228 3842 9,
3260 3769 3324 3831 1.

733 3861 838 3926 Dc
881 3864 1301 3951 eaffleditione
1316 3864 1539 3931 Severi
1581 3868 1665 3949 cf.
1710 3865 1844 3933 Dio
1891 3871 2189 3945 75‚1-3.

604 4001 691 4011 —
734 3974 801 4032 Τ.
846 3974 1174 4035 HELVIVS
1221 3976 1514 4035 BASILA.
1668 3982 1671 3985 ’
2299 3977 2307 3985 “

606 4103 694 4114 —
731 4067 825 4133 M.
868 4068 1174 4134 Aurelius
1215 4069 1531 4136 Basileus.
3305 4156 3312 4163 δ

605 4171 689 4237 50.
730 4170 1121 4255 BasilianuS,
1169 4173 1534 4258 praefectus
1563 4173 1853 4260 Aegypti
1899 4198 1957 4243 a.
1989 4176 2133 4259 218,
2181 4197 2222 4239 a
2247 4174 2542 4245 Macrino
2587 4175 2954 4263 praefectus
2996 4178 3321 4263 praetorio

734 4276 802 4338 in
838 4273 1052 4339 locum
1084 4273 1320 4361 (leii)
1350 4274 1590 4341 Iuliani
1619 4288 1910 4361 creatust,
1960 4299 2109 4343 cum
2136 4288 2285 4364 post
2313 4278 2564 4345 cladem
2590 4280 2866 4344 Macrini
2900 4301 2985 4344 ex
3013 4278 3320 4366 Aegypto

737 4377 805 4441 in
848 4375 1105 4442 Italiam
1148 4378 1579 4463 profugisset,
1601 4379 1778 4465 apud
1819 4380 2250 4447 Brundisium
2293 4380 2733 4499 deprenensus
2777 4390 2852 4449 et
2876 4382 3322 4449 Nicomediam

734 4478 969 4543 missus
1013 4479 1341 4563 iugulatus
1387 4492 1486 4547 est
1506 4480 1661 4548 'Dio
1707 4486 1805 4561 78,
1849 4486 1951 4567 35.

600 4581 680 4647 51
730 4581 1051 4649 Basilides
1115 4605 1151 4647 e
1211 4584 1606 4670 primoribus
1661 4562 2167 4705 Aegyptiorum,
2240 4609 2436 4674 quem
2494 4587 2935 4674 Vespasianus
2985 4611 3053 4657 a.
3113 4589 3197 4656 70
3253 4590 3322 4656 in

731 4684 970 4770 templo
1033 4684 1366 4772 Serapidis
1426 4690 1748 4775 respicere
1806 4689 1931 4755 sibi
1991 4691 2176 4754 visus
2234 4698 2370 4755 est
2390 4691 2538 4756 Tac.
2594 4690 2660 4757 h.
2714 4696 2775 4769 4,
2820 4695 2943 4770 82,·
2999 4691 3320 4759 Basilides

730 4785 1003 4852 libertus
1049 4788 1305 4855 Sueton.
1354 4789 1722 4875 Vespasian.
1770 4797 1829 4872 7,
1889 4794 2012 4858 abi
2057 4793 2274 4858 eadem
2314 4813 2418 4859 res
2461 4797 2826 4863 enarratur.
2872 4828 2954 4840 —
2989 4794 3320 4864 ‚Basilides

724 4890 988 4977 quidam
1016 4888 1317 4979 Καίσαρος
1349 4895 1753 4982 ἀπελεύθερος
1760 4900 2154 4980 procurator
2179 4900 2252 4961 at
2277 4897 2528 4963 videtur
2553 4901 2940 4965 memoratur
2967 4896 3040 4964 in
3064 4896 3318 4966 'decreto

727 4991 837 5059 On.
892 4992 1160 5076 Veryilii
1196 4994 1528 5078 Capitonis
1560 4999 1881 5080 praefecti
1920 4998 2203 5082 Aeyypti
2246 5020 2305 5066 a.
2349 5003 2431 5067 49
2478 4996 2662 5069 016-
2684 5003 2918 5069 49561

572 5096 685 5162 ,52
730 5095 1084 5180 Basilides,
1147 5098 1447 5165 sacerdos
1507 5099 1788 5166 Carmeli
1847 5101 2288 5188 Vespasiano
2297 5126 2375 5173 a.
2432 5103 2518 5171 69
2583 5102 2932 5190 imperium
2949 5099 3320 5219 praedixit

734 5199 884 5287 Tac.
926 5199 990 5269 h.
1034 5204 1125 5280 2,
1150 5205 1232 5267 78
1272 5202 1357 5284 cf.
1404 5201 1663 5293 Sueten.
1709 5203 2084 5288 Vespasian.
2125 5208 2185 5272 5.
