3859 5992
549 555 996 614 AROHELAVS
1837 547 1962 614 127
2813 553 3262 613 ARCHELAVS

676 753 1029 821 Antoniam
1073 765 1330 842 neptem
1362 752 1631 820 Antonii
1677 753 2022 837 triumviri,
2076 775 2243 840 quae
2275 763 2482 840 nupta
2510 751 2725 818 fuerat
2754 750 3089 818 Polemoni
3121 753 3258 837 regi

680 858 903 941 Ponti,
966 869 1114 943 post
1174 879 1395 933 necem
1455 858 1668 922 mariti
1724 853 1945 937 (occisi
2002 857 2181 922 circa
2223 877 2282 924 a.
2332 857 2601 923 7461747
2626 885 2710 909 --
2737 854 2849 921 8Ι7
2888 856 2972 938 cf.
3020 854 3086 919 P
3115 858 3260 940 405)

678 982 948 1026 uxorem
990 958 1182 1025 duxit
1227 960 1469 1033 Strabo
1510 964 1617 1037 12,
1645 964 1705 1038 3,
1736 964 1825 1026 29
1857 981 1930 1044 p.
1961 963 2099 1026 556.

802 1063 1127 1146 Tiberine,
1175 1065 1288 1150 qui
1332 1061 1634 1128 civilibus
1680 1061 2048 1128 officiorum
2094 1062 2477 1128 rudimentis
2522 1060 2916 1128 Archelaum
2959 1061 3259 1145 Augusto

676 1175 1101 1250 cognoscente
1154 1164 1503 1252 aliquando
1563 1164 1944 1230 defenderat
2001 1165 2260 1232 Sueton.
2314 1166 2519 1234 Tiber.
2563 1169 2643 1247 8,
2704 1186 2922 1249 regem
2983 1165 3049 1228 in
3111 1164 3259 1229 odio

678 1269 921 1352 habuit,
970 1268 1144 1355 quod
1190 1291 1337 1334 eum
1383 1267 1595 1334 Rhodi
1642 1279 1944 1352 agentem
1983 1270 2267 1333 monitus
2319 1268 2403 1333 ab
2465 1268 2706 1333 intimis
2753 1266 3035 1352 Augusti
3079 1266 3259 1332 nullo

679 1372 891 1436 officio
950 1370 1275 1469 coluerat3
1334 1371 1556 1458 itaque
1613 1392 1887 1454 regnum
1944 1370 2221 1457 adeptus
2272 1368 2665 1436 Archelaum
2711 1371 2981 1436 Romam
3037 1370 3260 1434 matris

677 1473 904 1539 litteris
952 1473 1205 1557 clicuit3
1262 1497 1388 1561 quo
1432 1495 1580 1539 cum
1625 1475 1925 1555 venisset,
1975 1475 2041 1538 in
2088 1482 2317 1540 senatu
2363 1473 2445 1539 ob
2493 1474 2785 1552 crimina,
2848 1495 3015 1560 quae
3060 1472 3261 1554 finge-

675 1577 931 1655 bantur,
980 1588 1318 1642 accusatus
1362 1588 1461 1641 est
1503 1575 1619 1660 (ad
1658 1597 1849 1659 Quam
1906 1577 2374 1642 accusationem
2416 1578 2742 1659 pertinere
2781 1576 3048 1654 videtur,
3095 1575 3263 1658 quod

676 1679 1119 1745 Philostratus
1138 1681 1246 1747 vit.
1264 1678 1599 1762 Apollonii
1620 1684 1679 1756 1,
1704 1684 1792 1744 12
1819 1679 2043 1744 scribit
2056 1677 2453 1744 Archelaum
2476 1700 2624 1743 cum
2655 1678 2950 1765 praeside
2980 1678 3264 1765 quodam

678 1781 946 1848 Ciliciae
977 1783 1044 1846 in
1077 1782 1401 1851 Romanos
1433 1781 1871 1864 coniurasse);
1916 1802 2159 1865 angore
2198 1779 2548 1868 perculsus,
2597 1782 2789 1847 simul
2835 1782 3041 1847 fessus
3085 1782 3263 1846 senio

677 1886 870 1949 finem
912 1887 1087 1950 vitae
1139 1896 1368 1972 sponte
1420 1906 1503 1949 an
1554 1883 1686 1949 fato
1735 1884 2033 1969 implevit
2082 1906 2252 1950 anno
2305 1885 2383 1951 17
2445 1885 2593 1950 Tac.
2646 1907 2707 1952 a.
2752 1890 2818 1962 2,
2851 1889 2957 1964 42,
3004 1884 3262 1952 Sueton.

685 1989 892 2054 Tibcr.
935 1992 1040 2065 37,
1083 1986 1218 2052 Dio
1258 1991 1361 2064 57,
1402 1992 1499 2054 17.
1602 1985 1899 2070 Regnum
1963 1988 2028 2050 in
2088 1988 2494 2073 provinciam
2557 1987 2887 2054 redactum
2940 1998 3038 2053 est
3090 1987 3260 2063 Tac„

678 2091 960 2168 Sueton,
991 2088 1124 2155 Dio
1156 2089 1194 2154 l.
1223 2088 1285 2166 l„
1308 2093 1654 2172 praetcrea
1682 2088 1922 2155 Strabo
1948 2095 2051 2167 12,
2085 2096 2143 2166 1,
2175 2095 2224 2156 2
2253 2113 2326 2173 p.
2348 2095 2488 2167 534,
2520 2091 2792 2175 Eutrop.
2819 2096 2876 2168 7,
2903 2096 3001 2169 11,
3052 2089 3265 2155 Victor

677 2191 855 2258 Caes.
885 2197 953 2271 2,
981 2198 1043 2270 3,
1087 2191 1387 2275 Epitome
1413 2196 1479 2268 2,
1509 2194 1571 2267 8,
1617 2190 1853 2275 Rufius
1878 2191 2112 2257 Festus
2154 2198 2253 2270 11,
2301 2193 2520 2276 Lydus
2565 2192 2641 2258 de
2682 2195 3037 2276 mayistrat.
3067 2197 3128 2269 3,
3157 2196 3260 2259 57.

804 2294 1166 2360 Archelaus
1213 2296 1246 2361 ὁ
1289 2298 1692 2381 χωρογράφος
1721 2302 1825 2381 τῆς
1856 2298 1970 2360 ὑπὸ
2006 2293 2379 2382 Ἀλεξάνδρου
2413 2321 2564 2362 παττ
2576 2298 2780 2381 {letam
2807 2302 2916 2383 γῆς
2945 2294 3262 2379 Dioyenes

673 2399 890 2466 Laert.
920 2403 984 2476 2,
1015 2404 1077 2476 4,
1109 2404 1194 2464 17
1204 2419 1226 2476 ;
1267 2395 1629 2463 Archelaus
1674 2419 1792 2462 rex
1838 2408 2065 2464 auctor
2109 2397 2306 2464 Plinii
2349 2398 2524 2477 Ptin,
2569 2420 2633 2464 n.
2678 2398 2737 2466 h.
2772 2398 2810 2466 l.
2843 2403 2902 2466 8.
2937 2404 2995 2464 9.
3026 2403 3126 2463 18.
3156 2402 3256 2475 37,

677 2502 914 2566 citatur
943 2500 1070 2567 ibd.
1106 2501 1149 2568 l.
1178 2506 1266 2565 37
1291 2501 1391 2586 (de
1415 2502 1721 2587 ymnus),
1749 2506 1847 2566 46.
1877 2505 1975 2567 95.
2017 2507 2146 2567 104.
2185 2507 2308 2568 107
2318 2523 2338 2581 ,·
2375 2502 2577 2568 Iubae
2609 2511 2673 2566 et
2703 2498 3003 2565 Archelai
3036 2521 3258 2586 regum

678 2602 827 2667 libri
872 2605 1156 2669 citantur
1199 2603 1402 2671 Solin.
1432 2608 1539 2682 52,
1572 2610 1654 2669 19
1696 2605 1808 2686 qui
1850 2604 2023 2669 locus
2064 2626 2195 2671 non
2238 2627 2316 2671 ex
2357 2604 2580 2670 Pl'm'o
2622 2608 2908 2688 sumptus
2952 2607 3060 2667 est.

805 2706 1165 2772 Archelaus
1211 2707 1383 2772 filius
1427 2711 1469 2772 t.
1499 2712 1560 2773 3.
1608 2708 1692 2790 cf.
1722 2729 1784 2772 n.
1816 2712 1960 2785 831,
2007 2710 2327 2792 Tigranes
2372 2710 2544 2793 regis
2588 2706 2896 2773 Archelai
2940 2726 3258 2791 pronepos

678 2809 937 2894 (scilicet
969 2831 1094 2893 per
1147 2809 1545 2894 Glaphyram
1589 2811 1827 2893 aviam)
1881 2811 2032 2876 Tac.
2075 2834 2137 2877 a.
2184 2817 2280 2889 14,
2310 2816 2418 2879 26.

544 2914 669 2978 831
722 2910 1099 2995 Archelaus,
1136 2911 1438 2977 Archelai
1473 2915 1645 2998 regis
1669 2912 1904 2997 (ultimi
1934 2912 2409 2997 Cappadocum)
2443 2911 2612 2977 filius
2628 2911 2888 2996 publice
2915 2911 3263 2976 honoratus

677 3021 720 3081 t.
764 3016 983 3080 Attico
1023 3015 1182 3081 CIA
1218 3015 1351 3081 III
1374 3020 1499 3082 548
1512 3037 1533 3093 ,·
1578 3014 1932 3081 ‘Cietarum
1980 3017 2088 3101 (cf.
2137 3016 2431 3083 Wahelm
2476 3015 2697 3083 Mitth.
2746 3037 2808 3081 a.
2854 3015 3053 3082 Oestr.
3098 3016 3261 3079 1894

670 3142 743 3202 p.
787 3124 848 3195 1,
910 3117 1229 3184 Clitarum
1275 3119 1580 3202 traditur)
1627 3121 1802 3184 natio
1850 3119 2223 3206 Cappadoci
2267 3119 2589 3185 Archelao
2636 3118 2944 3185 subiecta’
3002 3118 3150 3183 Tac.
3197 3136 3258 3181 a.

676 3226 736 3299 6,
763 3227 844 3287 41
870 3221 986 3286 sub
1018 3242 1080 3289 a.
1109 3226 1210 3299 36,
1239 3221 1405 3287 unde
1432 3222 1788 3287 Archelaus
1822 3223 2015 3306 filius,
2051 3227 2395 3305 postquam
2422 3243 2685 3307 reynum
2715 3220 3164 3305 Cappadociae
3192 3218 3262 3283 in

669 3324 1073 3407 provinciam
1105 3324 1432 3389 redactum
1476 3329 1583 3402 cst,
1627 3325 1923 3391 Ciliciam
1974 3324 2345 3403 Tracheam,
2390 3346 2582 3408 quam
2619 3329 2808 3408 pater
2843 3324 2925 3389 ab
2970 3322 3260 3405 Auyusto

674 3432 1021 3509 acceperat,
1063 3428 1397 3492 retinuisse
1439 3427 1705 3493 videtur.

540 3531 673 3595 832
721 3529 1013 3595 Herodes
1057 3528 1439 3596 Archelaus,
1529 3531 1612 3595 In
1666 3530 1944 3595 nmnmis
2000 3529 2110 3615 (cf.
2170 3529 2491 3608 Maddcn,
2569 3530 2763 3596 Coins
2816 3531 2895 3613 of
2940 3528 3042 3594 th'c
3097 3528 3260 3593 Iews

679 3656 750 3717 p.
781 3635 1097 3718 115-118)
1130 3633 1365 3697 dicitur
1394 3632 1722 3715 Herodes3
1756 3631 2039 3719 Ἡρώδης
2067 3634 2100 3699 ὁ
2136 3632 2520 3705 Παλαιστῖνος
2546 3632 2679 3699 Dio
2706 3638 2804 3710 55,
2834 3637 2929 3700 27
2937 3652 2958 3711 ;
2991 3636 3259 3696 ceterum

677 3734 1036 3801 Archelaus
1081 3756 1167 3800 ev.
1218 3734 1454 3800 Mattk.
1501 3741 1567 3811 2,
1599 3740 1696 3801 22
1738 3741 1798 3801 et
1838 3736 2014 3820 apud
2048 3738 2389 3820 scriptores
2429 3736 2723 3819 reliquos.

802 3837 1099 3903 Herodes
1128 3836 1353 3922 Magni
1386 3859 1470 3902 ex
1500 3836 1825 3903 Malthace
1856 3839 2262 3905 Samaritana
2290 3839 2480 3923 filius,
2524 3839 2724 3904 frater
2754 3840 2955 3903 maior
2983 3837 3255 3921 (Ioseph.

678 3940 817 4005 bell.
859 3946 919 4016 1,
950 3944 1055 4023 32,
1092 3944 1161 4019 7,·
1200 3946 1258 4017 1,
1286 3945 1386 4018 33,
1422 3940 1484 4024 79
1527 3940 1812 4006 Herodis
1853 3939 2138 4029 Antipae
2182 3943 2433 4028 Ioseph.
2481 3947 2613 4008 aut.
2655 3947 2754 4019 17,
2802 3947 2859 4018 1,
2905 3946 2964 4018 3,
3013 3939 3151 4006 bell.
3196 3946 3254 4017 1,

676 4048 782 4119 28,
811 4049 887 4121 4,·
931 4064 1082 4107 cum
1113 4042 1412 4130 Philippo
1458 4043 1657 4109 fratre
1689 4046 1932 4109 Romae
1979 4044 2289 4110 educatus
2334 4056 2481 4133 post
2523 4066 2746 4110 necem
2792 4042 3153 4109 Aristobuli
3195 4052 3260 4107 et

678 4143 1034 4210 Alexandri
1082 4146 1276 4230 (armo
1314 4148 1450 4230 fere
1480 4152 1606 4213 747
1631 4177 1713 4202 :2
1746 4153 1789 4212 7
1815 4169 1874 4211 a.
1918 4147 2015 4234 C.)
2063 4170 2101 4211 a
2145 4159 2330 4233 patre
2375 4147 2636 4212 domum
2675 4156 3038 4226 revocatur,
3084 4144 3258 4232 apud

679 4269 871 4334 quem
902 4248 1249 4334 Antipater
1291 4258 1637 4336 utrumque
1682 4249 2063 4314 calumniari
2110 4249 2343 4334 studet,
2392 4250 2476 4315 id.
2514 4254 2644 4315 aut.
2677 4254 2779 4327 17,
2814 4255 2874 4327 4,
2903 4255 2979 4327 3;
3025 4247 3163 4314 bell.
3196 4254 3255 4325 1,

673 4356 772 4427 31,
799 4356 856 4418 1.
896 4350 1309 4416 Testamento
1336 4374 1632 4437 supremo
1657 4352 1940 4416 Herodis
1964 4376 2083 4418 rex
2106 4352 2384 4418 Iudaeae
2407 4355 2794 4418 constitutus
2823 4361 2967 4440 post
2985 4363 3257 4416 mortem

675 4454 876 4539 patris
922 4453 1010 4531 (a.
1044 4457 1167 4518 750
1195 4482 1280 4506 =
1309 4459 1350 4518 4
1381 4476 1441 4518 α.
1483 4453 1580 4537 C.)
1635 4454 2070 4542 appellatione
2117 4456 2298 4537 regia
2337 4456 2669 4538 abstinuit,
2718 4455 2874 4520 dum
2918 4454 3257 4538 Augustus

675 4577 818 4619 eam
863 4555 1247 4620 concederet
1292 4556 1376 4621 z'd.
1424 4562 1556 4622 ant.
1600 4563 1699 4635 17,
1731 4563 1793 4635 8,
1842 4558 1985 4624 bell.
2028 4565 2074 4634 1,
2104 4563 2204 4634 33,
2240 4563 2391 4624 7-9,
2470 4561 2818 4642 Postquam
2877 4558 3259 4622 seditionem

675 4655 897 4741 populi
941 4658 1138 4722 armis
1184 4661 1520 4746 repressit,
1582 4659 1850 4724 Romam
1893 4660 2223 4746 profectus
2270 4671 2367 4726 est
2410 4661 2495 4726 id.
2531 4665 2662 4726 ant.
2696 4665 2796 4737 17,
2828 4664 2887 4737 9,
2920 4665 3070 4735 1-3‚
3117 4659 3257 4728 bell.

673 4764 740 4836 2,
770 4764 829 4836 1,
863 4764 1016 4826 1-3.
1093 4760 1242 4842 Quo
1284 4784 1432 4826 cum
1478 4761 1753 4849 Antipas
1799 4772 1865 4827 et
1897 4762 2240 4850 Philippus
2287 4763 2519 4828 fratres
2563 4762 2755 4829 simul
2802 4763 3136 4827 venissent
3177 4761 3260 4826 de

675 4862 859 4945 regni
904 4861 1264 4928 hereditate
1308 4866 1633 4947 certaturi,
1680 4876 2020 4952 praeterea
2048 4865 2286 4950 legatio
2318 4866 2536 4953 populi
2570 4865 2978 4950 Iudaeorum,
3013 4864 3259 4931 Arche·

673 4963 813 5029 laus
865 4964 1041 5051 apud
1094 4965 1466 5051 Augustum
1523 4967 1606 5032 ab
1665 4967 2060 5033 adversariis
2119 4971 2434 5033 acerrime
2490 4978 2830 5035 accusatus
2890 4991 2930 5033 a
2986 4966 3257 5034 Nicolao

674 5066 1080 5133 Damasceno
1112 5068 1414 5134 defensus
1448 5080 1576 5149 est3
1615 5068 1766 5133 inde
1796 5070 2132 5153 Augustus
2163 5073 2404 5157 statuit,
2439 5082 2515 5137 ut
2535 5071 2894 5137 Archelaus
2924 5070 3255 5137 dimidiam

677 5179 922 5257 partem
965 5173 1147 5256 regni
1193 5171 1494 5256 Herodis,
1546 5170 1855 5238 Iudaeam
1898 5182 1964 5238 et
2003 5174 2379 5243 Idumaeam
2424 5185 2489 5243 et
2526 5175 2887 5243 Samariam
2931 5196 3078 5241 cum
3118 5173 3257 5239 eth-
