3859 5992
572 536 1003 592 CALPVRNIV
1008 538 1044 592 S
1866 529 1993 594 287
2813 537 3283 593 CALPVRNIVS

696 754 995 798 numerus
1034 738 1243 798 rectus
1286 738 1394 812 est,
1435 733 1588 799 Piso
1633 756 1693 799 a.
1727 738 1807 799 13
1851 734 1932 799 ab
1964 734 2256 818 Auyusto
2295 735 2448 800 urbi
2483 736 2852 818 praefectus
2894 741 3021 815 est;
3064 743 3287 804 contra

701 836 1042 901 Suetonius
1070 841 1130 901 et
1159 836 1421 902 Plinius
1464 836 1504 902 l.
1551 836 1591 904 l.
1641 837 1869 903 diserte
1913 841 1974 901 et
2002 837 2202 921 plane
2232 860 2275 902 a
2312 838 2563 903 Tiberio
2599 839 2799 921 (circa
2828 861 2887 903 a.
2919 838 3023 921 179
3063 838 3291 905 Pisoni

699 938 1061 1005 custodiam
1104 940 1286 1003 urbis
1341 939 1716 1005 mandatam
1771 960 1901 1005 esse
1956 941 2260 1021 referunt.
2368 940 2540 1006 Vnde
2593 942 2729 1005 veri
2789 941 2950 1007 mihi
3010 942 3286 1007 similius

698 1040 944 1105 videtur
978 1062 1305 1107 numerum
1341 1041 1552 1106 Taciti
1594 1063 1724 1107 esse
1766 1042 2006 1124 falsum
2047 1044 2174 1108 sive
2217 1065 2434 1108 errore
2473 1044 2676 1127 ipsius
2710 1045 2839 1109 sive
2869 1045 3058 1128 culpa
3087 1044 3285 1110 libra-

700 1143 945 1207 riorum
988 1145 1071 1225 cf.
1115 1165 1276 1226 quae
1318 1145 1580 1227 eatposui
1604 1144 2016 1210 Rheinisches
2050 1145 2345 1211 Museum
2386 1145 2609 1211 XLII
2640 1145 2852 1229 (1884)
2881 1168 2953 1229 p.
2984 1152 3105 1213 164
3131 1168 3282 1230 399,

701 1243 889 1309 aliter
934 1245 1305 1322 Mommsen,
1353 1246 1752 1312 Staatsrecht
1787 1247 1912 1312 11⁸
1943 1269 2017 1331 p.
2050 1251 2232 1315 1059.
2279 1284 2357 1295 —
2408 1248 2727 1332 Pontifex,
2777 1249 2979 1314 frater
3026 1250 3285 1314 Arvalis

697 1367 754 1412 v.
797 1368 1015 1431 supra.
1087 1390 1095 1398 ·

829 1467 1094 1533 Potator
1144 1480 1446 1534 strenuus
1493 1469 1753 1546 Seneca,
1802 1468 2082 1547 Plinius,
2133 1470 2475 1536 Suetonius
2518 1473 2559 1536 l.
2601 1471 2640 1540 l.
2661 1522 2676 1550 ‚
2736 1472 3025 1537 officium
3069 1483 3280 1537 tamen

700 1593 892 1636 suum
959 1594 1088 1657 quo
1156 1570 1358 1636 tutela
1424 1572 1601 1638 urbis
1675 1571 2166 1655 continebatur,
2241 1573 2732 1657 diligentissime
2804 1575 3283 1640 administravit

701 1674 996 1757 Seneca..
1037 1673 1252 1738 Mores
1297 1675 1437 1738 eius
1481 1696 1622 1738 esse
1662 1675 1888 1757 vigore
1932 1696 2009 1739 ac
2054 1674 2319 1741 lenitate
2361 1678 2780 1741 mixtissimos
2826 1688 2890 1741 ct
2918 1679 3034 1742 vix
3065 1700 3282 1763 quem-

700 1799 893 1863 quam
942 1777 1210 1862 reperiri
1255 1799 1478 1864 posse,
1528 1777 1637 1863 qui
1684 1788 1799 1842 aut
1845 1778 2049 1842 otium
2097 1777 2377 1843 validius
2424 1779 2656 1863 diligat
2699 1791 2812 1846 aut
2854 1779 3107 1845 facilius
3153 1780 3284 1845 suf-

707 1880 883 1945 ficiat
926 1881 1184 1963 negotio
1233 1878 1498 1945 Velleius
1542 1878 1584 1947 l.
1633 1879 1674 1945 l.
1748 1879 2007 1945 Nullius
2053 1881 2308 1945 servilis
2353 1884 2709 1947 sententiae
2754 1893 2980 1948 auctor
3022 1894 3088 1947 et
3128 1905 3283 1970 quo-

701 1983 867 2047 tiens
927 1982 1275 2047 necessitas
1331 1983 1692 2065 ingrueret,
1756 1982 2084 2069 sapienter
2142 1983 2485 2049 moderans
2536 2022 2612 2033 —
2658 1986 2742 2032 -’
2793 1987 3143 2072 praecipua
3201 2009 3284 2050 ex

699 2105 775 2148 co
834 2083 1075 2168 gloria,
1123 2084 1297 2170 quod
1359 2084 1725 2170 praefectus
1782 2083 1925 2150 urbi
1990 2108 2215 2151 recens
2268 2088 2639 2153 continuam
2697 2098 3076 2173 potestatem
3121 2091 3285 2154 mire

702 2189 1091 2273 temperavit
1113 2187 1263 2253 Tac.
1290 2210 1352 2253 a.
1381 2193 1443 2265 6,
1476 2193 1577 2254 10.
1609 2225 1679 2234 —-
1710 2187 2034 2253 Patronus
2070 2188 2400 2274 Antipatri
2431 2188 3025 2255 Thessalonicensis
3056 2202 3285 2277 poetae

701 2289 964 2355 Anthol.
1003 2312 1101 2374 yr.
1147 2296 1205 2369 6,
1237 2296 1343 2357 24.
1387 2296 1536 2358 244.
1579 2295 1736 2371 335;
1778 2296 1836 2369 9,
1881 2294 2020 2359 541.
2066 2295 2229 2370 552,·
2270 2297 2371 2369 10,
2415 2296 2520 2394 25.

827 2409 933 2474 Ad
992 2410 1260 2475 Pisones
1319 2412 1579 2497 scripsit
1641 2411 1956 2477 Horatius
2022 2411 2259 2477 librum
2321 2412 2402 2477 de
2468 2422 2606 2478 arte
2668 2416 2923 2500 poetica
2987 2414 3283 2497 (Pisones

699 2512 1047 2596 alloquitur
1087 2535 1144 2578 v.
1176 2519 1235 2579 6.
1263 2518 1413 2591 235,
1464 2523 1673 2600 ‘pater
1717 2524 1782 2580 et
1822 2517 2091 2579 iuvenes
2136 2524 2321 2601 patre
2353 2515 2557 2599 digni’
2590 2536 2647 2580 v.
2676 2521 2784 2594 24,
2834 2518 3062 2582 ‘maior
3106 2519 3281 2603 iuve-

699 2625 876 2679 num’
909 2617 1076 2700 366).
1144 2616 1253 2681 Ex
1282 2616 1562 2682 carmine
1592 2616 1732 2700 ipso
1758 2617 1923 2681 nihil
1954 2618 2112 2682 certi
2149 2639 2345 2700 neque
2375 2618 2452 2683 de
2482 2623 2771 2701 tempore,
2815 2642 2936 2702 quo
2980 2622 3285 2704 scriptum

697 2719 797 2794 sit,
847 2738 1041 2800 neque
1099 2718 1174 2783 de
1217 2719 1515 2802 personis
1560 2718 1869 2784 Pisonum
1926 2741 2142 2785 eruere
2198 2720 2344 2784 licet
2398 2722 2530 2784 nisi
2578 2720 2785 2804 filium
2826 2724 3126 2787 maiorem
3174 2722 3282 2808 (cf.

698 2840 753 2885 v.
782 2825 905 2885 366
931 2820 1089 2904 399.)
1126 2822 1195 2885 in
1240 2822 1631 2887 carminibus
1660 2821 2026 2905 panqendis
2067 2827 2384 2887 versatum
2427 2843 2573 2891 esse.
2652 2825 2873 2888 ‘Hunc
2914 2823 3153 2890 librum
3201 2825 3282 2889 ad

698 2922 772 2986 L.
816 2923 1122 2988 Pisonem
1164 2925 1278 3010 qui
1338 2935 1561 3008 postea
1620 2923 1802 2989 urbis
1846 2935 2063 2990 custos
2110 2925 2234 2990 fuit
2278 2927 2544 3011 eiusque
2587 2925 2822 2991 liberos
2868 2929 3073 3010 misit3
3133 2949 3284 2991 nam

702 3036 767 3089 ct
811 3027 948 3112 ipse
994 3026 1144 3090 Piso
1206 3036 1397 3111 poeta
1454 3027 1579 3092 fuit
1637 3039 1702 3092 et
1754 3027 2114 3092 studiorum
2173 3026 2539 3093 liberalium
2585 3030 2874 3094 antistes'
2927 3030 3286 3115 Porphyrio

694 3149 764 3210 p.
795 3133 919 3193 344
962 3128 1056 3193 ed.
1106 3129 1349 3213 Meyer.
1397 3192 1401 3196 ,
1437 3129 1524 3194 Id
1563 3130 1730 3212 quod
1782 3150 1936 3194 num
1991 3150 2205 3195 verum
2247 3131 2358 3207 sit,
2409 3136 2561 3214 post
2602 3131 2765 3196 alios
2806 3131 2890 3199 A.
2940 3133 3286 3199 Michaelis

699 3230 1299 3313 (Commentationes
1330 3231 1704 3297 Mommsen.
1720 3253 1795 3315 p.
1826 3237 1955 3297 420
1984 3231 2139 3315 sqq.)
2182 3254 2311 3298 non
2354 3234 2489 3298 sine
2533 3254 2730 3298 causa
2761 3234 3091 3300 dubitavit.
3153 3236 3285 3302 Sed

696 3335 807 3416 qui
860 3335 1103 3415 fuerint
1157 3356 1227 3398 re
1289 3355 1443 3398 vera
1508 3334 1611 3398 illi
1672 3333 1945 3399 Pisones
2002 3335 2287 3413 Horatii,
2334 3335 2517 3400 nulla
2580 3337 2712 3400 iam
2766 3342 2979 3419 potest
3034 3340 3285 3403 ratione

698 3437 963 3520 definiri
1014 3441 1075 3501 et
1130 3436 1503 3501 monendum
1561 3441 1652 3501 est
1705 3438 1960 3502 omnino
2012 3437 2236 3519 plures
2289 3437 2568 3521 Auyusti
2625 3444 2831 3503 aetate
2886 3441 3085 3521 fuisse
3139 3440 3283 3507 Cal-

688 3539 967 3620 purnios
1008 3538 1273 3604 Pisones
1313 3561 1505 3622 quam
1560 3539 1766 3604 adhuc
1807 3540 1938 3603 viri
1980 3539 2149 3605 docti
2189 3539 2606 3617 admiserunt,
2650 3546 2724 3605 ut
2767 3547 3038 3625 afflaret
3081 3565 3156 3609 esc
3203 3545 3284 3609 iis

699 3662 859 3722 quac
903 3640 1005 3706 hic
1051 3641 1125 3706 de
1168 3641 1301 3706 illis
1344 3643 1818 3725 composuimus.

833 3761 903 3826 T.
947 3761 1322 3844 sepulcralis
1366 3761 1469 3827 VI
1500 3766 1662 3828 1445
1718 3762 2013 3827 Liciniae
2072 3762 2290 3828 Crassi
2350 3762 2554 3846 Frugi
2614 3763 2999 3849 pontif(icis)
3046 3764 3276 3847 f(iliae)

698 3862 977 3947 Magnae
1021 3864 1098 3929 L.
1147 3864 1402 3930 Pisonis
1461 3864 1782 3951 pontificis
1844 3866 2066 3930 uxoris
2127 3864 2215 3930 ad
2266 3886 2447 3947 quem
2490 3866 2835 3949 pertineat,
2879 3872 3041 3933 certe
3082 3869 3284 3932 statui

698 3967 928 4048 nequit.
1005 3966 1328 4031 Maritum
1355 3968 1543 4033 multi
1567 3973 1869 4046 nostrum,
1904 3989 2027 4034 008.
2060 3990 2119 4032 a.
2152 3973 2294 4044 739,
2341 3966 2799 4045 intellexerunt,
2847 3969 3015 4051 quod
3055 3970 3125 4035 in
3165 3970 3281 4035 hoc

697 4089 823 4133 uno
872 4074 1180 4151 quantum
1235 4069 1441 4134 adhuc
1496 4071 1727 4135 sci'rnus
1786 4072 2079 4158 pontifex
2126 4071 2549 4136 distinctionis
2610 4090 2808 4136 causa
2855 4072 2955 4136 ita
3000 4072 3279 4151 additur,

696 4175 769 4234 ut
827 4176 884 4235 et
942 4172 1013 4235 in
1068 4176 1110 4238 t.
1170 4171 1515 4254 sepulcrali
1573 4172 1729 4237 add-i
1777 4174 2188 4255 manifestum
2246 4178 2353 4238 est.
2454 4172 2699 4238 Contra
2765 4173 2896 4238 dici
2945 4180 3156 4257 potest
3213 4177 3283 4241 in

696 4273 957 4353 familia
1000 4264 1398 4338 Liciniorum
1438 4273 1815 4339 Crassorum
1859 4297 2196 4358 coynomen
2237 4276 2440 4358 Frugi
2485 4296 2614 4340 non
2659 4280 2805 4340 ante
2852 4276 2951 4343 M.
2983 4274 3283 4343 Crassum

695 4374 910 4458 Fruyi
953 4396 1074 4441 coS.
1121 4398 1181 4440 a.
1221 4380 1314 4442 27
1352 4377 1538 4441 nobis
1579 4381 1797 4441 notum
1841 4398 2003 4455 esse,
2064 4378 2161 4442 ita
2200 4382 2274 4442 ut
2316 4378 2640 4442 Licinium
2682 4377 2776 4443 vel
2819 4378 3026 4462 filiam
3067 4379 3164 4445 vel
3208 4402 3284 4444 ex

689 4478 970 4561 posteris
996 4477 1184 4543 huius
1215 4479 1414 4559 fuisse
1445 4479 1847 4544 statuendum
1877 4481 1979 4545 sit.
2033 4479 2118 4544 Id
2144 4479 2311 4562 quod
2339 4500 2479 4544 eum
2507 4480 2645 4544 veri
2669 4480 2944 4546 similius
2969 4481 3279 4560 videatur,

694 4581 966 4646 maritus
1008 4579 1116 4645 ille
1146 4582 1472 4664 posterior
1513 4603 1699 4664 quam
1746 4587 1959 4648 noster
2002 4583 2148 4664 fuit,
2194 4603 2576 4665 quamquam
2620 4587 2888 4649 aetatem
2918 4586 3281 4650 accuratius

695 4682 959 4768 definire
999 4704 1129 4747 non
1173 4684 1334 4748 licet.

566 4803 692 4868 250
734 4812 803 4868 L.
852 4811 1320 4868 CALPVRNIVS
1366 4812 1528 4868 PISO
1575 4814 1804 4869 FRVGI
1850 4814 2305 4870 LICINIANVS.
2405 4805 2636 4871 Tituli:
2691 4807 2827 4888 ipsc
2872 4807 3096 4890 posuit
3138 4828 3276 4872 cum

695 4904 1121 4971 Scriboniano
1151 4908 1359 4988 fratre
1388 4908 1641 4991 cippum
1671 4908 2063 4973 terminalem
2103 4908 2206 4973 VI
2223 4913 2392 4973 1268
2422 4908 2548 4992 (1);
2585 4909 2959 4992 sepulcralis
2992 4910 3282 4975 urbanus

696 5008 831 5072 eius
875 5014 936 5073 et
978 5008 1292 5074 Veraniae
1332 5011 1556 5075 umoris
1597 5009 1953 5075 Bullettino
1996 5010 2323 5076 comunale
2368 5015 2531 5077 1885
2564 5033 2635 5094 p.
2667 5017 2792 5078 102
2834 5034 2897 5076 n.
2934 5016 3103 5078 1026
3147 5010 3281 5097 (2),-

695 5109 955 5194 adoptio
1000 5112 1134 5177 eius
1174 5118 1563 5177 memoratur
1604 5114 1674 5179 in
1718 5115 1877 5182 actis
1920 5113 2263 5180 Arvalium
2306 5135 2366 5183 a.
2398 5120 2476 5183 69
2523 5113 2625 5179 VI
2656 5118 2823 5183 2051
2868 5112 2976 5199 (3).
