<?xml version="1.0" encoding="UTF-8"?>
<!DOCTYPE html PUBLIC "-//W3C//DTD XHTML 1.0 Transitional//EN"
    "http://www.w3.org/TR/xhtml1/DTD/xhtml1-transitional.dtd">
<html xmlns="http://www.w3.org/1999/xhtml" xml:lang="en" lang="en">
 <head>
  <title>
</title>
<meta http-equiv="Content-Type" content="text/html;charset=utf-8" />
  <meta name='ocr-system' content='tesseract 3.04.00' />
  <meta name='ocr-capabilities' content='ocr_page ocr_carea ocr_par ocr_line ocrx_word'/>
</head>
<body>
  <div class='ocr_page' id='page_1' title='image "./prosopographiai01dessgoog_0426.png"; bbox 0 0 3859 5992; ppageno 0'>
   <div class='ocr_carea' id='block_1_1' title="bbox 685 476 3381 541">
    <p class='ocr_par' dir='ltr' id='par_1_1' title="bbox 685 476 3381 541">
     <span class='ocr_line' id='line_1_1' title="bbox 685 476 3381 541; baseline -0.001 0"><span class='ocrx_word' id='word_1_1' title='bbox 685 485 1017 541; x_wconf 84' lang='lat' dir='ltr'><em>CLAVDIA</em></span> <span class='ocrx_word' id='word_1_2' title='bbox 1968 476 2095 541; x_wconf 84' lang='lat'><em>408</em></span> <span class='ocrx_word' id='word_1_3' title='bbox 3060 484 3381 539; x_wconf 82' lang='lat' dir='ltr'><em>CLAVDIA</em></span> 
     </span>
    </p>
   </div>
   <div class='ocr_carea' id='block_1_2' title="bbox 687 581 941 592">
    <p class='ocr_par' dir='ltr' id='par_1_2' title="bbox 687 581 941 592">
     <span class='ocr_line' id='line_1_2' title="bbox 687 581 941 592; baseline 0 0"><span class='ocrx_word' id='word_1_4' title='bbox 687 581 941 592; x_wconf 95' lang='lat' dir='ltr'><em> </em></span> 
     </span>
    </p>
   </div>
   <div class='ocr_carea' id='block_1_3' title="bbox 642 680 3379 5171">
    <p class='ocr_par' dir='ltr' id='par_1_3' title="bbox 784 680 3379 2815">
     <span class='ocr_line' id='line_1_3' title="bbox 801 680 3379 765; baseline -0.002 -17"><span class='ocrx_word' id='word_1_5' title='bbox 801 682 1079 765; x_wconf 86' lang='lat' dir='ltr'><em>scripsit,</em></span> <span class='ocrx_word' id='word_1_6' title='bbox 1123 680 1440 763; x_wconf 83' lang='lat' dir='ltr'><em>refellitur</em></span> <span class='ocrx_word' id='word_1_7' title='bbox 1469 681 1842 746; x_wconf 79' lang='lat' dir='ltr'><em>testimoniis</em></span> <span class='ocrx_word' id='word_1_8' title='bbox 1869 700 2071 765; x_wconf 92' lang='lat' dir='ltr'><em>supra</em></span> <span class='ocrx_word' id='word_1_9' title='bbox 2098 681 2164 746; x_wconf 78' lang='lat' dir='ltr'><strong><em>A</em></strong></span> <span class='ocrx_word' id='word_1_10' title='bbox 2193 686 2320 748; x_wconf 79' lang='lat'><em>259</em></span> <span class='ocrx_word' id='word_1_11' title='bbox 2364 681 2653 747; x_wconf 88' lang='lat' dir='ltr'><em>conlatis.</em></span> <span class='ocrx_word' id='word_1_12' title='bbox 2713 680 2887 747; x_wconf 92' lang='lat' dir='ltr'><em>Vnde</em></span> <span class='ocrx_word' id='word_1_13' title='bbox 2930 685 3198 764; x_wconf 89' lang='lat' dir='ltr'><em>apparet</em></span> <span class='ocrx_word' id='word_1_14' title='bbox 3238 680 3379 745; x_wconf 77' lang='lat' dir='ltr'><em>huic</em></span> 
     </span>
     <span class='ocr_line' id='line_1_4' title="bbox 803 782 3379 867; baseline -0.001 -18"><span class='ocrx_word' id='word_1_15' title='bbox 803 783 1081 850; x_wconf 81' lang='lat' dir='ltr'><em>Aemilio</em></span> <span class='ocrx_word' id='word_1_16' title='bbox 1123 783 1326 849; x_wconf 86' lang='lat' dir='ltr'><em>solum</em></span> <span class='ocrx_word' id='word_1_17' title='bbox 1368 785 1438 849; x_wconf 88' lang='lat' dir='ltr'><em>in</em></span> <span class='ocrx_word' id='word_1_18' title='bbox 1481 784 1612 849; x_wconf 90' lang='lat' dir='ltr'><em>ind.</em></span> <span class='ocrx_word' id='word_1_19' title='bbox 1661 783 1699 849; x_wconf 94' lang='lat' dir='ltr'><em>l.</em></span> <span class='ocrx_word' id='word_1_20' title='bbox 1742 788 1825 849; x_wconf 87' lang='lat'><em>55</em></span> <span class='ocrx_word' id='word_1_21' title='bbox 1868 782 2107 849; x_wconf 85' lang='lat' dir='ltr'><em>Dionis</em></span> <span class='ocrx_word' id='word_1_22' title='bbox 2138 805 2529 867; x_wconf 77' lang='lat' dir='ltr'><em>praenomen</em></span> <span class='ocrx_word' id='word_1_23' title='bbox 2580 784 2789 861; x_wconf 63' lang='lat' dir='ltr'><em>lucii,</em></span> <span class='ocrx_word' id='word_1_24' title='bbox 2835 788 3105 848; x_wconf 89' lang='lat' dir='ltr'><em>ceterum</em></span> <span class='ocrx_word' id='word_1_25' title='bbox 3145 802 3379 866; x_wconf 86' lang='lat' dir='ltr'><em>semper</em></span> 
     </span>
     <span class='ocr_line' id='line_1_5' title="bbox 803 886 3378 969; baseline -0.001 -17"><span class='ocrx_word' id='word_1_26' title='bbox 803 887 1030 952; x_wconf 81' lang='lat' dir='ltr'><em>Paulli</em></span> <span class='ocrx_word' id='word_1_27' title='bbox 1084 886 1356 952; x_wconf 86' lang='lat' dir='ltr'><em>inditum</em></span> <span class='ocrx_word' id='word_1_28' title='bbox 1414 907 1562 953; x_wconf 91' lang='lat' dir='ltr'><em>esse.</em></span> <span class='ocrx_word' id='word_1_29' title='bbox 1641 886 1770 955; x_wconf 79' lang='lat' dir='ltr'><em>Sed</em></span> <span class='ocrx_word' id='word_1_30' title='bbox 1809 889 1938 953; x_wconf 88' lang='lat' dir='ltr'><em>sive</em></span> <span class='ocrx_word' id='word_1_31' title='bbox 1982 888 2221 952; x_wconf 83' lang='lat' dir='ltr'><em>erravit</em></span> <span class='ocrx_word' id='word_1_32' title='bbox 2263 892 2485 952; x_wconf 87' lang='lat' dir='ltr'><em>auctor</em></span> <span class='ocrx_word' id='word_1_33' title='bbox 2528 886 2760 952; x_wconf 87' lang='lat' dir='ltr'><em>indicis</em></span> <span class='ocrx_word' id='word_1_34' title='bbox 2799 887 2929 951; x_wconf 88' lang='lat' dir='ltr'><em>sive</em></span> <span class='ocrx_word' id='word_1_35' title='bbox 2968 886 3073 951; x_wconf 78' lang='lat' dir='ltr'><em>hic</em></span> <span class='ocrx_word' id='word_1_36' title='bbox 3107 886 3378 969; x_wconf 84' lang='lat' dir='ltr'><em>Lepidus</em></span> 
     </span>
     <span class='ocr_line' id='line_1_6' title="bbox 795 988 3375 1074; baseline -0.001 -20"><span class='ocrx_word' id='word_1_37' title='bbox 795 991 1085 1073; x_wconf 86' lang='lat' dir='ltr'><em>primum</em></span> <span class='ocrx_word' id='word_1_38' title='bbox 1126 1011 1198 1055; x_wconf 87' lang='lat' dir='ltr'><em>re</em></span> <span class='ocrx_word' id='word_1_39' title='bbox 1232 1010 1383 1055; x_wconf 88' lang='lat' dir='ltr'><em>vera</em></span> <span class='ocrx_word' id='word_1_40' title='bbox 1414 991 1655 1055; x_wconf 87' lang='lat' dir='ltr'><em>Lucius</em></span> <span class='ocrx_word' id='word_1_41' title='bbox 1686 990 1891 1055; x_wconf 89' lang='lat' dir='ltr'><em>dictus</em></span> <span class='ocrx_word' id='word_1_42' title='bbox 1920 995 2152 1073; x_wconf 87' lang='lat' dir='ltr'><em>postea</em></span> <span class='ocrx_word' id='word_1_43' title='bbox 2192 990 2393 1055; x_wconf 90' lang='lat' dir='ltr'><em>solum</em></span> <span class='ocrx_word' id='word_1_44' title='bbox 2423 1010 2817 1074; x_wconf 78' lang='lat' dir='ltr'><strong><em>praenomen</em></strong></span> <span class='ocrx_word' id='word_1_45' title='bbox 2848 988 3073 1054; x_wconf 80' lang='lat' dir='ltr'><em>Paulli</em></span> <span class='ocrx_word' id='word_1_46' title='bbox 3113 990 3375 1071; x_wconf 65' lang='lat' dir='ltr'><em>denovit,</em></span> 
     </span>
     <span class='ocr_line' id='line_1_7' title="bbox 803 1091 3377 1174; baseline -0.001 -17"><span class='ocrx_word' id='word_1_47' title='bbox 803 1092 1019 1157; x_wconf 79' lang='lat' dir='ltr'><em>debuit</em></span> <span class='ocrx_word' id='word_1_48' title='bbox 1063 1092 1326 1169; x_wconf 85' lang='lat' dir='ltr'><em>libertis,</em></span> <span class='ocrx_word' id='word_1_49' title='bbox 1371 1092 1596 1173; x_wconf 80' lang='lat' dir='ltr'><em>quibus</em></span> <span class='ocrx_word' id='word_1_50' title='bbox 1643 1113 2039 1174; x_wconf 76' lang='lat' dir='ltr'><em>praenomen</em></span> <span class='ocrx_word' id='word_1_51' title='bbox 2079 1091 2292 1158; x_wconf 86' lang='lat' dir='ltr'><em>nobile</em></span> <span class='ocrx_word' id='word_1_52' title='bbox 2340 1112 2469 1157; x_wconf 87' lang='lat' dir='ltr'><em>non</em></span> <span class='ocrx_word' id='word_1_53' title='bbox 2526 1092 2944 1167; x_wconf 87' lang='lat' dir='ltr'><em>conveniebat,</em></span> <span class='ocrx_word' id='word_1_54' title='bbox 2994 1112 3377 1174; x_wconf 78' lang='lat' dir='ltr'><em>praenomen</em></span> 
     </span>
     <span class='ocr_line' id='line_1_8' title="bbox 806 1193 3377 1277; baseline -0.002 -17"><span class='ocrx_word' id='word_1_55' title='bbox 806 1194 987 1260; x_wconf 92' lang='lat' dir='ltr'><em>aliud</em></span> <span class='ocrx_word' id='word_1_56' title='bbox 1008 1197 1079 1260; x_wconf 87' lang='lat' dir='ltr'><em>in</em></span> <span class='ocrx_word' id='word_1_57' title='bbox 1102 1199 1284 1277; x_wconf 75' lang='lat' dir='ltr'><em>yente</em></span> <span class='ocrx_word' id='word_1_58' title='bbox 1312 1214 1434 1259; x_wconf 86' lang='lat' dir='ltr'><em>sua</em></span> <span class='ocrx_word' id='word_1_59' title='bbox 1460 1196 1768 1260; x_wconf 87' lang='lat' dir='ltr'><em>usitatum</em></span> <span class='ocrx_word' id='word_1_60' title='bbox 1801 1195 2096 1271; x_wconf 88' lang='lat' dir='ltr'><em>tribuere,</em></span> <span class='ocrx_word' id='word_1_61' title='bbox 2125 1200 2198 1259; x_wconf 90' lang='lat' dir='ltr'><em>ut</em></span> <span class='ocrx_word' id='word_1_62' title='bbox 2228 1195 2586 1260; x_wconf 88' lang='lat' dir='ltr'><em>tribuerunt</em></span> <span class='ocrx_word' id='word_1_63' title='bbox 2598 1194 2808 1260; x_wconf 82' lang='lat' dir='ltr'><em>Iullus</em></span> <span class='ocrx_word' id='word_1_64' title='bbox 2821 1194 3160 1270; x_wconf 82' lang='lat' dir='ltr'><em>Antonius,</em></span> <span class='ocrx_word' id='word_1_65' title='bbox 3184 1193 3377 1276; x_wconf 80' lang='lat' dir='ltr'><em>Appii</em></span> 
     </span>
     <span class='ocr_line' id='line_1_9' title="bbox 799 1295 3377 1382; baseline -0.001 -20"><span class='ocrx_word' id='word_1_66' title='bbox 799 1296 1078 1382; x_wconf 82' lang='lat' dir='ltr'><em>Claudii,</em></span> <span class='ocrx_word' id='word_1_67' title='bbox 1129 1295 1309 1363; x_wconf 89' lang='lat' dir='ltr'><em>Cossi</em></span> <span class='ocrx_word' id='word_1_68' title='bbox 1333 1296 1595 1369; x_wconf 83' lang='lat' dir='ltr'><em>Lentuli</em></span> <span class='ocrx_word' id='word_1_69' title='bbox 1637 1296 1880 1362; x_wconf 78' lang='lat' dir='ltr'><em>libertis</em></span> <span class='ocrx_word' id='word_1_70' title='bbox 1921 1299 2073 1362; x_wconf 86' lang='lat' dir='ltr'><em>suis.</em></span> <span class='ocrx_word' id='word_1_71' title='bbox 2138 1297 2191 1362; x_wconf 94' lang='lat' dir='ltr'><strong><em>I</em></strong></span> <span class='ocrx_word' id='word_1_72' title='bbox 2185 1302 2360 1380; x_wconf 79' lang='lat' dir='ltr'><em>teque</em></span> <span class='ocrx_word' id='word_1_73' title='bbox 2400 1300 2469 1362; x_wconf 90' lang='lat' dir='ltr'><em>in</em></span> <span class='ocrx_word' id='word_1_74' title='bbox 2503 1319 2574 1363; x_wconf 89' lang='lat' dir='ltr'><em>re</em></span> <span class='ocrx_word' id='word_1_75' title='bbox 2611 1296 2809 1362; x_wconf 83' lang='lat' dir='ltr'><em>dubia</em></span> <span class='ocrx_word' id='word_1_76' title='bbox 2834 1299 2967 1362; x_wconf 87' lang='lat' dir='ltr'><em>veri</em></span> <span class='ocrx_word' id='word_1_77' title='bbox 2992 1295 3377 1361; x_wconf 81' lang='lat' dir='ltr'><em>simillimum</em></span> 
     </span>
     <span class='ocr_line' id='line_1_10' title="bbox 796 1398 3374 1483; baseline 0 -20"><span class='ocrx_word' id='word_1_78' title='bbox 796 1399 1044 1465; x_wconf 86' lang='lat' dir='ltr'><em>videtur</em></span> <span class='ocrx_word' id='word_1_79' title='bbox 1086 1398 1388 1464; x_wconf 90' lang='lat' dir='ltr'><em>Paullum</em></span> <span class='ocrx_word' id='word_1_80' title='bbox 1423 1398 1736 1483; x_wconf 85' lang='lat' dir='ltr'><em>Lepidum</em></span> <span class='ocrx_word' id='word_1_81' title='bbox 1764 1404 1920 1483; x_wconf 90' lang='lat' dir='ltr'><em>post</em></span> <span class='ocrx_word' id='word_1_82' title='bbox 1958 1398 2292 1466; x_wconf 82' lang='lat' dir='ltr'><em>Corneliae</em></span> <span class='ocrx_word' id='word_1_83' title='bbox 2333 1406 2613 1474; x_wconf 85' lang='lat' dir='ltr'><em>mortem,</em></span> <span class='ocrx_word' id='word_1_84' title='bbox 2661 1401 2943 1482; x_wconf 73' lang='lat' dir='ltr'><em>quanwis</em></span> <span class='ocrx_word' id='word_1_85' title='bbox 2987 1403 3194 1463; x_wconf 89' lang='lat' dir='ltr'><em>aetate</em></span> <span class='ocrx_word' id='word_1_86' title='bbox 3222 1419 3374 1480; x_wconf 89' lang='lat' dir='ltr'><em>pro-</em></span> 
     </span>
     <span class='ocr_line' id='line_1_11' title="bbox 795 1499 3375 1585; baseline -0 -20"><span class='ocrx_word' id='word_1_87' title='bbox 795 1506 1035 1566; x_wconf 89' lang='lat' dir='ltr'><em>vectum</em></span> <span class='ocrx_word' id='word_1_88' title='bbox 1073 1500 1462 1566; x_wconf 78' lang='lat' dir='ltr'><em>Marcellam</em></span> <span class='ocrx_word' id='word_1_89' title='bbox 1505 1507 1566 1566; x_wconf 87' lang='lat' dir='ltr'><em>et</em></span> <span class='ocrx_word' id='word_1_90' title='bbox 1605 1503 1911 1567; x_wconf 79' lang='lat' dir='ltr'><em>minorem</em></span> <span class='ocrx_word' id='word_1_91' title='bbox 1945 1502 2196 1585; x_wconf 82' lang='lat' dir='ltr'><em>quidem</em></span> <span class='ocrx_word' id='word_1_92' title='bbox 2237 1505 2307 1568; x_wconf 87' lang='lat' dir='ltr'><em>in</em></span> <span class='ocrx_word' id='word_1_93' title='bbox 2348 1505 2821 1568; x_wconf 84' lang='lat' dir='ltr'><em>matrimonium</em></span> <span class='ocrx_word' id='word_1_94' title='bbox 2865 1502 3135 1567; x_wconf 71' lang='lat' dir='ltr'><em>duxisse.</em></span> <span class='ocrx_word' id='word_1_95' title='bbox 3205 1499 3375 1565; x_wconf 88' lang='lat' dir='ltr'><em>Nam</em></span> 
     </span>
     <span class='ocr_line' id='line_1_12' title="bbox 798 1602 3373 1689; baseline -0.001 -19"><span class='ocrx_word' id='word_1_96' title='bbox 798 1603 873 1670; x_wconf 90' lang='lat' dir='ltr'><em>de</em></span> <span class='ocrx_word' id='word_1_97' title='bbox 919 1605 1019 1671; x_wconf 84' lang='lat' dir='ltr'><em>M.</em></span> <span class='ocrx_word' id='word_1_98' title='bbox 1051 1602 1331 1670; x_wconf 85' lang='lat' dir='ltr'><em>Aemilio</em></span> <span class='ocrx_word' id='word_1_99' title='bbox 1366 1603 1610 1688; x_wconf 87' lang='lat' dir='ltr'><em>Lepido</em></span> <span class='ocrx_word' id='word_1_100' title='bbox 1653 1625 1775 1670; x_wconf 91' lang='lat' dir='ltr'><em>cos.</em></span> <span class='ocrx_word' id='word_1_101' title='bbox 1816 1627 1877 1670; x_wconf 91' lang='lat' dir='ltr'><em>a.</em></span> <span class='ocrx_word' id='word_1_102' title='bbox 1922 1610 1964 1670; x_wconf 84' lang='lat'><strong><em>6</em></strong></span> <span class='ocrx_word' id='word_1_103' title='bbox 1993 1627 2067 1689; x_wconf 89' lang='lat' dir='ltr'><em>p.</em></span> <span class='ocrx_word' id='word_1_104' title='bbox 2109 1604 2202 1683; x_wconf 92' lang='lat' dir='ltr'><em>C.,</em></span> <span class='ocrx_word' id='word_1_105' title='bbox 2250 1607 2356 1670; x_wconf 86' lang='lat' dir='ltr'><em>cui</em></span> <span class='ocrx_word' id='word_1_106' title='bbox 2390 1626 2701 1688; x_wconf 70' lang='lat' dir='ltr'><em>nusquam</em></span> <span class='ocrx_word' id='word_1_107' title='bbox 2734 1604 2959 1670; x_wconf 87' lang='lat' dir='ltr'><em>Paulli</em></span> <span class='ocrx_word' id='word_1_108' title='bbox 2988 1624 3373 1687; x_wconf 82' lang='lat' dir='ltr'><em>praenomen</em></span> 
     </span>
     <span class='ocr_line' id='line_1_13' title="bbox 792 1708 3374 1792; baseline -0.001 -21"><span class='ocrx_word' id='word_1_109' title='bbox 792 1727 1198 1790; x_wconf 73' lang='lat' dir='ltr'><em>coynmnenve</em></span> <span class='ocrx_word' id='word_1_110' title='bbox 1241 1708 1564 1792; x_wconf 80' lang='lat' dir='ltr'><em>tribuitur,</em></span> <span class='ocrx_word' id='word_1_111' title='bbox 1621 1728 1701 1774; x_wconf 91' lang='lat' dir='ltr'><em>ne</em></span> <span class='ocrx_word' id='word_1_112' title='bbox 1745 1713 2015 1792; x_wconf 91' lang='lat' dir='ltr'><em>propter</em></span> <span class='ocrx_word' id='word_1_113' title='bbox 2072 1713 2418 1792; x_wconf 87' lang='lat' dir='ltr'><em>temporum</em></span> <span class='ocrx_word' id='word_1_114' title='bbox 2473 1708 2721 1791; x_wconf 75' lang='lat' dir='ltr'><em>quidem</em></span> <span class='ocrx_word' id='word_1_115' title='bbox 2776 1710 3059 1773; x_wconf 90' lang='lat' dir='ltr'><em>rationes</em></span> <span class='ocrx_word' id='word_1_116' title='bbox 3102 1708 3374 1788; x_wconf 77' lang='lat' dir='ltr'><em>coyitare</em></span> 
     </span>
     <span class='ocr_line' id='line_1_14' title="bbox 796 1808 3372 1893; baseline -0 -19"><span class='ocrx_word' id='word_1_117' title='bbox 796 1808 956 1875; x_wconf 86' lang='lat' dir='ltr'><em>licet.</em></span> <span class='ocrx_word' id='word_1_118' title='bbox 1001 1845 1088 1855; x_wconf 94' lang='lat'>—</span> <span class='ocrx_word' id='word_1_119' title='bbox 1133 1810 1456 1876; x_wconf 86' lang='lat' dir='ltr'><em>Minorem</em></span> <span class='ocrx_word' id='word_1_120' title='bbox 1516 1814 1724 1875; x_wconf 89' lang='lat' dir='ltr'><em>autem</em></span> <span class='ocrx_word' id='word_1_121' title='bbox 1780 1810 2168 1876; x_wconf 84' lang='lat' dir='ltr'><em>Marcellam</em></span> <span class='ocrx_word' id='word_1_122' title='bbox 2222 1810 2449 1876; x_wconf 86' lang='lat' dir='ltr'><em>Paulli</em></span> <span class='ocrx_word' id='word_1_123' title='bbox 2501 1832 2761 1876; x_wconf 73' lang='lat' dir='ltr'><em>uxorem</em></span> <span class='ocrx_word' id='word_1_124' title='bbox 2816 1811 3015 1893; x_wconf 80' lang='lat' dir='ltr'><em>fuisse</em></span> <span class='ocrx_word' id='word_1_125' title='bbox 3068 1830 3146 1874; x_wconf 78' lang='lat' dir='ltr'><em>ex</em></span> <span class='ocrx_word' id='word_1_126' title='bbox 3192 1808 3372 1874; x_wconf 88' lang='lat' dir='ltr'><em>titulo</em></span> 
     </span>
     <span class='ocr_line' id='line_1_15' title="bbox 795 1911 3372 1997; baseline -0.001 -20"><span class='ocrx_word' id='word_1_127' title='bbox 795 1913 928 1977; x_wconf 86' lang='lat' dir='ltr'><em>eius</em></span> <span class='ocrx_word' id='word_1_128' title='bbox 972 1914 1084 1994; x_wconf 77' lang='lat' dir='ltr'><em>qui</em></span> <span class='ocrx_word' id='word_1_129' title='bbox 1138 1917 1602 1979; x_wconf 78' lang='lat' dir='ltr'><em>monumentum</em></span> <span class='ocrx_word' id='word_1_130' title='bbox 1649 1913 2006 1979; x_wconf 83' lang='lat' dir='ltr'><em>Marcellae</em></span> <span class='ocrx_word' id='word_1_131' title='bbox 2050 1914 2361 1980; x_wconf 87' lang='lat' dir='ltr'><em>dedicavit</em></span> <span class='ocrx_word' id='word_1_132' title='bbox 2409 1916 2544 1978; x_wconf 90' lang='lat' dir='ltr'><em>veri</em></span> <span class='ocrx_word' id='word_1_133' title='bbox 2592 1912 2799 1979; x_wconf 82' lang='lat' dir='ltr'><em>simile</em></span> <span class='ocrx_word' id='word_1_134' title='bbox 2840 1913 2987 1997; x_wconf 73' lang='lat' dir='ltr'><em>fieri</em></span> <span class='ocrx_word' id='word_1_135' title='bbox 3029 1911 3372 1976; x_wconf 81' lang='lat' dir='ltr'><em>observavit</em></span> 
     </span>
     <span class='ocr_line' id='line_1_16' title="bbox 792 2013 3369 2099; baseline -0.001 -19"><span class='ocrx_word' id='word_1_136' title='bbox 792 2014 1128 2081; x_wconf 87' lang='lat' dir='ltr'><em>Bormann</em></span> <span class='ocrx_word' id='word_1_137' title='bbox 1187 2015 1364 2099; x_wconf 89' lang='lat' dir='ltr'><em>apud</em></span> <span class='ocrx_word' id='word_1_138' title='bbox 1416 2015 1876 2081; x_wconf 87' lang='lat' dir='ltr'><em>Mommsenum</em></span> <span class='ocrx_word' id='word_1_139' title='bbox 1936 2015 1977 2081; x_wconf 94' lang='lat' dir='ltr'><em>l.</em></span> <span class='ocrx_word' id='word_1_140' title='bbox 2041 2016 2118 2082; x_wconf 91' lang='lat' dir='ltr'><em>l..·</em></span> <span class='ocrx_word' id='word_1_141' title='bbox 2183 2015 2257 2085; x_wconf 90' lang='lat' dir='ltr'><em>C.</em></span> <span class='ocrx_word' id='word_1_142' title='bbox 2321 2015 2637 2083; x_wconf 85' lang='lat' dir='ltr'><em>Claudius</em></span> <span class='ocrx_word' id='word_1_143' title='bbox 2693 2013 3042 2081; x_wconf 78' lang='lat' dir='ltr'><em>Marcellae</em></span> <span class='ocrx_word' id='word_1_144' title='bbox 3105 2014 3369 2078; x_wconf 87' lang='lat' dir='ltr'><em>minoris</em></span> 
     </span>
     <span class='ocr_line' id='line_1_17' title="bbox 792 2113 3368 2204; baseline -0.001 -23"><span class='ocrx_word' id='word_1_145' title='bbox 792 2116 1121 2201; x_wconf 85' lang='lat' dir='ltr'><em>l(ibertus)</em></span> <span class='ocrx_word' id='word_1_146' title='bbox 1167 2117 1397 2184; x_wconf 81' lang='lat' dir='ltr'><em>Phasis</em></span> <span class='ocrx_word' id='word_1_147' title='bbox 1443 2117 1706 2184; x_wconf 87' lang='lat' dir='ltr'><em>decurio</em></span> <span class='ocrx_word' id='word_1_148' title='bbox 1752 2130 2242 2184; x_wconf 87' lang='lat' dir='ltr'><em>monumontum</em></span> <span class='ocrx_word' id='word_1_149' title='bbox 2288 2119 2616 2184; x_wconf 83' lang='lat' dir='ltr'><em>dedicavit</em></span> <span class='ocrx_word' id='word_1_150' title='bbox 2656 2129 2721 2184; x_wconf 87' lang='lat' dir='ltr'><em>et</em></span> <span class='ocrx_word' id='word_1_151' title='bbox 2763 2119 3067 2183; x_wconf 83' lang='lat' dir='ltr'><em>decuriae</em></span> <span class='ocrx_word' id='word_1_152' title='bbox 3111 2113 3368 2204; x_wconf 87' lang='lat' dir='ltr'><em>epulum</em></span> 
     </span>
     <span class='ocr_line' id='line_1_18' title="bbox 793 2218 3370 2305; baseline -0 -22"><span class='ocrx_word' id='word_1_153' title='bbox 793 2218 975 2285; x_wconf 81' lang='lat' dir='ltr'><em>dedit</em></span> <span class='ocrx_word' id='word_1_154' title='bbox 1002 2225 1113 2286; x_wconf 89' lang='lat' dir='ltr'><em>etc.</em></span> <span class='ocrx_word' id='word_1_155' title='bbox 1200 2219 1372 2287; x_wconf 87' lang='lat' dir='ltr'><em>Vnus</em></span> <span class='ocrx_word' id='word_1_156' title='bbox 1413 2220 1575 2285; x_wconf 77' lang='lat' dir='ltr'><em>mihi</em></span> <span class='ocrx_word' id='word_1_157' title='bbox 1610 2226 1811 2286; x_wconf 89' lang='lat' dir='ltr'><em>restat</em></span> <span class='ocrx_word' id='word_1_158' title='bbox 1851 2222 2206 2305; x_wconf 86' lang='lat' dir='ltr'><em>scrupulus,</em></span> <span class='ocrx_word' id='word_1_159' title='bbox 2251 2221 2420 2305; x_wconf 76' lang='lat' dir='ltr'><em>quod</em></span> <span class='ocrx_word' id='word_1_160' title='bbox 2444 2224 2677 2287; x_wconf 85' lang='lat' dir='ltr'><em>mirum</em></span> <span class='ocrx_word' id='word_1_161' title='bbox 2711 2221 2976 2298; x_wconf 83' lang='lat' dir='ltr'><em>videtur,</em></span> <span class='ocrx_word' id='word_1_162' title='bbox 3021 2241 3183 2302; x_wconf 75' lang='lat' dir='ltr'><em>quae</em></span> <span class='ocrx_word' id='word_1_163' title='bbox 3226 2225 3370 2283; x_wconf 86' lang='lat' dir='ltr'><em>tunc</em></span> 
     </span>
     <span class='ocr_line' id='line_1_19' title="bbox 793 2320 3369 2408; baseline -0 -22"><span class='ocrx_word' id='word_1_164' title='bbox 793 2326 971 2386; x_wconf 87' lang='lat' dir='ltr'><em>aetas</em></span> <span class='ocrx_word' id='word_1_165' title='bbox 1014 2342 1143 2387; x_wconf 88' lang='lat' dir='ltr'><em>esse</em></span> <span class='ocrx_word' id='word_1_166' title='bbox 1184 2322 1428 2387; x_wconf 89' lang='lat' dir='ltr'><em>solebat</em></span> <span class='ocrx_word' id='word_1_167' title='bbox 1469 2323 1786 2406; x_wconf 76' lang='lat' dir='ltr'><em>viryinum</em></span> <span class='ocrx_word' id='word_1_168' title='bbox 1825 2323 2196 2387; x_wconf 89' lang='lat' dir='ltr'><em>nubentium</em></span> <span class='ocrx_word' id='word_1_169' title='bbox 2239 2325 2348 2408; x_wconf 82' lang='lat' dir='ltr'><em>(cf.</em></span> <span class='ocrx_word' id='word_1_170' title='bbox 2381 2322 2839 2401; x_wconf 78' lang='lat' dir='ltr'><em>Friedlander,</em></span> <span class='ocrx_word' id='word_1_171' title='bbox 2875 2320 3369 2403; x_wconf 72' lang='lat' dir='ltr'><em>Darstellunyen</em></span> 
     </span>
     <span class='ocr_line' id='line_1_20' title="bbox 799 2423 3368 2509; baseline -0 -21"><span class='ocrx_word' id='word_1_172' title='bbox 799 2440 919 2489; x_wconf 87' lang='lat' dir='ltr'><em>aus</em></span> <span class='ocrx_word' id='word_1_173' title='bbox 949 2423 1063 2489; x_wconf 89' lang='lat' dir='ltr'><em>der</em></span> <span class='ocrx_word' id='word_1_174' title='bbox 1081 2423 1632 2508; x_wconf 73' lang='lat' dir='ltr'><em>Sittcnyeschichte</em></span> <span class='ocrx_word' id='word_1_175' title='bbox 1652 2426 1735 2490; x_wconf 82' lang='lat'><em>1⁶</em></span> <span class='ocrx_word' id='word_1_176' title='bbox 1755 2447 1828 2509; x_wconf 93' lang='lat' dir='ltr'><em>p.</em></span> <span class='ocrx_word' id='word_1_177' title='bbox 1851 2424 2016 2508; x_wconf 84' lang='lat'><em>565),</em></span> <span class='ocrx_word' id='word_1_178' title='bbox 2048 2425 2373 2490; x_wconf 88' lang='lat' dir='ltr'><em>mulierem</em></span> <span class='ocrx_word' id='word_1_179' title='bbox 2401 2426 2825 2491; x_wconf 85' lang='lat' dir='ltr'><em>clarissimam</em></span> <span class='ocrx_word' id='word_1_180' title='bbox 2855 2425 3076 2490; x_wconf 71' lang='lat' dir='ltr'><em>donms</em></span> <span class='ocrx_word' id='word_1_181' title='bbox 3101 2425 3368 2507; x_wconf 90' lang='lat' dir='ltr'><em>impera-</em></span> 
     </span>
     <span class='ocr_line' id='line_1_21' title="bbox 789 2526 3369 2612; baseline 0 -21"><span class='ocrx_word' id='word_1_182' title='bbox 789 2526 996 2593; x_wconf 87' lang='lat' dir='ltr'><em>toriae</em></span> <span class='ocrx_word' id='word_1_183' title='bbox 1049 2527 1279 2610; x_wconf 73' lang='lat' dir='ltr'><em>viqinti</em></span> <span class='ocrx_word' id='word_1_184' title='bbox 1322 2531 1451 2593; x_wconf 90' lang='lat' dir='ltr'><em>tres</em></span> <span class='ocrx_word' id='word_1_185' title='bbox 1492 2528 1627 2610; x_wconf 79' lang='lat' dir='ltr'><em>fere</em></span> <span class='ocrx_word' id='word_1_186' title='bbox 1681 2548 1883 2593; x_wconf 91' lang='lat' dir='ltr'><em>annos</em></span> <span class='ocrx_word' id='word_1_187' title='bbox 1931 2533 2153 2593; x_wconf 89' lang='lat' dir='ltr'><em>natam</em></span> <span class='ocrx_word' id='word_1_188' title='bbox 2195 2531 2481 2612; x_wconf 85' lang='lat' dir='ltr'><em>primum</em></span> <span class='ocrx_word' id='word_1_189' title='bbox 2532 2530 2603 2595; x_wconf 90' lang='lat' dir='ltr'><em>in</em></span> <span class='ocrx_word' id='word_1_190' title='bbox 2657 2527 3133 2593; x_wconf 85' lang='lat' dir='ltr'><em>matrimonium</em></span> <span class='ocrx_word' id='word_1_191' title='bbox 3187 2526 3369 2593; x_wconf 87' lang='lat' dir='ltr'><em>collo-</em></span> 
     </span>
     <span class='ocr_line' id='line_1_22' title="bbox 793 2627 3368 2714; baseline 0 -21"><span class='ocrx_word' id='word_1_192' title='bbox 793 2632 1007 2694; x_wconf 88' lang='lat' dir='ltr'><em>catam</em></span> <span class='ocrx_word' id='word_1_193' title='bbox 1035 2648 1184 2694; x_wconf 85' lang='lat' dir='ltr'><em>esse.</em></span> <span class='ocrx_word' id='word_1_194' title='bbox 1242 2627 1552 2695; x_wconf 84' lang='lat' dir='ltr'><em>Fortasse</em></span> <span class='ocrx_word' id='word_1_195' title='bbox 1581 2630 1782 2713; x_wconf 76' lang='lat' dir='ltr'><em>iyitur</em></span> <span class='ocrx_word' id='word_1_196' title='bbox 1816 2632 2121 2695; x_wconf 87' lang='lat' dir='ltr'><em>maritum</em></span> <span class='ocrx_word' id='word_1_197' title='bbox 2151 2632 2283 2696; x_wconf 87' lang='lat' dir='ltr'><em>iam</em></span> <span class='ocrx_word' id='word_1_198' title='bbox 2319 2631 2519 2697; x_wconf 84' lang='lat' dir='ltr'><em>alium</em></span> <span class='ocrx_word' id='word_1_199' title='bbox 2548 2636 2808 2714; x_wconf 77' lang='lat' dir='ltr'><em>eaperta</em></span> <span class='ocrx_word' id='word_1_200' title='bbox 2843 2631 3076 2713; x_wconf 89' lang='lat' dir='ltr'><em>etipsa</em></span> <span class='ocrx_word' id='word_1_201' title='bbox 3103 2630 3368 2694; x_wconf 87' lang='lat' dir='ltr'><em>iteratas</em></span> 
     </span>
     <span class='ocr_line' id='line_1_23' title="bbox 784 2730 1721 2815; baseline 0.003 -19"><span class='ocrx_word' id='word_1_202' title='bbox 784 2731 1046 2815; x_wconf 83' lang='lat' dir='ltr'><em>nuptias</em></span> <span class='ocrx_word' id='word_1_203' title='bbox 1088 2751 1229 2796; x_wconf 88' lang='lat' dir='ltr'><em>cum</em></span> <span class='ocrx_word' id='word_1_204' title='bbox 1273 2730 1510 2797; x_wconf 91' lang='lat' dir='ltr'><em>Paullo</em></span> <span class='ocrx_word' id='word_1_205' title='bbox 1550 2732 1721 2815; x_wconf 82' lang='lat' dir='ltr'><em>fecit.</em></span> 
     </span>
    </p>

    <p class='ocr_par' dir='ltr' id='par_1_4' title="bbox 750 2833 3369 3838">
     <span class='ocr_line' id='line_1_24' title="bbox 914 2833 3366 2918; baseline 0.001 -19"><span class='ocrx_word' id='word_1_206' title='bbox 914 2833 1300 2899; x_wconf 89' lang='lat' dir='ltr'><em>Marcellam</em></span> <span class='ocrx_word' id='word_1_207' title='bbox 1331 2835 1460 2898; x_wconf 85' lang='lat' dir='ltr'><em>viri</em></span> <span class='ocrx_word' id='word_1_208' title='bbox 1487 2834 1657 2900; x_wconf 89' lang='lat' dir='ltr'><em>docti</em></span> <span class='ocrx_word' id='word_1_209' title='bbox 1695 2834 1814 2899; x_wconf 89' lang='lat' dir='ltr'><em>alii</em></span> <span class='ocrx_word' id='word_1_210' title='bbox 1854 2837 2161 2902; x_wconf 86' lang='lat' dir='ltr'><em>maiorem</em></span> <span class='ocrx_word' id='word_1_211' title='bbox 2206 2837 2326 2902; x_wconf 90' lang='lat' dir='ltr'><em>alii</em></span> <span class='ocrx_word' id='word_1_212' title='bbox 2366 2839 2671 2904; x_wconf 87' lang='lat' dir='ltr'><em>minorem</em></span> <span class='ocrx_word' id='word_1_213' title='bbox 2713 2836 2949 2902; x_wconf 86' lang='lat' dir='ltr'><em>dudum</em></span> <span class='ocrx_word' id='word_1_214' title='bbox 2991 2836 3366 2918; x_wconf 71' lang='lat' dir='ltr'><em>colleyeiunt</em></span> 
     </span>
     <span class='ocr_line' id='line_1_25' title="bbox 783 2935 3369 3023; baseline 0.002 -23"><span class='ocrx_word' id='word_1_215' title='bbox 783 2937 1072 3020; x_wconf 63' lang='lat' dir='ltr'><em>mmsis-se</em></span> <span class='ocrx_word' id='word_1_216' title='bbox 1132 2937 1232 3001; x_wconf 91' lang='lat' dir='ltr'><em>M.</em></span> <span class='ocrx_word' id='word_1_217' title='bbox 1295 2935 1548 3003; x_wconf 88' lang='lat' dir='ltr'><em>Valerio</em></span> <span class='ocrx_word' id='word_1_218' title='bbox 1593 2937 1943 3003; x_wconf 86' lang='lat' dir='ltr'><em>Messallae</em></span> <span class='ocrx_word' id='word_1_219' title='bbox 1984 2937 2279 3005; x_wconf 86' lang='lat' dir='ltr'><em>Barbato</em></span> <span class='ocrx_word' id='word_1_220' title='bbox 2338 2960 2458 3005; x_wconf 87' lang='lat' dir='ltr'><em>cos.</em></span> <span class='ocrx_word' id='word_1_221' title='bbox 2506 2962 2567 3005; x_wconf 91' lang='lat' dir='ltr'><em>a.</em></span> <span class='ocrx_word' id='word_1_222' title='bbox 2616 2947 2743 3008; x_wconf 79' lang='lat'><em>&#39;742</em></span> <span class='ocrx_word' id='word_1_223' title='bbox 2783 2971 2865 2994; x_wconf 90' lang='lat'><strong><em>=</em></strong></span> <span class='ocrx_word' id='word_1_224' title='bbox 2910 2945 2999 3006; x_wconf 79' lang='lat'><em>12</em></span> <span class='ocrx_word' id='word_1_225' title='bbox 3043 2962 3104 3005; x_wconf 91' lang='lat' dir='ltr'><em>a.</em></span> <span class='ocrx_word' id='word_1_226' title='bbox 3144 2939 3213 3004; x_wconf 91' lang='lat' dir='ltr'><em>C.</em></span> <span class='ocrx_word' id='word_1_227' title='bbox 3257 2942 3369 3023; x_wconf 82' lang='lat' dir='ltr'><em>qui</em></span> 
     </span>
     <span class='ocr_line' id='line_1_26' title="bbox 782 3038 3365 3129; baseline 0.002 -25"><span class='ocrx_word' id='word_1_228' title='bbox 782 3038 854 3104; x_wconf 87' lang='lat' dir='ltr'><em>in</em></span> <span class='ocrx_word' id='word_1_229' title='bbox 895 3038 1228 3104; x_wconf 88' lang='lat' dir='ltr'><em>consulatu</em></span> <span class='ocrx_word' id='word_1_230' title='bbox 1268 3043 1554 3104; x_wconf 87' lang='lat' dir='ltr'><em>mortuus</em></span> <span class='ocrx_word' id='word_1_231' title='bbox 1597 3045 1689 3105; x_wconf 90' lang='lat' dir='ltr'><em>est</em></span> <span class='ocrx_word' id='word_1_232' title='bbox 1737 3041 1924 3125; x_wconf 81' lang='lat' dir='ltr'><em>(fasti</em></span> <span class='ocrx_word' id='word_1_233' title='bbox 1963 3039 2359 3129; x_wconf 80' lang='lat' dir='ltr'><em>Capitolini),</em></span> <span class='ocrx_word' id='word_1_234' title='bbox 2413 3043 2581 3126; x_wconf 72' lang='lat' dir='ltr'><em>quod</em></span> <span class='ocrx_word' id='word_1_235' title='bbox 2623 3044 2964 3111; x_wconf 80' lang='lat' dir='ltr'><em>Suetonius</em></span> <span class='ocrx_word' id='word_1_236' title='bbox 3004 3042 3236 3108; x_wconf 83' lang='lat' dir='ltr'><em>Claud.</em></span> <span class='ocrx_word' id='word_1_237' title='bbox 3280 3048 3365 3109; x_wconf 80' lang='lat'><em>26</em></span> 
     </span>
     <span class='ocr_line' id='line_1_27' title="bbox 782 3140 3364 3212; baseline 0.002 -8"><span class='ocrx_word' id='word_1_238' title='bbox 782 3140 1027 3206; x_wconf 82' lang='lat' dir='ltr'><em>rettulit</em></span> <span class='ocrx_word' id='word_1_239' title='bbox 1085 3140 1433 3207; x_wconf 89' lang='lat' dir='ltr'><em>Claudium</em></span> <span class='ocrx_word' id='word_1_240' title='bbox 1491 3141 1756 3207; x_wconf 87' lang='lat' dir='ltr'><em>duxisse</em></span> <span class='ocrx_word' id='word_1_241' title='bbox 1816 3142 2148 3209; x_wconf 82' lang='lat' dir='ltr'><em>Valeriam</em></span> <span class='ocrx_word' id='word_1_242' title='bbox 2206 3145 2625 3212; x_wconf 81' lang='lat' dir='ltr'><em>Messalinam</em></span> <span class='ocrx_word' id='word_1_243' title='bbox 2690 3145 2959 3212; x_wconf 86' lang='lat' dir='ltr'><em>Barbati</em></span> <span class='ocrx_word' id='word_1_244' title='bbox 3027 3144 3364 3210; x_wconf 82' lang='lat' dir='ltr'><em>Messallae</em></span> 
     </span>
     <span class='ocr_line' id='line_1_28' title="bbox 785 3241 3363 3330; baseline 0.003 -25"><span class='ocrx_word' id='word_1_245' title='bbox 785 3241 1153 3307; x_wconf 86' lang='lat' dir='ltr'><em>consobrini</em></span> <span class='ocrx_word' id='word_1_246' title='bbox 1199 3246 1300 3309; x_wconf 90' lang='lat' dir='ltr'><em>sui</em></span> <span class='ocrx_word' id='word_1_247' title='bbox 1345 3242 1564 3312; x_wconf 86' lang='lat' dir='ltr'><em>filiam.</em></span> <span class='ocrx_word' id='word_1_248' title='bbox 1652 3245 1862 3327; x_wconf 80' lang='lat' dir='ltr'><em>Atque</em></span> <span class='ocrx_word' id='word_1_249' title='bbox 1915 3251 2135 3311; x_wconf 76' lang='lat' dir='ltr'><em>extant</em></span> <span class='ocrx_word' id='word_1_250' title='bbox 2192 3248 2367 3313; x_wconf 90' lang='lat' dir='ltr'><em>tituli</em></span> <span class='ocrx_word' id='word_1_251' title='bbox 2404 3269 2725 3315; x_wconf 84' lang='lat' dir='ltr'><em>servorum</em></span> <span class='ocrx_word' id='word_1_252' title='bbox 2769 3249 3256 3330; x_wconf 77' lang='lat' dir='ltr'><em>libertorumque</em></span> <span class='ocrx_word' id='word_1_253' title='bbox 3298 3249 3363 3312; x_wconf 87' lang='lat' dir='ltr'><em>in</em></span> 
     </span>
     <span class='ocr_line' id='line_1_29' title="bbox 782 3346 3366 3419; baseline 0.003 -10"><span class='ocrx_word' id='word_1_254' title='bbox 782 3350 1180 3411; x_wconf 88' lang='lat' dir='ltr'><em>monumento</em></span> <span class='ocrx_word' id='word_1_255' title='bbox 1221 3346 1577 3413; x_wconf 86' lang='lat' dir='ltr'><em>Marcellae</em></span> <span class='ocrx_word' id='word_1_256' title='bbox 1621 3352 1681 3413; x_wconf 91' lang='lat' dir='ltr'><em>et</em></span> <span class='ocrx_word' id='word_1_257' title='bbox 1724 3348 1825 3416; x_wconf 88' lang='lat' dir='ltr'><em>M.</em></span> <span class='ocrx_word' id='word_1_258' title='bbox 1867 3348 2111 3415; x_wconf 88' lang='lat' dir='ltr'><em>Valerii</em></span> <span class='ocrx_word' id='word_1_259' title='bbox 2152 3351 2501 3417; x_wconf 88' lang='lat' dir='ltr'><em>Messallae</em></span> <span class='ocrx_word' id='word_1_260' title='bbox 2545 3358 2604 3417; x_wconf 87' lang='lat' dir='ltr'><em>et</em></span> <span class='ocrx_word' id='word_1_261' title='bbox 2649 3353 2942 3419; x_wconf 86' lang='lat' dir='ltr'><em>Valeriae</em></span> <span class='ocrx_word' id='word_1_262' title='bbox 2973 3350 3366 3417; x_wconf 86' lang='lat' dir='ltr'><em>Messalinae</em></span> 
     </span>
     <span class='ocr_line' id='line_1_30' title="bbox 790 3446 3363 3538; baseline 0.003 -26"><span class='ocrx_word' id='word_1_263' title='bbox 790 3446 896 3513; x_wconf 94' lang='lat' dir='ltr'><em>VI</em></span> <span class='ocrx_word' id='word_1_264' title='bbox 914 3470 989 3531; x_wconf 91' lang='lat' dir='ltr'><em>p.</em></span> <span class='ocrx_word' id='word_1_265' title='bbox 1028 3452 1175 3525; x_wconf 85' lang='lat'><em>909,</em></span> <span class='ocrx_word' id='word_1_266' title='bbox 1235 3449 1402 3514; x_wconf 90' lang='lat' dir='ltr'><em>unde</em></span> <span class='ocrx_word' id='word_1_267' title='bbox 1446 3448 1912 3517; x_wconf 73' lang='lat' dir='ltr'><em>demonstratur</em></span> <span class='ocrx_word' id='word_1_268' title='bbox 1956 3452 2311 3519; x_wconf 76' lang='lat' dir='ltr'><em>Marcellus</em></span> <span class='ocrx_word' id='word_1_269' title='bbox 2352 3457 2720 3521; x_wconf 87' lang='lat' dir='ltr'><em>coniunctas</em></span> <span class='ocrx_word' id='word_1_270' title='bbox 2761 3456 2959 3538; x_wconf 74' lang='lat' dir='ltr'><em>fuisse</em></span> <span class='ocrx_word' id='word_1_271' title='bbox 3003 3475 3142 3521; x_wconf 82' lang='lat' dir='ltr'><em>cum</em></span> <span class='ocrx_word' id='word_1_272' title='bbox 3187 3454 3363 3519; x_wconf 87' lang='lat' dir='ltr'><em>domo</em></span> 
     </span>
     <span class='ocr_line' id='line_1_31' title="bbox 750 3549 3364 3640; baseline 0.002 -26"><span class='ocrx_word' id='word_1_273' title='bbox 750 3549 1037 3615; x_wconf 90' lang='lat' dir='ltr'><em>·Valerii</em></span> <span class='ocrx_word' id='word_1_274' title='bbox 1092 3549 1461 3616; x_wconf 88' lang='lat' dir='ltr'><em>Messallae.</em></span> <span class='ocrx_word' id='word_1_275' title='bbox 1551 3552 1778 3636; x_wconf 79' lang='lat' dir='ltr'><em>Itaque</em></span> <span class='ocrx_word' id='word_1_276' title='bbox 1833 3554 1972 3619; x_wconf 89' lang='lat' dir='ltr'><em>veri</em></span> <span class='ocrx_word' id='word_1_277' title='bbox 2020 3556 2228 3621; x_wconf 76' lang='lat' dir='ltr'><em>simile</em></span> <span class='ocrx_word' id='word_1_278' title='bbox 2284 3562 2376 3621; x_wconf 91' lang='lat' dir='ltr'><em>est</em></span> <span class='ocrx_word' id='word_1_279' title='bbox 2430 3558 2735 3624; x_wconf 89' lang='lat' dir='ltr'><em>minorem</em></span> <span class='ocrx_word' id='word_1_280' title='bbox 2782 3557 3167 3624; x_wconf 75' lang='lat' dir='ltr'><em>Marcellam</em></span> <span class='ocrx_word' id='word_1_281' title='bbox 3212 3560 3364 3640; x_wconf 84' lang='lat' dir='ltr'><em>post</em></span> 
     </span>
     <span class='ocr_line' id='line_1_32' title="bbox 780 3651 3363 3744; baseline 0.002 -27"><span class='ocrx_word' id='word_1_282' title='bbox 780 3651 1005 3718; x_wconf 86' lang='lat' dir='ltr'><em>Paulli</em></span> <span class='ocrx_word' id='word_1_283' title='bbox 1059 3658 1323 3720; x_wconf 87' lang='lat' dir='ltr'><em>mortem</em></span> <span class='ocrx_word' id='word_1_284' title='bbox 1377 3656 1664 3738; x_wconf 87' lang='lat' dir='ltr'><em>nupsisse</em></span> <span class='ocrx_word' id='word_1_285' title='bbox 1724 3657 1825 3721; x_wconf 91' lang='lat' dir='ltr'><em>M.</em></span> <span class='ocrx_word' id='word_1_286' title='bbox 1885 3656 2140 3724; x_wconf 86' lang='lat' dir='ltr'><em>Valerio</em></span> <span class='ocrx_word' id='word_1_287' title='bbox 2205 3660 2555 3726; x_wconf 87' lang='lat' dir='ltr'><em>Messallae</em></span> <span class='ocrx_word' id='word_1_288' title='bbox 2612 3661 2941 3740; x_wconf 64' lang='lat' dir='ltr'><em>Barbam,</em></span> <span class='ocrx_word' id='word_1_289' title='bbox 2991 3661 3182 3744; x_wconf 85' lang='lat' dir='ltr'><em>patri</em></span> <span class='ocrx_word' id='word_1_290' title='bbox 3237 3659 3363 3744; x_wconf 73' lang='lat' dir='ltr'><em>filii</em></span> 
     </span>
     <span class='ocr_line' id='line_1_33' title="bbox 777 3756 2691 3838; baseline 0.007 -19"><span class='ocrx_word' id='word_1_291' title='bbox 777 3756 1181 3838; x_wconf 76' lang='lat' dir='ltr'><em>coynominis,</em></span> <span class='ocrx_word' id='word_1_292' title='bbox 1222 3777 1340 3821; x_wconf 85' lang='lat' dir='ltr'><em>avo</em></span> <span class='ocrx_word' id='word_1_293' title='bbox 1388 3756 1683 3823; x_wconf 88' lang='lat' dir='ltr'><em>Valeriae</em></span> <span class='ocrx_word' id='word_1_294' title='bbox 1729 3759 2124 3838; x_wconf 77' lang='lat' dir='ltr'><em>Messalinae</em></span> <span class='ocrx_word' id='word_1_295' title='bbox 2158 3764 2381 3828; x_wconf 77' lang='lat' dir='ltr'><em>uxoris</em></span> <span class='ocrx_word' id='word_1_296' title='bbox 2411 3762 2691 3833; x_wconf 86' lang='lat' dir='ltr'><em>Claudii.</em></span> 
     </span>
    </p>

    <p class='ocr_par' dir='ltr' id='par_1_5' title="bbox 650 3856 3360 4053">
     <span class='ocr_line' id='line_1_34' title="bbox 650 3856 3360 3951; baseline 0.004 -30"><span class='ocrx_word' id='word_1_297' title='bbox 650 3856 776 3923; x_wconf 85' lang='lat'><em>867</em></span> <span class='ocrx_word' id='word_1_298' title='bbox 824 3867 1157 3923; x_wconf 73' lang='lat' dir='ltr'><em>cLAva</em></span> <span class='ocrx_word' id='word_1_299' title='bbox 1179 3868 1697 3926; x_wconf 76' lang='lat' dir='ltr'><em>MARCELLINA.</em></span> <span class='ocrx_word' id='word_1_300' title='bbox 1730 3861 1931 3928; x_wconf 67' lang='lat' dir='ltr'><em>muli</em></span> <span class='ocrx_word' id='word_1_301' title='bbox 1957 3863 2362 3930; x_wconf 74' lang='lat' dir='ltr'><em>Veronenses:</em></span> <span class='ocrx_word' id='word_1_302' title='bbox 2385 3868 2529 3950; x_wconf 72' lang='lat' dir='ltr'><em>ipsa</em></span> <span class='ocrx_word' id='word_1_303' title='bbox 2536 3870 2758 3951; x_wconf 75' lang='lat' dir='ltr'><em>posuit</em></span> <span class='ocrx_word' id='word_1_304' title='bbox 2776 3870 3011 3934; x_wconf 73' lang='lat' dir='ltr'><em>marito</em></span> <span class='ocrx_word' id='word_1_305' title='bbox 3028 3866 3258 3932; x_wconf 84' lang='lat' dir='ltr'><em>V3336</em></span> <span class='ocrx_word' id='word_1_306' title='bbox 3270 3862 3360 3951; x_wconf 88' lang='lat'><em>(1)</em></span> 
     </span>
     <span class='ocr_line' id='line_1_35' title="bbox 781 3960 3211 4053; baseline 0.005 -30"><span class='ocrx_word' id='word_1_307' title='bbox 781 3964 928 4024; x_wconf 87' lang='lat' dir='ltr'><em>ante</em></span> <span class='ocrx_word' id='word_1_308' title='bbox 973 3960 1372 4043; x_wconf 88' lang='lat' dir='ltr'><em>adoptionem</em></span> <span class='ocrx_word' id='word_1_309' title='bbox 1416 3964 1567 4041; x_wconf 69' lang='lat' dir='ltr'><em>eius,</em></span> <span class='ocrx_word' id='word_1_310' title='bbox 1611 3983 1825 4029; x_wconf 85' lang='lat' dir='ltr'><em>socero</em></span> <span class='ocrx_word' id='word_1_311' title='bbox 1870 3964 2117 4031; x_wconf 83' lang='lat' dir='ltr'><em>V3337</em></span> <span class='ocrx_word' id='word_1_312' title='bbox 2142 3968 2258 4052; x_wconf 79' lang='lat'><em>(2),</em></span> <span class='ocrx_word' id='word_1_313' title='bbox 2306 3970 2366 4033; x_wconf 89' lang='lat' dir='ltr'><em>ei</em></span> <span class='ocrx_word' id='word_1_314' title='bbox 2407 3969 2733 4036; x_wconf 89' lang='lat' dir='ltr'><em>dedicatus</em></span> <span class='ocrx_word' id='word_1_315' title='bbox 2773 3974 2862 4035; x_wconf 92' lang='lat' dir='ltr'><em>est</em></span> <span class='ocrx_word' id='word_1_316' title='bbox 2901 3973 3065 4035; x_wconf 85' lang='lat'><strong><em>3338</em></strong></span> <span class='ocrx_word' id='word_1_317' title='bbox 3102 3968 3211 4053; x_wconf 87' lang='lat'><em>(3).</em></span> 
     </span>
    </p>

    <p class='ocr_par' dir='ltr' id='par_1_6' title="bbox 772 4061 3356 4453">
     <span class='ocr_line' id='line_1_36' title="bbox 905 4061 3356 4159; baseline 0.004 -32"><span class='ocrx_word' id='word_1_318' title='bbox 905 4061 1008 4128; x_wconf 90' lang='lat' dir='ltr'><em>Ti.</em></span> <span class='ocrx_word' id='word_1_319' title='bbox 1054 4063 1187 4129; x_wconf 89' lang='lat' dir='ltr'><em>filia</em></span> <span class='ocrx_word' id='word_1_320' title='bbox 1230 4070 1272 4130; x_wconf 87' lang='lat' dir='ltr'><em>t.</em></span> <span class='ocrx_word' id='word_1_321' title='bbox 1317 4071 1376 4131; x_wconf 89' lang='lat'><em>1.</em></span> <span class='ocrx_word' id='word_1_322' title='bbox 1417 4070 1483 4133; x_wconf 75' lang='lat'><em>2.</em></span> <span class='ocrx_word' id='word_1_323' title='bbox 1530 4072 1592 4145; x_wconf 87' lang='lat'><em>3,</em></span> <span class='ocrx_word' id='word_1_324' title='bbox 1639 4090 1810 4133; x_wconf 82' lang='lat' dir='ltr'><em>uxor</em></span> <span class='ocrx_word' id='word_1_325' title='bbox 1854 4068 1977 4152; x_wconf 80' lang='lat' dir='ltr'><em>[Ti.</em></span> <span class='ocrx_word' id='word_1_326' title='bbox 2011 4069 2293 4155; x_wconf 84' lang='lat' dir='ltr'><em>Claudii]</em></span> <span class='ocrx_word' id='word_1_327' title='bbox 2340 4070 2564 4158; x_wconf 89' lang='lat' dir='ltr'><em>Alpini</em></span> <span class='ocrx_word' id='word_1_328' title='bbox 2613 4078 2655 4138; x_wconf 98' lang='lat' dir='ltr'><em>t.</em></span> <span class='ocrx_word' id='word_1_329' title='bbox 2694 4079 2753 4149; x_wconf 88' lang='lat'><em>1,</em></span> <span class='ocrx_word' id='word_1_330' title='bbox 2799 4075 2910 4159; x_wconf 90' lang='lat' dir='ltr'><em>qui</em></span> <span class='ocrx_word' id='word_1_331' title='bbox 2955 4084 3181 4159; x_wconf 85' lang='lat' dir='ltr'><em>postea</em></span> <span class='ocrx_word' id='word_1_332' title='bbox 3223 4072 3356 4156; x_wconf 91' lang='lat' dir='ltr'><em>(L.)</em></span> 
     </span>
     <span class='ocr_line' id='line_1_37' title="bbox 776 4164 3351 4259; baseline 0.003 -28"><span class='ocrx_word' id='word_1_333' title='bbox 776 4164 1084 4231; x_wconf 87' lang='lat' dir='ltr'><em>Bellicius</em></span> <span class='ocrx_word' id='word_1_334' title='bbox 1132 4166 1371 4232; x_wconf 84' lang='lat' dir='ltr'><em>Sollers</em></span> <span class='ocrx_word' id='word_1_335' title='bbox 1420 4173 1461 4233; x_wconf 86' lang='lat' dir='ltr'><em>t.</em></span> <span class='ocrx_word' id='word_1_336' title='bbox 1505 4174 1548 4232; x_wconf 84' lang='lat'><em>3</em></span> <span class='ocrx_word' id='word_1_337' title='bbox 1590 4170 1753 4253; x_wconf 83' lang='lat' dir='ltr'><em>(vide</em></span> <span class='ocrx_word' id='word_1_338' title='bbox 1795 4192 1996 4254; x_wconf 78' lang='lat' dir='ltr'><em>supra</em></span> <span class='ocrx_word' id='word_1_339' title='bbox 2037 4171 2106 4236; x_wconf 91' lang='lat' dir='ltr'><em>B</em></span> <span class='ocrx_word' id='word_1_340' title='bbox 2142 4173 2265 4251; x_wconf 78' lang='lat'><em>85),</em></span> <span class='ocrx_word' id='word_1_341' title='bbox 2314 4197 2518 4240; x_wconf 86' lang='lat' dir='ltr'><em>nurus</em></span> <span class='ocrx_word' id='word_1_342' title='bbox 2562 4176 2664 4242; x_wconf 88' lang='lat' dir='ltr'><em>Ti.</em></span> <span class='ocrx_word' id='word_1_343' title='bbox 2697 4175 2954 4242; x_wconf 84' lang='lat' dir='ltr'><em>Claudii</em></span> <span class='ocrx_word' id='word_1_344' title='bbox 2988 4176 3351 4259; x_wconf 77' lang='lat' dir='ltr'><em>Augustani</em></span> 
     </span>
     <span class='ocr_line' id='line_1_38' title="bbox 778 4268 3350 4360; baseline 0.004 -27"><span class='ocrx_word' id='word_1_345' title='bbox 778 4272 821 4333; x_wconf 89' lang='lat' dir='ltr'><em>t.</em></span> <span class='ocrx_word' id='word_1_346' title='bbox 853 4273 920 4335; x_wconf 80' lang='lat'><em>2.</em></span> <span class='ocrx_word' id='word_1_347' title='bbox 953 4305 1031 4314; x_wconf 94' lang='lat'><strong>—</strong></span> <span class='ocrx_word' id='word_1_348' title='bbox 1078 4268 1326 4334; x_wconf 86' lang='lat' dir='ltr'><em>Eadem</em></span> <span class='ocrx_word' id='word_1_349' title='bbox 1371 4269 1649 4336; x_wconf 88' lang='lat' dir='ltr'><em>Claudia</em></span> <span class='ocrx_word' id='word_1_350' title='bbox 1687 4272 2073 4339; x_wconf 89' lang='lat' dir='ltr'><em>Marcellina</em></span> <span class='ocrx_word' id='word_1_351' title='bbox 2114 4277 2184 4340; x_wconf 88' lang='lat' dir='ltr'><em>in</em></span> <span class='ocrx_word' id='word_1_352' title='bbox 2229 4276 2454 4359; x_wconf 76' lang='lat' dir='ltr'><em>teyulis</em></span> <span class='ocrx_word' id='word_1_353' title='bbox 2493 4278 2765 4345; x_wconf 72' lang='lat' dir='ltr'><em>urbanis</em></span> <span class='ocrx_word' id='word_1_354' title='bbox 2789 4278 2865 4344; x_wconf 90' lang='lat' dir='ltr'><strong>X</strong></span> <span class='ocrx_word' id='word_1_355' title='bbox 2877 4278 2938 4344; x_wconf 86' lang='lat' dir='ltr'><em>V</em></span> <span class='ocrx_word' id='word_1_356' title='bbox 2954 4282 3076 4343; x_wconf 77' lang='lat'><em>934</em></span> <span class='ocrx_word' id='word_1_357' title='bbox 3118 4300 3174 4345; x_wconf 88' lang='lat' dir='ltr'><em>a.</em></span> <span class='ocrx_word' id='word_1_358' title='bbox 3211 4281 3350 4360; x_wconf 88' lang='lat'><em>123,</em></span> 
     </span>
     <span class='ocr_line' id='line_1_39' title="bbox 772 4371 1620 4453; baseline 0.006 -19"><span class='ocrx_word' id='word_1_359' title='bbox 772 4372 899 4435; x_wconf 85' lang='lat'><em>935</em></span> <span class='ocrx_word' id='word_1_360' title='bbox 942 4393 998 4434; x_wconf 87' lang='lat' dir='ltr'><em>a.</em></span> <span class='ocrx_word' id='word_1_361' title='bbox 1037 4371 1178 4453; x_wconf 80' lang='lat'><em>125,</em></span> <span class='ocrx_word' id='word_1_362' title='bbox 1224 4375 1347 4436; x_wconf 87' lang='lat'><em>936</em></span> <span class='ocrx_word' id='word_1_363' title='bbox 1388 4396 1447 4437; x_wconf 88' lang='lat' dir='ltr'><em>a.</em></span> <span class='ocrx_word' id='word_1_364' title='bbox 1482 4374 1620 4439; x_wconf 83' lang='lat'><em>126.</em></span> 
     </span>
    </p>

    <p class='ocr_par' dir='ltr' id='par_1_7' title="bbox 645 4470 3357 4759">
     <span class='ocr_line' id='line_1_40' title="bbox 645 4470 3357 4565; baseline 0.006 -31"><span class='ocrx_word' id='word_1_365' title='bbox 645 4470 771 4535; x_wconf 85' lang='lat'><em>868</em></span> <span class='ocrx_word' id='word_1_366' title='bbox 817 4480 1146 4535; x_wconf 84' lang='lat' dir='ltr'><strong>CLAVDIA</strong></span> <span class='ocrx_word' id='word_1_367' title='bbox 1191 4482 1596 4559; x_wconf 85' lang='lat' dir='ltr'><em>MARCIOLA,</em></span> <span class='ocrx_word' id='word_1_368' title='bbox 1660 4500 1826 4542; x_wconf 86' lang='lat' dir='ltr'><em>uxor</em></span> <span class='ocrx_word' id='word_1_369' title='bbox 1883 4478 1986 4544; x_wconf 89' lang='lat' dir='ltr'><em>Ti.</em></span> <span class='ocrx_word' id='word_1_370' title='bbox 2034 4479 2292 4546; x_wconf 80' lang='lat' dir='ltr'><em>Claudii</em></span> <span class='ocrx_word' id='word_1_371' title='bbox 2354 4481 2631 4565; x_wconf 88' lang='lat' dir='ltr'><em>Paulini,</em></span> <span class='ocrx_word' id='word_1_372' title='bbox 2694 4494 2900 4549; x_wconf 85' lang='lat' dir='ltr'><em>mater</em></span> <span class='ocrx_word' id='word_1_373' title='bbox 2942 4484 3044 4549; x_wconf 86' lang='lat' dir='ltr'><em>Ti.</em></span> <span class='ocrx_word' id='word_1_374' title='bbox 3100 4484 3357 4551; x_wconf 82' lang='lat' dir='ltr'><em>Claudii</em></span> 
     </span>
     <span class='ocr_line' id='line_1_41' title="bbox 773 4573 3356 4667; baseline 0.007 -31"><span class='ocrx_word' id='word_1_375' title='bbox 773 4573 1068 4659; x_wconf 83' lang='lat' dir='ltr'><em>Flaviani</em></span> <span class='ocrx_word' id='word_1_376' title='bbox 1112 4582 1501 4641; x_wconf 88' lang='lat' dir='ltr'><em>memoratur</em></span> <span class='ocrx_word' id='word_1_377' title='bbox 1538 4578 1611 4642; x_wconf 89' lang='lat' dir='ltr'><em>in</em></span> <span class='ocrx_word' id='word_1_378' title='bbox 1654 4584 1697 4642; x_wconf 87' lang='lat' dir='ltr'><em>t.</em></span> <span class='ocrx_word' id='word_1_379' title='bbox 1738 4578 2102 4663; x_wconf 77' lang='lat' dir='ltr'><em>Cibyratico</em></span> <span class='ocrx_word' id='word_1_380' title='bbox 2146 4584 2272 4667; x_wconf 75' lang='lat' dir='ltr'><em>filii</em></span> <span class='ocrx_word' id='word_1_381' title='bbox 2314 4582 2416 4650; x_wconf 90' lang='lat' dir='ltr'><em>CI</em></span> <span class='ocrx_word' id='word_1_382' title='bbox 2415 4585 2478 4651; x_wconf 78' lang='lat' dir='ltr'><strong><em>G</em></strong></span> <span class='ocrx_word' id='word_1_383' title='bbox 2512 4590 2680 4650; x_wconf 79' lang='lat'><em>4380</em></span> <span class='ocrx_word' id='word_1_384' title='bbox 2698 4587 2733 4651; x_wconf 93' lang='lat' dir='ltr'><em>b</em></span> <span class='ocrx_word' id='word_1_385' title='bbox 2754 4586 2779 4624; x_wconf 79' lang='lat'>²</span> <span class='ocrx_word' id='word_1_386' title='bbox 2826 4585 2974 4653; x_wconf 90' lang='lat' dir='ltr'><em>add.</em></span> <span class='ocrx_word' id='word_1_387' title='bbox 3006 4617 3090 4642; x_wconf 94' lang='lat'><strong><em>=</em></strong></span> <span class='ocrx_word' id='word_1_388' title='bbox 3120 4589 3356 4653; x_wconf 88' lang='lat' dir='ltr'><em>Lebas-</em></span> 
     </span>
     <span class='ocr_line' id='line_1_42' title="bbox 783 4674 1437 4759; baseline 0.006 -18"><span class='ocrx_word' id='word_1_389' title='bbox 783 4674 1211 4759; x_wconf 75' lang='lat' dir='ltr'><em>Waddinyton</em></span> <span class='ocrx_word' id='word_1_390' title='bbox 1253 4683 1437 4745; x_wconf 79' lang='lat'><em>1216.</em></span> 
     </span>
    </p>

    <p class='ocr_par' dir='ltr' id='par_1_8' title="bbox 642 4775 3350 4959">
     <span class='ocr_line' id='line_1_43' title="bbox 642 4775 3350 4877; baseline 0.006 -37"><span class='ocrx_word' id='word_1_391' title='bbox 642 4775 770 4842; x_wconf 84' lang='lat'><em>869</em></span> <span class='ocrx_word' id='word_1_392' title='bbox 814 4785 1146 4842; x_wconf 83' lang='lat' dir='ltr'><em>CLAVDIA</em></span> <span class='ocrx_word' id='word_1_393' title='bbox 1205 4788 1452 4844; x_wconf 83' lang='lat' dir='ltr'><em>MARIA</em></span> <span class='ocrx_word' id='word_1_394' title='bbox 1509 4792 1817 4847; x_wconf 86' lang='lat' dir='ltr'><em>MAXIMA</em></span> <span class='ocrx_word' id='word_1_395' title='bbox 1877 4794 2171 4851; x_wconf 84' lang='lat' dir='ltr'><em>MARTIA</em></span> <span class='ocrx_word' id='word_1_396' title='bbox 2234 4796 2617 4873; x_wconf 85' lang='lat' dir='ltr'><em>SECVNDA,</em></span> <span class='ocrx_word' id='word_1_397' title='bbox 2681 4790 3041 4857; x_wconf 88' lang='lat' dir='ltr'><em>clarissima</em></span> <span class='ocrx_word' id='word_1_398' title='bbox 3096 4792 3350 4877; x_wconf 82' lang='lat' dir='ltr'><em>femina,</em></span> 
     </span>
     <span class='ocr_line' id='line_1_44' title="bbox 773 4879 2576 4959; baseline 0.009 -16"><span class='ocrx_word' id='word_1_399' title='bbox 773 4901 942 4944; x_wconf 82' lang='lat' dir='ltr'><em>uxor</em></span> <span class='ocrx_word' id='word_1_400' title='bbox 984 4881 1058 4947; x_wconf 93' lang='lat' dir='ltr'><em>P.</em></span> <span class='ocrx_word' id='word_1_401' title='bbox 1104 4879 1267 4947; x_wconf 83' lang='lat' dir='ltr'><em>Attii</em></span> <span class='ocrx_word' id='word_1_402' title='bbox 1306 4882 1618 4949; x_wconf 87' lang='lat' dir='ltr'><em>Pudentis</em></span> <span class='ocrx_word' id='word_1_403' title='bbox 1663 4887 1882 4950; x_wconf 88' lang='lat' dir='ltr'><em>Rufini</em></span> <span class='ocrx_word' id='word_1_404' title='bbox 1930 4887 2214 4955; x_wconf 85' lang='lat' dir='ltr'><em>Celsiani</em></span> <span class='ocrx_word' id='word_1_405' title='bbox 2263 4891 2365 4957; x_wconf 86' lang='lat' dir='ltr'><em>VI</em></span> <span class='ocrx_word' id='word_1_406' title='bbox 2396 4897 2576 4959; x_wconf 83' lang='lat'><em>1379.</em></span> 
     </span>
    </p>

    <p class='ocr_par' dir='ltr' id='par_1_9' title="bbox 642 4980 3354 5171">
     <span class='ocr_line' id='line_1_45' title="bbox 642 4980 3349 5085; baseline 0.008 -40"><span class='ocrx_word' id='word_1_407' title='bbox 642 4980 769 5046; x_wconf 86' lang='lat'><em>870</em></span> <span class='ocrx_word' id='word_1_408' title='bbox 814 4980 1091 5047; x_wconf 84' lang='lat' dir='ltr'><em>Claudia</em></span> <span class='ocrx_word' id='word_1_409' title='bbox 1151 4984 1515 5068; x_wconf 86' lang='lat' dir='ltr'><em>Nerviana,</em></span> <span class='ocrx_word' id='word_1_410' title='bbox 1577 5009 1744 5052; x_wconf 84' lang='lat' dir='ltr'><em>uxor</em></span> <span class='ocrx_word' id='word_1_411' title='bbox 1796 4989 1873 5053; x_wconf 90' lang='lat' dir='ltr'><em>T.</em></span> <span class='ocrx_word' id='word_1_412' title='bbox 1918 4991 2157 5055; x_wconf 88' lang='lat' dir='ltr'><em>Licinii</em></span> <span class='ocrx_word' id='word_1_413' title='bbox 2217 4994 2636 5078; x_wconf 79' lang='lat' dir='ltr'><em>Hierocletis3</em></span> <span class='ocrx_word' id='word_1_414' title='bbox 2701 4997 2938 5063; x_wconf 90' lang='lat' dir='ltr'><em>Licinii</em></span> <span class='ocrx_word' id='word_1_415' title='bbox 2996 5000 3349 5085; x_wconf 82' lang='lat' dir='ltr'><em>Hierocles,</em></span> 
     </span>
     <span class='ocr_line' id='line_1_46' title="bbox 773 5084 3354 5171; baseline 0.01 -24"><span class='ocrx_word' id='word_1_416' title='bbox 773 5084 1108 5151; x_wconf 88' lang='lat' dir='ltr'><em>Hieroclia</em></span> <span class='ocrx_word' id='word_1_417' title='bbox 1162 5086 1440 5153; x_wconf 89' lang='lat' dir='ltr'><em>Paulina</em></span> <span class='ocrx_word' id='word_1_418' title='bbox 1495 5100 1561 5154; x_wconf 88' lang='lat' dir='ltr'><em>et</em></span> <span class='ocrx_word' id='word_1_419' title='bbox 1618 5090 1793 5156; x_wconf 84' lang='lat' dir='ltr'><em>Axia</em></span> <span class='ocrx_word' id='word_1_420' title='bbox 1852 5092 1968 5156; x_wconf 89' lang='lat' dir='ltr'><em>filii</em></span> <span class='ocrx_word' id='word_1_421' title='bbox 2029 5117 2252 5160; x_wconf 88' lang='lat' dir='ltr'><em>eorum</em></span> <span class='ocrx_word' id='word_1_422' title='bbox 2315 5101 2356 5160; x_wconf 89' lang='lat' dir='ltr'><em>t.</em></span> <span class='ocrx_word' id='word_1_423' title='bbox 2404 5098 2864 5167; x_wconf 88' lang='lat' dir='ltr'><em>Mauretaniae</em></span> <span class='ocrx_word' id='word_1_424' title='bbox 2923 5102 3354 5171; x_wconf 85' lang='lat' dir='ltr'><em>Caesariensis</em></span> 
     </span>
    </p>
   </div>
   <div class='ocr_carea' id='block_1_4' title="bbox 3696 3978 3711 5695">
    <p class='ocr_par' dir='ltr' id='par_1_10' title="bbox 3696 3978 3711 5695">
     <span class='ocr_line' id='line_1_47' title="bbox 3696 3978 3711 5695; baseline 0 0"><span class='ocrx_word' id='word_1_425' title='bbox 3696 3978 3711 5695; x_wconf 95' lang='lat' dir='ltr'><em> </em></span> 
     </span>
    </p>
   </div>
  </div>
 </body>
</html>
