3859 5992
513 564 884 621 CLAVDIVS
1801 555 1926 620 367
2849 565 3219 622 CLAVDIVS

634 760 784 826 dam
842 759 1013 842 falso
1058 760 1316 843 putavit
1360 764 1632 843 propter
1675 761 1972 827 Suetonii
2024 762 2217 827 verba
2272 762 2483 826 minus
2542 767 2848 827 aee-urata
2901 760 3134 830 Claud.
3179 768 3220 827 1

639 873 810 949 ‘post
841 874 1211 949 praeturam
1242 862 1581 928 confestim
1613 852 1767 928 inito
1816 863 2155 929 consulatu
2201 875 2396 951 atque
2441 864 2854 950 expeditione
2899 865 3217 949 repetita’.

637 967 777 1032 Hoc
819 968 955 1049 fere
999 971 1271 1049 tempore
1321 970 1702 1049 auyuratum
1756 969 2030 1049 aceepit;
2073 987 2282 1051 augur
2318 973 2362 1033 t.
2397 973 2454 1036 6.
2546 966 2888 1033 Octaviam
2933 987 3219 1031 sororem

635 1069 912 1153 Augusti
959 1092 1017 1133 a.
1052 1070 1178 1135 743
1207 1098 1288 1122 =
1327 1070 1398 1133 ll
1437 1067 1807 1134 defunctam
1853 1092 1972 1155 pro
2020 1072 2244 1135 rostris
2291 1072 2582 1136 oratione
2626 1067 2884 1134 funebri
2930 1068 3222 1135 laudavit

635 1172 767 1239 Dio
795 1177 893 1249 54,
924 1178 1024 1238 35.
1099 1172 1272 1237 Vere
1319 1173 1580 1237 ineunte
1625 1195 1682 1238 a.
1716 1173 1841 1239 743
1873 1203 1959 1227 =
1996 1176 2067 1239 ll
2103 1174 2184 1239 ad
2218 1172 2467 1239 Gallias
2513 1195 2813 1238 reversus
2858 1173 3218 1237 exercitum

637 1285 862 1340 contra
897 1274 1185 1357 Chattos,
1235 1273 1621 1358 Cheruscos,
1668 1274 1965 1341 Chaucos
1997 1275 2219 1356 duxit3
2267 1298 2415 1341 cum
2452 1278 2806 1342 exercitum
2845 1275 2924 1340 ad
2957 1274 3222 1340 castella

636 1376 930 1443 Romana
968 1377 1324 1460 reduceret,
1360 1377 1536 1463 apud
1565 1377 1961 1444 Arbalonem
2006 1379 2072 1442 in
2119 1401 2435 1444 summum
2475 1378 2820 1443 discrimen
2862 1379 3059 1460 venit,
3108 1376 3217 1441 sed

638 1483 996 1545 temeritate
1042 1481 1320 1546 hostium
1365 1482 1571 1545 evasit
1610 1479 1745 1546 Dio
1787 1486 1887 1558 54,
1934 1486 2018 1546 33
2060 1482 2142 1563 cf.
2177 1482 2355 1547 Plin.
2386 1503 2447 1549 n.
2478 1481 2540 1546 h.
2572 1487 2671 1556 11,
2704 1486 2804 1557 55,
2860 1480 3079 1561 Obseq.
3114 1485 3216 1555 72,

636 1583 773 1646 Liv.
807 1583 1089 1665 perioch.
1135 1588 1276 1652 140.
1364 1584 1471 1649 Διά
1519 1586 1625 1670 μὲν
1670 1584 1773 1650 οὖν
1816 1590 1999 1650 ταῦτα
2041 1588 2146 1656 τοὶς
2186 1610 2252 1650 τε
2304 1587 2620 1656 ἐπινικίους
2662 1584 2831 1668 τιμὰς
2873 1586 2969 1648 καὶ
3011 1585 3079 1648 τὸ
3126 1583 3221 1646 ἐπὶ

636 1686 886 1773 κέλητος
945 1688 1008 1758 ἐς
1064 1689 1131 1752 τὸ
1189 1687 1335 1752 ἄστυ
1395 1689 1604 1753 ἐλάσαι
1664 1690 1773 1771 (=
1818 1699 2197 1753 ornamenta
2254 1685 2674 1773 triumphalia
2726 1697 2791 1751 et
2835 1683 3073 1750 ovandi
3121 1686 3220 1748 ius

639 1788 896 1853 Sueten.
937 1787 1174 1856 Claud.
1220 1794 1287 1872 1)
1329 1797 1406 1875 τῇ
1447 1814 1512 1854 τε
1562 1795 1666 1854 τοῦ
1720 1791 2062 1855 ἀνθυπάτου
2112 1790 2381 1874 ἐξουσίᾳ,
2440 1789 2678 1856 ἐπειδὰν
2725 1791 3217 1876 διαστρατηγήσῃ,

636 1892 979 1977 χρήσασθαι
1038 1890 1254 1978 ἔλαβε·
1299 1894 1367 1957 τὸ
1428 1892 1540 1978 γὰρ
1605 1891 1794 1975 ὄνομα
1853 1896 1957 1956 τοῦ
2012 1893 2440 1978 αὐτοκράτορος
2496 1893 2880 1977 ἐπεψηφίσθη
2945 1893 3052 1977 μὲν
3108 1891 3219 1953 ὑπὸ

635 1999 752 2058 τῶν
798 2000 1168 2079 στρατιωτῶν
1212 1997 1308 2059 καὶ
1353 1997 1565 2079 ἐκείνῳ
1611 1994 1743 2059 τότε
1787 1996 1883 2059 καὶ
1926 2005 2019 2080 τῷ
2051 1992 2301 2082 Τιβερίῳ
2345 1994 2626 2081 πρότερον
2678 1994 2783 2075 (cf.
2827 1998 2926 2070 54,
2964 1991 3089 2071 31),
3151 1992 3219 2054 οὐ

638 2094 835 2180 μέντοι
879 2096 1039 2181 παρὰ
1082 2102 1186 2161 τοῦ
1223 2093 1560 2183 Αὐγούστου
1607 2095 1814 2179 ἐδόθη,
1858 2099 2074 2183 καίπερ
2117 2098 2298 2162 αὐτοῦ
2343 2095 2447 2161 ἀπ’
2479 2097 2836 2182 ἀμφοτέρων
2867 2103 2986 2161 τῶν
3026 2093 3218 2180 ἔργων

635 2197 734 2261 τὸν
787 2197 1037 2281 ἀριθμὸν
1088 2205 1193 2282 τῆς
1242 2200 1617 2287 ἐπικλήσεως
1660 2200 2018 2286 αὐξήσαντος
2070 2199 2332 2282 (scilicet
2380 2200 2728 2283 imperator
2785 2199 2904 2264 XI
2944 2203 3003 2263 et
3061 2196 3219 2262 XII

638 2297 1051 2380 acclamatus)
1083 2299 1216 2365 Dio
1251 2306 1349 2381 54,
1386 2306 1486 2368 33.
1560 2302 1908 2385 Imperium
1925 2302 2387 2385 proconsulare
2416 2304 2477 2367 ei
2504 2302 2815 2367 decretum
2842 2306 2950 2377 est,
2983 2298 3220 2365 ἐπειδὰν

641 2402 1132 2488 διαστρατηγήσῃ,
1180 2403 1251 2467 id
1305 2408 1396 2468 est
1411 2454 1428 2481 ,
1487 2403 1738 2486 quando
1785 2409 2169 2486 praeturam
2215 2409 2599 2488 peracturus
2656 2408 2844 2479 esset,
2907 2403 3103 2484 iyitur
3154 2399 3222 2463 in

639 2525 698 2567 a.
736 2508 871 2568 744.
949 2506 1140 2569 Anno
1173 2505 1298 2570 744
1327 2536 1410 2560 =
1447 2508 1524 2571 10
1554 2516 1779 2570 contra
1811 2505 2080 2571 Chattos
2110 2506 2402 2593 aliasque
2430 2517 2656 2591 gentes
2688 2504 3221 2571 Transrhenanas

638 2607 975 2692 pugnavit,
1014 2606 1166 2671 dein
1197 2630 1340 2673 cum
1373 2609 1692 2692 AugustO,
1727 2610 1839 2695 qui
1877 2612 1942 2672 in
1972 2608 2188 2675 Gallia
2220 2609 2645 2693 Lugdunensi
2675 2618 2914 2691 egerat,
2950 2596 3220 2671 Romam

639 2708 832 2772 rediit
888 2707 1021 2774 Dio
1069 2714 1169 2787 54,
1220 2714 1320 2787 36,
1375 2712 1513 2775 Liv.
1557 2711 1841 2794 perioch.
1893 2716 2032 2778 141.
2129 2712 2320 2777 Anno
2377 2713 2498 2778 745
2552 2741 2634 2764 -=
2685 2713 2727 2776 9
2784 2707 3009 2776 consul
3074 2728 3221 2771 cum

637 2809 713 2878 T.
751 2810 1058 2891 Quinctio
1105 2812 1407 2899 Crispino
1451 2815 1630 2896 lasti,
1680 2818 1720 2880 t.
1760 2819 1825 2879 2.
1859 2819 1917 2878 6.
2014 2815 2258 2880 Eodem
2300 2817 2436 2898 fere
2479 2820 2752 2898 tempore
2796 2813 2880 2877 ab
2927 2810 3220 2893 Augusto

640 2915 1051 2999 imperatorio
1096 2917 1353 2980 nomine
1397 2927 1626 2983 auctus
1665 2917 1812 2985 Tae.
1845 2939 1905 2981 a.
1940 2922 1998 2993 1,
2031 2922 2107 2995 3,·
2151 2919 2499 3003 imperator
2543 2922 2585 2984 t.
2616 2922 2683 2982 2.
2715 2921 2774 2992 6,
2818 2913 3077 2980 nummi.

772 3016 1014 3082 Eodem
1058 3040 1228 3082 anno
1276 3021 1338 3083 in
1373 3019 1790 3086 Germaniam
1825 3041 2125 3084 reversus
2172 3031 2236 3083 et
2262 3018 2642 3086 Chattorum
2686 3020 2848 3083 fines
2892 3017 3222 3097 ingressus

644 3121 861 3183 omnia
889 3118 1261 3206 populando
1285 3120 1366 3185 ad
1394 3120 1610 3185 Albim
1644 3121 1916 3187 fluvium
1945 3123 2277 3208 pervcnit3
2308 3144 2502 3209 quem
2533 3144 2616 3187 ne
2642 3118 3218 3203 transgrederetur,

640 3221 900 3287 divinae
960 3222 1296 3287 cuiusdam
1354 3222 1645 3288 mulieris
1687 3245 1847 3291 voce
1899 3225 2164 3290 territus
2225 3226 2504 3310 tropaeis
2548 3223 2912 3288 constitutis
2956 3218 3224 3284 recessit

642 3334 705 3388 et
749 3326 814 3388 in
866 3327 1111 3408 itinere,
1158 3325 1538 3411 priusquam
1590 3325 1674 3391 ad
1719 3325 2014 3392 Rhenum
2062 3328 2447 3413 perveniret,
2502 3326 2726 3392 morbo
2772 3324 3048 3389 decessit
3089 3320 3221 3385 Dio

635 3432 735 3505 55,
791 3434 856 3506 1,-
915 3427 1078 3493 obiit
1121 3430 1185 3492 in
1229 3429 1491 3493 aestivis
1535 3430 1796 3512 castris,
1857 3452 2026 3515 quae
2070 3453 2154 3495 ex
2204 3452 2280 3495 eo
2327 3430 2656 3496 Scelerata
2706 3438 2860 3492 sunt
2902 3422 3223 3512 appellata

641 3531 895 3597 Sueton.
939 3530 1174 3599 Claud.
1208 3537 1283 3609 1,·
1327 3530 1448 3597 ἔστι
1492 3534 1559 3597 δὲ
1604 3535 1701 3597 καὶ
1738 3532 1940 3604 Σάλας
1978 3536 2242 3619 ποταμὸς
2286 3544 2394 3616 (=
2424 3533 2526 3598 die
2560 3531 2844 3613 Saale?),
2892 3530 2960 3595 οὐ
3008 3527 3220 3613 μεταξὺ

640 3637 736 3700 καὶ
793 3639 895 3699 τοῦ
941 3632 1159 3720 Ῥήνου
1214 3638 1494 3720 πολεμῶν
1547 3638 1646 3700 καὶ
1691 3639 2004 3721 κατορθῶν
2043 3637 2304 3723 Δροῦσος
2359 3636 2740 3722 ἐτελεύτησεν
2785 3636 2816 3699 ὁ
2864 3633 2911 3699 Γ
2913 3627 3223 3719 ερμανικός

640 3737 884 3803 Strabo
931 3743 988 3815 7,
1034 3743 1093 3814 1,
1134 3742 1178 3801 3
1209 3760 1282 3820 p.
1328 3743 1496 3816 291;
1554 3762 1636 3803 ex
1682 3740 2002 3824 fractura,
2066 3762 2231 3828 equo
2283 3763 2481 3826 super
2522 3762 2670 3803 crus
2715 3739 2853 3802 eius
2897 3733 3220 3819 conlapso,

640 3841 966 3906 tricesimo
1013 3840 1119 3905 die
1164 3863 1358 3927 quam
1406 3841 1733 3907 acciderat
1784 3854 2078 3910 mortuus
2122 3844 2261 3911 Liv.
2294 3842 2577 3927 perioch.
2622 3845 2765 3909 142.
2858 3840 3222 3905 Intraverat

641 3946 899 4030 penitus
931 3945 1347 4012 Germaniam
1395 3956 1461 4009 et
1504 3945 1592 4009 ibi
1638 3947 1896 4029 signum
1927 3948 2200 4012 Romani
2232 3946 2535 4028 fixerunt,
2572 3944 2677 4010 ubi
2712 3946 2827 4008 vix
2873 3941 3036 4008 ullos
3080 3960 3219 4004 esse

643 4049 965 4112 Romanos
1010 4056 1235 4112 notum
1279 4058 1449 4129 erat3
1511 4048 1578 4111 in
1624 4048 2038 4134 expeditione
2090 4049 2456 4114 decesserat
2501 4049 2656 4134 ipsis
2704 4046 2885 4111 illum
2932 4040 3226 4113 hostibus

641 4170 906 4232 aegrum
953 4171 1104 4213 cum
1147 4151 1564 4213 veneratione
1621 4161 1685 4215 et
1739 4173 1898 4236 pace
1959 4161 2185 4216 mutua
2243 4150 2783 4236 prosequentibus
2836 4147 3097 4233 (seilicet
3143 4143 3230 4208 acl

636 4257 854 4317 castra
912 4252 1179 4334 aestiva)
1226 4253 1468 4317 Seneca
1525 4253 1754 4318 consol.
1800 4253 1889 4318 ad
1932 4253 2265 4318 Marciam
2303 4258 2364 4331 3,
2412 4258 2484 4331 1;
2542 4250 2766 4318 consul
2827 4249 3227 4333 trigesimum

640 4376 882 4419 annum
941 4375 1140 4437 agens
1200 4365 1489 4419 mortuus
1549 4354 1817 4420 Velleius
1859 4361 1925 4433 2,
1975 4361 2076 4433 97,
2119 4361 2178 4424 3.
2285 4356 2587 4421 Mortuus
2646 4366 2744 4420 est
2797 4352 3034 4418 XVIII
3093 4346 3226 4413 kal.

644 4456 789 4523 Oct.
821 4480 880 4522 a.
914 4457 1037 4522 745
1066 4487 1150 4510 =
1181 4458 1221 4521 9
1267 4480 1324 4521 a.
1366 4457 1438 4522 C.
1484 4458 1648 4539 fasti
1686 4457 1986 4523 Antiates
2025 4459 2180 4526 CIL
2223 4459 2303 4524 12
2338 4482 2407 4541 p.
2441 4464 2589 4527 248.
2679 4457 2872 4524 Haud
2918 4451 3145 4541 procul
3189 4474 3230 4514 a

642 4559 1189 4643 Teutoburgiensi
1235 4557 1400 4623 saltu
1438 4569 1649 4624 ‘vetus
1694 4583 1810 4625 ara
1851 4561 2078 4626 Drusi‘
2115 4561 2379 4646 (scilieet
2419 4563 2489 4626 in
2532 4563 2763 4627 eastris
2802 4560 2933 4625 illis
2975 4555 3230 4620 aestivis

644 4660 957 4745 extructa)
1011 4684 1052 4726 a
1102 4659 1488 4727 Germanico
1535 4685 1592 4727 a.
1643 4664 1722 4727 16
1768 4664 2067 4728 restituta
2117 4672 2216 4728 est
2268 4662 2626 4749 honorique
2677 4663 2877 4750 patris
2923 4660 3226 4746 princeps

641 4767 778 4851 ipse
818 4786 967 4830 cum
1011 4763 1375 4849 legionibus
1419 4764 1790 4830 decucurrit
1840 4766 1990 4833 Tac.
2031 4788 2089 4832 a.
2121 4772 2187 4842 2,
2232 4770 2288 4830 7.
2318 4803 2395 4810 —-
2428 4767 2556 4831 Res
2601 4789 2641 4830 a
2685 4766 2903 4830 Druso
2950 4765 3014 4827 in
3061 4761 3225 4827 Ger-

640 4868 859 4931 mania
931 4878 1145 4950 gestas
1217 4869 1438 4953 paucis
1497 4867 2018 4954 complectuntur
2089 4867 2357 4933 Velleius
2405 4872 2485 4945 2,
2539 4874 2640 4944 97,
2704 4866 2954 4932 Florus
2997 4870 3076 4941 2,
3125 4868 3225 4940 30,

641 4971 980 5037 Suetonius
1020 4970 1312 5036 Olaudus
1354 4976 1411 5047 1,
1472 4970 1735 5037 Orosius
1778 4976 1836 5049 6,
1881 4974 1988 5048 21,
2034 4971 2390 5054 Ειιίνορὶαε
2422 4976 2479 5049 7,
2511 4977 2572 5037 9.
2656 4972 2860 5036 Fossa
2896 4968 3227 5034 Drusiana

647 5073 794 5138 Tac.
839 5095 898 5139 a.
946 5079 1011 5150 2,
1057 5078 1117 5151 8,
1166 5093 1366 5157 agger
1407 5072 1489 5138 ab
1539 5096 1612 5139 eo
1656 5074 1995 5139 inchoatus
2042 5072 2268 5139 Rheno
2314 5073 2668 5138 coercendo
2716 5072 2862 5138 Tae.
2899 5092 2960 5135 a.
2993 5072 3090 5146 13,
3127 5072 3225 5145 53,

639 5175 702 5242 h.
740 5182 801 5254 5,
840 5182 942 5242 19.
2401 5186 2405 5193 ’
