3859 5992
588 579 904 636 CLODIVS
1878 572 2006 635 423
2977 577 3299 635 CLODIVS

716 776 1041 841 Maximus
1083 776 1400 842 Avidium
1439 776 1644 841 Marci
1693 776 2089 862 temporibus
2123 776 2549 862 (tyrannum),
2582 775 2893 842 Albinum
2926 786 2990 840 et
3017 775 3294 858 Nigrum

718 878 945 943 Severi
990 901 1120 943 non
1164 880 1299 943 suis
1343 880 1621 965 propriis
1665 878 1867 961 libris,
1916 878 2031 943 sed
2068 877 2295 943 alienis
2327 879 2626 943 innexuit
2651 878 2760 942 vit.
2791 876 3029 955 Firmi,
3065 876 3297 943 Satur-

714 981 859 1045 nini
900 986 1012 1049 etc.
1058 986 1117 1059 1,
1162 987 1220 1049 1.

588 1083 713 1148 938
759 1094 822 1148 Ρ.
869 1093 1187 1149 CLODIVS
1234 1094 1585 1150 THRASEA
1630 1094 1953 1163 PAETVS,
1999 1083 2223 1150 consul
2270 1084 2578 1148 suffectus
2625 1104 2792 1148 anno
2840 1083 2923 1147 56
2967 1079 3298 1146 mensibus

715 1186 1073 1251 Novembri
1120 1199 1185 1251 et
1215 1188 1564 1253 Decembri
1597 1210 1746 1253 cum
1780 1189 1856 1256 L.
1891 1189 2112 1253 Duvio
2142 1188 2361 1255 Avito.
2423 1187 2509 1252 In
2539 1185 2901 1251 consulatu:
2932 1185 3005 1249 P.
3030 1181 3297 1248 Clodius

718 1289 1012 1354 Thrasea
1054 1290 1278 1354 tabula
1323 1296 1542 1356 cerata
1581 1290 1983 1375 Pompeiana
2024 1295 2121 1373 15,
2170 1291 2244 1357 Ρ.
2279 1289 2545 1355 Clodius
2589 1288 2718 1353 tab.
2764 1292 2862 1353 13.
2907 1291 3005 1352 14.
3051 1291 3151 1352 16.
3195 1291 3295 1363 17,

716 1392 790 1457 Χ
827 1396 975 1459 826.
1012 1431 1087 1441 —
1135 1391 1338 1476 Apud
1383 1396 1756 1477 scripiores:
1800 1394 1872 1458 P.
1920 1393 2211 1458 Thrasea
2252 1394 2494 1458 Paetus
2538 1391 2669 1457 Dio
2714 1396 2810 1467 61,
2856 1393 2967 1467 15,
3029 1393 3299 1453 ceterum

718 1494 1008 1560 Thrasea
1053 1495 1291 1559 Paetus
1334 1496 1463 1560 sive
1506 1495 1796 1561 Thrasea
1836 1497 1965 1560 sive
2003 1497 2261 1561 Paetus.

847 1596 1118 1681 Origine
1164 1599 1523 1663 Patavinus
1564 1599 1711 1664 Tae.
1745 1621 1805 1665 a.
1836 1604 1937 1676 16,
1967 1605 2074 1677 21,
2120 1597 2253 1663 Dio
2287 1603 2392 1675 62,
2425 1603 2532 1666 26.
2600 1595 2844 1662 Consul
2887 1618 2946 1660 a.
2992 1595 3075 1660 56
3118 1593 3296 1675 fasti,

721 1699 1080 1765 consularis
1132 1701 1279 1768 Tac.
1325 1723 1387 1765 α.
1434 1706 1532 1778 16,
1578 1705 1706 1780 28,·
1748 1701 2226 1788 quindecimvir
2277 1702 2476 1765 sacris
2527 1699 2849 1765 faciundis
2888 1697 3017 1764 ibd.
3061 1700 3161 1774 16,
3204 1698 3301 1761 22

721 1804 804 1886 cf.
849 1808 958 1871 27.
1003 1807 1113 1869 28.
1197 1803 1390 1869 Anno
1436 1805 1516 1870 57
1573 1804 2033 1871 Cossutianum
2094 1804 2475 1890 Capitonem
2535 1825 2619 1867 ex
2677 1801 2905 1869 Cilicia
2962 1798 3301 1886 provincia

720 1905 1229 1991 repetundarum
1274 1906 1667 1992 postulatum
1712 1906 2050 1972 damnavit
2091 1907 2218 1972 ibd.
2264 1912 2363 1984 16,
2410 1912 2499 1973 21
2542 1907 2621 1988 cf.
2668 1910 2766 1985 13,
2799 1910 2898 1970 33.
2972 1905 3167 1971 Anno
3213 1904 3296 1969 58

723 2010 791 2072 in
833 2019 1063 2073 senatu
1108 2011 1491 2074 sententiam
1535 2010 1705 2074 dixit
1744 2009 1871 2074 ibd.
1919 2015 2017 2087 13,
2062 2015 2162 2075 49.
2250 2010 2443 2074 Anno
2488 2009 2570 2074 59
2616 2031 2763 2073 cum
2809 2007 2890 2072 de
2934 2007 3299 2094 Agrippina

723 2111 1089 2193 referretur,
1124 2122 1353 2176 senatu
1383 2132 1679 2194 egressus
1708 2124 1806 2176 est
1835 2111 1964 2176 ibd.
1986 2116 2086 2189 14,
2111 2117 2197 2178 12
2208 2131 2230 2190 ,·
2258 2117 2356 2189 16,
2379 2116 2485 2179 21.
2532 2110 2726 2177 Anno
2751 2113 2834 2176 62
2865 2132 2947 2175 ne
2973 2110 3297 2175 Antistius

727 2224 987 2299 praetor
1014 2237 1056 2278 a
1092 2223 1318 2278 senatu
1361 2216 1715 2279 maiestatis
1756 2217 1967 2300 capite
2013 2214 2446 2298 damnaretur,
2490 2213 2737 2279 obstitit
2780 2212 2910 2279 ibd.
2941 2218 3038 2290 14,
3069 2215 3287 2277 48-49

721 2316 915 2381 Anno
962 2318 1046 2381 62
1093 2315 1271 2399 tulit,
1329 2339 1411 2380 ne
1454 2317 1857 2402 praesidibus
1902 2319 2381 2403 provinciarum
2424 2318 2636 2401 gratia
2678 2326 2981 2401 ageretur
3022 2314 3151 2382 ibd.
3196 2316 3295 2389 15,

705 2416 976 2487 '20-22.
1043 2417 1233 2483 Aliae
1267 2421 1621 2484 sententiae
1651 2420 1734 2485 ab
1766 2442 1840 2485 eo
1873 2422 1942 2485 in
1972 2431 2199 2485 senatu
2229 2419 2443 2485 dictae
2474 2420 2602 2486 ibd.
2625 2425 2724 2499 16,
2747 2426 2852 2486 21.
2875 2423 2987 2495 22,
3018 2418 3081 2483 h.
3103 2423 3170 2495 2,
3195 2422 3294 2493 91,

724 2521 857 2587 Dio
911 2527 1017 2598 61,
1063 2525 1162 2587 15.
1250 2520 1416 2587 Cum
1478 2532 1739 2587 senatus
1797 2545 1967 2587 anno
2012 2525 2095 2588 62
2146 2525 2416 2589 Antium
2477 2523 2596 2588 sub
2654 2532 2978 2587 recentem
3037 2533 3300 2608 partum

725 2624 1042 2691 Claudiae
1087 2623 1559 2707 effunderetur,
1607 2624 1897 2690 Thrasea
1944 2650 1984 2690 a
2025 2626 2285 2691 Nerone
2330 2626 2691 2712 prohibitus
2736 2635 2834 2690 est
2874 2624 3003 2691 ibd.
3048 2628 3149 2701 15,
3192 2626 3298 2689 23.

726 2727 889 2793 Inde
932 2727 1017 2792 ab
1060 2749 1231 2792 anno
1276 2729 1360 2792 63
1405 2749 1521 2812 per
1566 2729 1912 2793 triennium
1960 2729 2273 2794 abstinuit
2315 2740 2544 2794 senatu
2582 2729 2729 2793 Tac.
2769 2750 2831 2793 α.
2869 2732 2965 2804 16,
3011 2732 3125 2802 22,
3167 2724 3302 2791 Dio

725 2835 833 2907 62,
877 2835 985 2896 26.
1072 2830 1433 2913 Instigante
1475 2830 1765 2913 Nerone,
1814 2834 1926 2917 qui
1972 2830 2122 2895 olim
2168 2834 2228 2897 ei
2272 2832 2564 2896 infensus
2609 2840 2780 2908 erat,
2833 2854 2874 2895 a
2918 2829 3301 2896 Cossutiano

727 2932 1045 3019 Capitone
1106 2942 1168 2996 et
1226 2933 1426 3018 Eprio
1478 2931 1785 2997 Marcello
1842 2956 2012 2998 anno
2071 2936 2154 3000 66
2214 2934 2438 2999 eodem
2497 2944 2784 3020 tempore
2841 2943 3038 3019 atque
3094 2933 3306 2997 Barea

728 3037 1017 3102 Soranus
1049 3036 1401 3099 maiestatis
1431 3046 1773 3101 accusatus
1803 3047 1934 3119 estt,
1980 3036 2321 3102 damnatus
2359 3039 2583 3102 mortis
2614 3037 2881 3103 arbitrio
2913 3035 3063 3100 dato
3101 3056 3304 3099 venas

728 3139 1006 3204 exsolvit
1057 3138 1203 3204 Tac.
1248 3159 1309 3202 α.
1357 3143 1453 3216 16,
1498 3142 1748 3216 21-35,
1806 3138 1867 3203 h.
1913 3144 1975 3216 4,
2016 3144 2093 3217 8,
2152 3139 2287 3205 Dio
2337 3146 2442 3218 62,
2488 3144 2608 3217 26,
2665 3139 2917 3206 Sueten.
2983 3137 3159 3204 Nero
3200 3141 3301 3213 37,

724 3242 914 3310 schol.
959 3240 1245 3307 Juvenal.
1286 3244 1347 3317 5,
1391 3246 1492 3308 36.

856 3344 1079 3411 Gener
1136 3342 1455 3408 Caecinae
1513 3344 1696 3408 Paeti
1758 3354 1823 3408 et
1880 3344 2114 3409 Arriae
2170 3346 2433 3410 maioris
2493 3343 2673 3410 Ptin.
2729 3345 2906 3428 epist.
2950 3347 3008 3426 3,
3055 3347 3153 3418 16,
3202 3346 3301 3418 10,

729 3447 999 3511 maritus
1041 3445 1277 3511 Arriae
1318 3447 1586 3511 minoris
1630 3455 1696 3510 et
1738 3459 1924 3532 pater
1967 3448 2257 3513 Fanniae
2298 3447 2428 3513 ibd.
2463 3454 2519 3526 7,
2556 3453 2656 3525 19,
2687 3452 2747 3525 3,
2802 3447 2950 3513 Tac.
2983 3467 3044 3510 a.
3075 3449 3174 3522 16,
3204 3448 3304 3520 34,

731 3571 915 3614 socer
957 3548 1245 3613 Helvidii
1293 3550 1497 3613 Prisci
1530 3548 1710 3613 Plin.
1749 3548 1899 3626 ibd„
1951 3550 2099 3614 Tac.
2135 3572 2194 3615 α.
2225 3556 2323 3628 16,
2355 3555 2463 3617 28.
2496 3554 2596 3627 35,
2640 3549 2701 3615 h.
2730 3555 2790 3626 4,
2819 3554 2880 3615 5.
2911 3553 2970 3614 6.
3045 3548 3305 3612 Persius

729 3662 921 3738 poeta
975 3650 1199 3715 decem
1254 3651 1391 3717 fere
1440 3654 1628 3716 annis
1671 3674 1920 3717 summe
1965 3652 2241 3719 dilectus
2286 3664 2383 3719 est
2425 3678 2465 3719 a
2507 3653 2815 3736 Thrasea,
2877 3653 2968 3717 ita
3010 3660 3084 3715 ut
3127 3672 3309 3736 pere·

728 3755 1099 3837 grinaretur
1141 3776 1403 3841 quoque
1446 3777 1593 3820 cum
1638 3778 1711 3820 eo
1757 3754 2130 3842 aliquandO,
2167 3768 2510 3841 cognatam
2548 3760 2687 3822 eius
2729 3756 2992 3822 Arriam
3038 3774 3308 3818 uxorem

735 3855 1013 3921 habente
1034 3858 1142 3925 vit.
1170 3855 1386 3923 Persii
1390 3879 1464 3940 p.
1486 3863 1565 3923 74
1585 3857 1837 3925 Sueton.
1859 3858 1972 3924 rel.
1999 3859 2092 3924 ed.
2118 3858 2594 3938 Reifferscheid.
2636 3860 2904 3925 Amicus
2920 3858 3308 3944 Vespasiani

742 3959 891 4025 Tac.
917 3958 979 4026 h.
1008 3965 1069 4036 4,
1104 3964 1171 4038 7,·
1214 3958 1495 4025 Avidius
1543 3961 1819 4042 Quietus
1863 3962 2203 4027 familiaris
2247 3964 2387 4028 eius
2417 3962 2596 4028 Ptin.
2628 3965 2805 4046 epist.
2834 3968 2892 4040 6,
2927 3967 3038 4040 29,
3068 3967 3124 4026 1.

861 4062 1061 4127 Dicta
1104 4065 1241 4127 eius
1286 4060 1465 4127 Ptin.
1510 4064 1688 4147 epist.
1734 4068 1791 4141 6,
1837 4070 1946 4140 29,
1992 4070 2051 4133 1.
2092 4070 2163 4143 7,·
2206 4069 2267 4142 8,
2297 4069 2408 4143 22,
2439 4070 2500 4143 3,
2541 4065 2673 4130 Dio
2717 4071 2818 4143 61,
2853 4069 2952 4133 15.
3040 4064 3316 4150 Scripsit

742 4165 826 4230 de
868 4168 1008 4232 vita
1050 4165 1319 4232 Catonis
1361 4167 1685 4231 Vticensis
1725 4166 2060 4233 Plutarch.
2095 4166 2251 4234 Cato
2285 4170 2434 4236 min.
2467 4173 2573 4235 25.
2601 4174 2702 4234 36.
2766 4169 3104 4233 Laudatus
3148 4165 3316 4231 libro

741 4268 910 4333 edito
941 4268 1024 4334 ab
1055 4268 1343 4333 Aruleno
1376 4271 1643 4334 Rustico
1684 4270 1831 4336 Tae.
1862 4271 2175 4354 Ayricola
2199 4277 2265 4348 2,
2297 4272 2548 4337 Sueten.
2578 4271 2934 4337 Domitian.
2967 4276 3068 4337 10.
3129 4271 3316 4335 Pom·

745 4375 976 4458 ponius
1009 4371 1346 4438 Secundus
1390 4372 1474 4438 ad
1506 4373 1861 4439 Thraseam
1907 4376 2146 4439 citatur
2190 4374 2299 4455 (de
2329 4374 2525 4440 rebus
2554 4376 3019 4458 grammaticis)
3065 4395 3109 4439 a
3146 4372 3318 4439 Cha-

742 4475 902 4539 risio
926 4473 1353 4540 Grammatici
1378 4476 1607 4540 Latini
1633 4476 1684 4541 I
1689 4499 1761 4559 p.
1785 4482 1927 4559 125,
1962 4483 2067 4559 23,
2101 4475 2408 4542 Diomede
2435 4476 2562 4544 ibd.
2580 4499 2655 4560 p.
2678 4482 2818 4555 371,
2851 4481 2955 4555 18,
2983 4474 3322 4543 Prisciano

742 4577 836 4643 II
853 4600 927 4661 p.
957 4581 1099 4656 538,
1128 4582 1239 4644 29.

877 4681 1281 4747 Memoratur
1340 4681 1639 4746 Martial.
1684 4685 1743 4760 1,
1793 4685 1854 4759 8,
1899 4687 1975 4761 1,·
2017 4688 2077 4761 4,
2116 4686 2216 4761 54,
2260 4688 2316 4768 7,
2377 4684 2664 4750 Juvenal.
2706 4688 2765 4762 5,
2809 4689 2916 4762 36,
2981 4683 3196 4749 Marc.
3245 4683 3327 4752 εἰς

747 4783 956 4851 ἑαυτόν
1001 4791 1058 4862 1,
1103 4789 1202 4862 14,
1250 4783 1383 4850 Dio
1422 4789 1517 4868 66,
1565 4789 1670 4852 12.

615 4885 743 4951 939
787 4885 1056 4954 Clodius
1113 4887 1436 4952 Turrinus
1495 4897 1712 4972 pater,
1776 4887 1995 4953 rhetor
2048 4900 2259 4955 aetate
2317 4890 2636 4975 Augustit,
2699 4904 2890 4958 natus
2948 4901 3089 4956 erat
3148 4900 3329 4974 patre

753 4989 1305 5077 splendidissimO,
1377 5010 1499 5054 avo
1559 4989 1695 5054 divi
1751 4989 1902 5056 Iulii
1963 4991 2247 5078 hospite,
2320 4994 2430 5059 sed
2501 4995 2672 5060 civili
2734 4994 2907 5061 bello
2966 5003 3330 5059 attenuatas

747 5092 977 5158 domus
1021 5092 1258 5158 nobilis
1300 5094 1475 5158 vires
1521 5095 1833 5158 excitavit
1874 5103 1942 5158 et
1997 5094 2366 5182 eloquentia
2417 5100 2756 5183 pecuniam
2803 5120 2877 5162 ac
2918 5097 3318 5181 dignitatem.

749 5216 946 5281 quam
991 5198 1265 5281 primam
1312 5196 1378 5259 in
1422 5198 1759 5281 provincia
1801 5197 2122 5285 Hispania
2166 5199 2410 5285 habuit,
2460 5224 2663 5287 usque
2707 5201 2789 5266 ad
2813 5186 3157 5266 'summum
3201 5200 3328 5265 sibi
