<?xml version="1.0" encoding="UTF-8"?>
<!DOCTYPE html PUBLIC "-//W3C//DTD XHTML 1.0 Transitional//EN"
    "http://www.w3.org/TR/xhtml1/DTD/xhtml1-transitional.dtd">
<html xmlns="http://www.w3.org/1999/xhtml" xml:lang="en" lang="en">
 <head>
  <title>
</title>
<meta http-equiv="Content-Type" content="text/html;charset=utf-8" />
  <meta name='ocr-system' content='tesseract 3.04.00' />
  <meta name='ocr-capabilities' content='ocr_page ocr_carea ocr_par ocr_line ocrx_word'/>
</head>
<body>
  <div class='ocr_page' id='page_1' title='image "./prosopographiai01dessgoog_0150.png"; bbox 0 0 3859 5992; ppageno 0'>
   <div class='ocr_carea' id='block_1_1' title="bbox 534 531 3242 598">
    <p class='ocr_par' dir='ltr' id='par_1_1' title="bbox 534 531 3242 598">
     <span class='ocr_line' id='line_1_1' title="bbox 534 531 3242 598; baseline 0.001 -5"><span class='ocrx_word' id='word_1_1' title='bbox 534 535 933 594; x_wconf 81' lang='lat' dir='ltr'>ARISTIDES</span> <span class='ocrx_word' id='word_1_2' title='bbox 1836 531 1961 597; x_wconf 83' lang='lat'>132</span> <span class='ocrx_word' id='word_1_3' title='bbox 2844 541 3242 598; x_wconf 86' lang='lat' dir='ltr'>ARISTIDES</span> 
     </span>
    </p>
   </div>
   <div class='ocr_carea' id='block_1_2' title="bbox 613 638 791 644">
    <p class='ocr_par' dir='ltr' id='par_1_2' title="bbox 613 638 791 644">
     <span class='ocr_line' id='line_1_2' title="bbox 613 638 791 644; baseline 0 0"><span class='ocrx_word' id='word_1_4' title='bbox 613 638 791 644; x_wconf 95' lang='lat' dir='ltr'> </span> 
     </span>
    </p>
   </div>
   <div class='ocr_carea' id='block_1_3' title="bbox 529 735 3246 4528">
    <p class='ocr_par' dir='ltr' id='par_1_3' title="bbox 656 735 3246 1113">
     <span class='ocr_line' id='line_1_3' title="bbox 661 735 3245 822; baseline 0.001 -18"><span class='ocrx_word' id='word_1_5' title='bbox 661 749 799 804; x_wconf 85' lang='lat' dir='ltr'>tum</span> <span class='ocrx_word' id='word_1_6' title='bbox 829 737 1034 805; x_wconf 87' lang='lat' dir='ltr'>Arist.</span> <span class='ocrx_word' id='word_1_7' title='bbox 1069 740 1231 801; x_wconf 86' lang='lat' dir='ltr'>orat.</span> <span class='ocrx_word' id='word_1_8' title='bbox 1259 739 1343 800; x_wconf 99' lang='grc'>48</span> <span class='ocrx_word' id='word_1_9' title='bbox 1384 736 1477 801; x_wconf 95' lang='grc' dir='ltr'>ΙΙ</span> <span class='ocrx_word' id='word_1_10' title='bbox 1496 758 1568 819; x_wconf 89' lang='grc' dir='ltr'>Ρ.</span> <span class='ocrx_word' id='word_1_11' title='bbox 1599 740 1741 813; x_wconf 90' lang='grc'><em>437,</em></span> <span class='ocrx_word' id='word_1_12' title='bbox 1791 735 2205 814; x_wconf 74' lang='lat' dir='ltr'>Philostrat.‚·</span> <span class='ocrx_word' id='word_1_13' title='bbox 2248 736 2398 801; x_wconf 89' lang='lat' dir='ltr'>dein</span> <span class='ocrx_word' id='word_1_14' title='bbox 2441 738 2711 803; x_wconf 83' lang='lat' dir='ltr'>Romam</span> <span class='ocrx_word' id='word_1_15' title='bbox 2756 737 2888 803; x_wconf 70' lang='lat' dir='ltr'>ibat.</span> <span class='ocrx_word' id='word_1_16' title='bbox 2928 739 2981 804; x_wconf 93' lang='lat' dir='ltr'><strong><em>I</em></strong></span> <span class='ocrx_word' id='word_1_17' title='bbox 3001 761 3073 822; x_wconf 91' lang='lat' dir='ltr'>p.</span> <span class='ocrx_word' id='word_1_18' title='bbox 3107 743 3245 807; x_wconf 88' lang='grc'><em>466.</em></span> 
     </span>
     <span class='ocr_line' id='line_1_4' title="bbox 657 839 3246 927; baseline 0 -21"><span class='ocrx_word' id='word_1_19' title='bbox 657 846 800 909; x_wconf 87' lang='grc'><em>481.</em></span> <span class='ocrx_word' id='word_1_20' title='bbox 845 845 994 908; x_wconf 90' lang='grc'><em>482.</em></span> <span class='ocrx_word' id='word_1_21' title='bbox 1036 844 1177 904; x_wconf 89' lang='grc'><em>511.</em></span> <span class='ocrx_word' id='word_1_22' title='bbox 1267 840 1346 904; x_wconf 89' lang='lat' dir='ltr'>In</span> <span class='ocrx_word' id='word_1_23' title='bbox 1407 860 1481 902; x_wconf 90' lang='lat' dir='ltr'>eo</span> <span class='ocrx_word' id='word_1_24' title='bbox 1538 839 1770 903; x_wconf 89' lang='lat' dir='ltr'>itinere</span> <span class='ocrx_word' id='word_1_25' title='bbox 1829 841 2218 923; x_wconf 83' lang='lat' dir='ltr'>gravissimo</span> <span class='ocrx_word' id='word_1_26' title='bbox 2278 840 2503 905; x_wconf 87' lang='lat' dir='ltr'>morbo</span> <span class='ocrx_word' id='word_1_27' title='bbox 2564 853 2902 926; x_wconf 85' lang='lat' dir='ltr'>correptus</span> <span class='ocrx_word' id='word_1_28' title='bbox 2960 863 3080 927; x_wconf 86' lang='lat' dir='ltr'>per</span> <span class='ocrx_word' id='word_1_29' title='bbox 3124 852 3246 906; x_wconf 88' lang='lat' dir='ltr'>tre-</span> 
     </span>
     <span class='ocr_line' id='line_1_5' title="bbox 662 941 3246 1029; baseline 0.001 -20"><span class='ocrx_word' id='word_1_30' title='bbox 662 945 870 1010; x_wconf 79' lang='lat' dir='ltr'>decim</span> <span class='ocrx_word' id='word_1_31' title='bbox 934 963 1169 1025; x_wconf 70' lang='lat' dir='ltr'>annox-1,</span> <span class='ocrx_word' id='word_1_32' title='bbox 1240 951 1466 1027; x_wconf 88' lang='lat' dir='ltr'>postea</span> <span class='ocrx_word' id='word_1_33' title='bbox 1530 963 1648 1027; x_wconf 91' lang='lat' dir='ltr'>per</span> <span class='ocrx_word' id='word_1_34' title='bbox 1714 952 2023 1027; x_wconf 87' lang='lat' dir='ltr'>quattuor</span> <span class='ocrx_word' id='word_1_35' title='bbox 2086 952 2270 1029; x_wconf 87' lang='lat' dir='ltr'>peste</span> <span class='ocrx_word' id='word_1_36' title='bbox 2335 941 2661 1008; x_wconf 86' lang='lat' dir='ltr'>laboravit</span> <span class='ocrx_word' id='word_1_37' title='bbox 2723 943 2853 1009; x_wconf 83' lang='lat' dir='ltr'>ibcl.</span> <span class='ocrx_word' id='word_1_38' title='bbox 2901 946 2951 1010; x_wconf 94' lang='lat' dir='ltr'><strong><em>I</em></strong></span> <span class='ocrx_word' id='word_1_39' title='bbox 2984 967 3058 1028; x_wconf 89' lang='lat' dir='ltr'>p.</span> <span class='ocrx_word' id='word_1_40' title='bbox 3103 951 3246 1014; x_wconf 89' lang='grc'><em>470.</em></span> 
     </span>
     <span class='ocr_line' id='line_1_6' title="bbox 656 1052 971 1113; baseline 0.003 -1"><span class='ocrx_word' id='word_1_41' title='bbox 656 1052 971 1113; x_wconf 75' lang='lat'><strong><em>474-476.</em></strong></span> 
     </span>
    </p>

    <p class='ocr_par' dir='ltr' id='par_1_4' title="bbox 652 1146 3246 1540">
     <span class='ocr_line' id='line_1_7' title="bbox 786 1146 3246 1236; baseline 0.001 -23"><span class='ocrx_word' id='word_1_42' title='bbox 786 1148 893 1214; x_wconf 91' lang='lat' dir='ltr'>Ab</span> <span class='ocrx_word' id='word_1_43' title='bbox 953 1150 1342 1234; x_wconf 81' lang='lat' dir='ltr'><strong>imperatore</strong></span> <span class='ocrx_word' id='word_1_44' title='bbox 1400 1148 1668 1232; x_wconf 85' lang='lat' dir='ltr'>eiusque</span> <span class='ocrx_word' id='word_1_45' title='bbox 1713 1146 1846 1211; x_wconf 90' lang='lat' dir='ltr'>filio</span> <span class='ocrx_word' id='word_1_46' title='bbox 1893 1147 2156 1232; x_wconf 82' lang='lat' dir='ltr'>(scilicet</span> <span class='ocrx_word' id='word_1_47' title='bbox 2198 1148 2321 1213; x_wconf 84' lang='lat' dir='ltr'>Pio</span> <span class='ocrx_word' id='word_1_48' title='bbox 2367 1153 2426 1213; x_wconf 88' lang='lat' dir='ltr'>ct</span> <span class='ocrx_word' id='word_1_49' title='bbox 2472 1149 2732 1236; x_wconf 82' lang='lat' dir='ltr'>Marco)</span> <span class='ocrx_word' id='word_1_50' title='bbox 2777 1151 3246 1216; x_wconf 87' lang='lat' dir='ltr'>immunitatem</span> 
     </span>
     <span class='ocr_line' id='line_1_8' title="bbox 655 1249 3243 1339; baseline 0 -21"><span class='ocrx_word' id='word_1_51' title='bbox 655 1254 907 1339; x_wconf 83' lang='lat' dir='ltr'>aceepit</span> <span class='ocrx_word' id='word_1_52' title='bbox 948 1252 1155 1317; x_wconf 87' lang='lat' dir='ltr'>Arist.</span> <span class='ocrx_word' id='word_1_53' title='bbox 1201 1251 1254 1316; x_wconf 93' lang='lat' dir='ltr'><strong><em>I</em></strong></span> <span class='ocrx_word' id='word_1_54' title='bbox 1272 1272 1344 1333; x_wconf 90' lang='lat' dir='ltr'>p.</span> <span class='ocrx_word' id='word_1_55' title='bbox 1378 1254 1525 1317; x_wconf 91' lang='grc'><em>524.</em></span> <span class='ocrx_word' id='word_1_56' title='bbox 1615 1249 2046 1315; x_wconf 86' lang='lat' dir='ltr'>Proconsules</span> <span class='ocrx_word' id='word_1_57' title='bbox 2091 1250 2291 1316; x_wconf 89' lang='lat' dir='ltr'>Asiae</span> <span class='ocrx_word' id='word_1_58' title='bbox 2333 1252 2625 1317; x_wconf 82' lang='lat' dir='ltr'>Iulianus</span> <span class='ocrx_word' id='word_1_59' title='bbox 2668 1252 2874 1318; x_wconf 84' lang='lat' dir='ltr'>Arist.</span> <span class='ocrx_word' id='word_1_60' title='bbox 2921 1255 2972 1318; x_wconf 97' lang='lat' dir='ltr'><strong><em>I</em></strong></span> <span class='ocrx_word' id='word_1_61' title='bbox 2999 1274 3073 1336; x_wconf 88' lang='lat' dir='ltr'>p.</span> <span class='ocrx_word' id='word_1_62' title='bbox 3103 1259 3243 1331; x_wconf 89' lang='grc'><em>534,</em></span> 
     </span>
     <span class='ocr_line' id='line_1_9' title="bbox 658 1352 3243 1439; baseline -0 -17"><span class='ocrx_word' id='word_1_63' title='bbox 658 1353 934 1422; x_wconf 84' lang='lat' dir='ltr'><strong>Glabrio</strong></span> <span class='ocrx_word' id='word_1_64' title='bbox 965 1354 1018 1419; x_wconf 93' lang='lat' dir='ltr'><strong><em>I</em></strong></span> <span class='ocrx_word' id='word_1_65' title='bbox 1035 1375 1108 1436; x_wconf 90' lang='grc' dir='ltr'>Ρ.</span> <span class='ocrx_word' id='word_1_66' title='bbox 1138 1357 1279 1418; x_wconf 89' lang='grc'><em>530.</em></span> <span class='ocrx_word' id='word_1_67' title='bbox 1316 1356 1456 1429; x_wconf 89' lang='grc'><em>531,</em></span> <span class='ocrx_word' id='word_1_68' title='bbox 1506 1353 1788 1419; x_wconf 87' lang='lat' dir='ltr'>Severus</span> <span class='ocrx_word' id='word_1_69' title='bbox 1819 1352 1872 1417; x_wconf 93' lang='lat' dir='ltr'><strong><em>I</em></strong></span> <span class='ocrx_word' id='word_1_70' title='bbox 1889 1375 1964 1436; x_wconf 91' lang='grc' dir='ltr'>Ρ.</span> <span class='ocrx_word' id='word_1_71' title='bbox 1994 1358 2137 1419; x_wconf 90' lang='grc'><em>505.</em></span> <span class='ocrx_word' id='word_1_72' title='bbox 2169 1357 2315 1430; x_wconf 90' lang='grc'><em>523,</em></span> <span class='ocrx_word' id='word_1_73' title='bbox 2350 1352 2727 1435; x_wconf 75' lang='lat' dir='ltr'><strong>Quadratus</strong></span> <span class='ocrx_word' id='word_1_74' title='bbox 2758 1355 2810 1420; x_wconf 92' lang='lat' dir='ltr'><strong><em>I</em></strong></span> <span class='ocrx_word' id='word_1_75' title='bbox 2830 1379 2901 1439; x_wconf 90' lang='grc' dir='ltr'>Ρ.</span> <span class='ocrx_word' id='word_1_76' title='bbox 2934 1362 3073 1423; x_wconf 88' lang='grc'><em>116.</em></span> <span class='ocrx_word' id='word_1_77' title='bbox 3104 1361 3243 1422; x_wconf 88' lang='grc'><em>451.</em></span> 
     </span>
     <span class='ocr_line' id='line_1_10' title="bbox 652 1454 3242 1540; baseline -0.001 -16"><span class='ocrx_word' id='word_1_78' title='bbox 652 1463 804 1524; x_wconf 90' lang='grc'><em>521.</em></span> <span class='ocrx_word' id='word_1_79' title='bbox 846 1461 992 1524; x_wconf 89' lang='grc'><em>523.</em></span> <span class='ocrx_word' id='word_1_80' title='bbox 1037 1460 1157 1521; x_wconf 89' lang='grc'>531</span> <span class='ocrx_word' id='word_1_81' title='bbox 1201 1454 1555 1520; x_wconf 82' lang='lat' dir='ltr'>honorifice</span> <span class='ocrx_word' id='word_1_82' title='bbox 1600 1477 1747 1520; x_wconf 90' lang='lat' dir='ltr'>eum</span> <span class='ocrx_word' id='word_1_83' title='bbox 1793 1465 2259 1521; x_wconf 81' lang='lat' dir='ltr'>tractaverunt.</span> <span class='ocrx_word' id='word_1_84' title='bbox 2357 1458 2648 1522; x_wconf 80' lang='lat' dir='ltr'>Litterae</span> <span class='ocrx_word' id='word_1_85' title='bbox 2694 1458 2973 1540; x_wconf 86' lang='lat' dir='ltr'>(Avidii)</span> <span class='ocrx_word' id='word_1_86' title='bbox 3019 1459 3242 1524; x_wconf 88' lang='lat' dir='ltr'>Helio-</span> 
     </span>
    </p>

    <p class='ocr_par' dir='ltr' id='par_1_5' title="bbox 529 1557 3242 2780">
     <span class='ocr_line' id='line_1_11' title="bbox 529 1557 3241 1646; baseline 0 -20"><span class='ocrx_word' id='word_1_87' title='bbox 529 1632 539 1642; x_wconf 45' lang='lat'><strong>·</strong></span> <span class='ocrx_word' id='word_1_88' title='bbox 654 1561 796 1626; x_wconf 89' lang='lat' dir='ltr'>dori</span> <span class='ocrx_word' id='word_1_89' title='bbox 854 1558 1164 1645; x_wconf 84' lang='lat' dir='ltr'>praefecti</span> <span class='ocrx_word' id='word_1_90' title='bbox 1209 1557 1495 1644; x_wconf 83' lang='lat' dir='ltr'>Aegypti</span> <span class='ocrx_word' id='word_1_91' title='bbox 1557 1558 1641 1623; x_wconf 87' lang='lat' dir='ltr'>ad</span> <span class='ocrx_word' id='word_1_92' title='bbox 1700 1580 1849 1623; x_wconf 91' lang='lat' dir='ltr'>eum</span> <span class='ocrx_word' id='word_1_93' title='bbox 1909 1559 2102 1624; x_wconf 86' lang='lat' dir='ltr'>datae</span> <span class='ocrx_word' id='word_1_94' title='bbox 2145 1560 2196 1625; x_wconf 95' lang='lat' dir='ltr'><strong><em>I</em></strong></span> <span class='ocrx_word' id='word_1_95' title='bbox 2231 1581 2303 1642; x_wconf 89' lang='grc' dir='ltr'>Ρ.</span> <span class='ocrx_word' id='word_1_96' title='bbox 2335 1564 2481 1625; x_wconf 88' lang='grc'><em>524.</em></span> <span class='ocrx_word' id='word_1_97' title='bbox 2572 1562 2937 1646; x_wconf 81' lang='lat' dir='ltr'>Imperator</span> <span class='ocrx_word' id='word_1_98' title='bbox 2979 1562 3241 1627; x_wconf 82' lang='lat' dir='ltr'>Marcus</span> 
     </span>
     <span class='ocr_line' id='line_1_12' title="bbox 654 1660 3241 1748; baseline 0 -20"><span class='ocrx_word' id='word_1_99' title='bbox 654 1685 802 1728; x_wconf 86' lang='lat' dir='ltr'>oum</span> <span class='ocrx_word' id='word_1_100' title='bbox 848 1660 1201 1728; x_wconf 82' lang='lat' dir='ltr'>Commodo</span> <span class='ocrx_word' id='word_1_101' title='bbox 1261 1660 1393 1726; x_wconf 88' lang='lat' dir='ltr'>filio</span> <span class='ocrx_word' id='word_1_102' title='bbox 1446 1663 1534 1745; x_wconf 89' lang='lat' dir='ltr'>(a.</span> <span class='ocrx_word' id='word_1_103' title='bbox 1585 1662 1735 1744; x_wconf 82' lang='lat'>176)</span> <span class='ocrx_word' id='word_1_104' title='bbox 1798 1684 1946 1726; x_wconf 90' lang='lat' dir='ltr'>eum</span> <span class='ocrx_word' id='word_1_105' title='bbox 1995 1662 2313 1748; x_wconf 83' lang='lat' dir='ltr'>Smyrnae</span> <span class='ocrx_word' id='word_1_106' title='bbox 2372 1663 2628 1728; x_wconf 87' lang='lat' dir='ltr'>audivit</span> <span class='ocrx_word' id='word_1_107' title='bbox 2668 1662 3043 1731; x_wconf 80' lang='lat' dir='ltr'>Philostrat.</span> <span class='ocrx_word' id='word_1_108' title='bbox 3090 1664 3131 1729; x_wconf 87' lang='lat' dir='ltr'>l.</span> <span class='ocrx_word' id='word_1_109' title='bbox 3179 1664 3241 1735; x_wconf 77' lang='lat' dir='ltr'>L,</span> 
     </span>
     <span class='ocr_line' id='line_1_13' title="bbox 654 1763 3241 1852; baseline 0 -22"><span class='ocrx_word' id='word_1_110' title='bbox 654 1765 906 1847; x_wconf 71' lang='lat' dir='ltr'>Proley.</span> <span class='ocrx_word' id='word_1_111' title='bbox 940 1787 1014 1848; x_wconf 90' lang='grc' dir='ltr'>Ρ.</span> <span class='ocrx_word' id='word_1_112' title='bbox 1050 1768 1170 1828; x_wconf 91' lang='grc'>738</span> <span class='ocrx_word' id='word_1_113' title='bbox 1213 1764 1295 1845; x_wconf 81' lang='lat' dir='ltr'>cf.</span> <span class='ocrx_word' id='word_1_114' title='bbox 1342 1763 1547 1828; x_wconf 85' lang='lat' dir='ltr'>Arist.</span> <span class='ocrx_word' id='word_1_115' title='bbox 1595 1769 1757 1830; x_wconf 87' lang='lat' dir='ltr'>orat.</span> <span class='ocrx_word' id='word_1_116' title='bbox 1788 1770 1884 1831; x_wconf 90' lang='grc'>22</span> <span class='ocrx_word' id='word_1_117' title='bbox 1927 1765 1979 1828; x_wconf 97' lang='grc' dir='ltr'><em>Ι</em></span> <span class='ocrx_word' id='word_1_118' title='bbox 2000 1787 2071 1847; x_wconf 90' lang='grc' dir='ltr'>Ρ.</span> <span class='ocrx_word' id='word_1_119' title='bbox 2105 1770 2246 1830; x_wconf 91' lang='grc'><em>439.</em></span> <span class='ocrx_word' id='word_1_120' title='bbox 2289 1771 2436 1830; x_wconf 88' lang='grc'><em>440.</em></span> <span class='ocrx_word' id='word_1_121' title='bbox 2526 1764 2691 1830; x_wconf 86' lang='lat' dir='ltr'>Cum</span> <span class='ocrx_word' id='word_1_122' title='bbox 2742 1767 3027 1852; x_wconf 84' lang='lat' dir='ltr'>Smyrna</span> <span class='ocrx_word' id='word_1_123' title='bbox 3085 1767 3241 1832; x_wconf 90' lang='lat' dir='ltr'>urbs</span> 
     </span>
     <span class='ocr_line' id='line_1_14' title="bbox 651 1866 3241 1953; baseline -0.001 -18"><span class='ocrx_word' id='word_1_124' title='bbox 651 1893 712 1935; x_wconf 88' lang='lat' dir='ltr'>a.</span> <span class='ocrx_word' id='word_1_125' title='bbox 761 1870 881 1934; x_wconf 88' lang='grc'>178</span> <span class='ocrx_word' id='word_1_126' title='bbox 943 1883 1153 1933; x_wconf 88' lang='lat' dir='ltr'>terrae</span> <span class='ocrx_word' id='word_1_127' title='bbox 1207 1877 1384 1932; x_wconf 86' lang='lat' dir='ltr'>motu</span> <span class='ocrx_word' id='word_1_128' title='bbox 1442 1869 1734 1950; x_wconf 85' lang='lat' dir='ltr'>graviter</span> <span class='ocrx_word' id='word_1_129' title='bbox 1791 1866 2093 1953; x_wconf 81' lang='lat' dir='ltr'>perculsa</span> <span class='ocrx_word' id='word_1_130' title='bbox 2158 1879 2344 1952; x_wconf 83' lang='lat' dir='ltr'>esset,</span> <span class='ocrx_word' id='word_1_131' title='bbox 2408 1868 2733 1934; x_wconf 84' lang='lat' dir='ltr'>Aristides</span> <span class='ocrx_word' id='word_1_132' title='bbox 2797 1871 3092 1935; x_wconf 85' lang='lat' dir='ltr'>oratione</span> <span class='ocrx_word' id='word_1_133' title='bbox 3157 1869 3241 1933; x_wconf 85' lang='lat' dir='ltr'>ad</span> 
     </span>
     <span class='ocr_line' id='line_1_15' title="bbox 650 1968 3238 2057; baseline 0 -22"><span class='ocrx_word' id='word_1_134' title='bbox 650 1972 1071 2057; x_wconf 88' lang='lat' dir='ltr'>imperatores</span> <span class='ocrx_word' id='word_1_135' title='bbox 1134 1971 1334 2034; x_wconf 89' lang='lat' dir='ltr'>missa</span> <span class='ocrx_word' id='word_1_136' title='bbox 1398 1968 1588 2050; x_wconf 85' lang='lat' dir='ltr'>(orat.</span> <span class='ocrx_word' id='word_1_137' title='bbox 1653 1974 1736 2034; x_wconf 90' lang='grc'><em>41</em></span> <span class='ocrx_word' id='word_1_138' title='bbox 1793 1972 1844 2035; x_wconf 96' lang='grc' dir='ltr'><em>Ι</em></span> <span class='ocrx_word' id='word_1_139' title='bbox 1877 1993 1951 2054; x_wconf 88' lang='grc' dir='ltr'>Ρ.</span> <span class='ocrx_word' id='word_1_140' title='bbox 2001 1970 2148 2053; x_wconf 89' lang='grc'><em>762)</em></span> <span class='ocrx_word' id='word_1_141' title='bbox 2217 1972 2460 2054; x_wconf 86' lang='lat' dir='ltr'>effecit,</span> <span class='ocrx_word' id='word_1_142' title='bbox 2535 1983 2609 2038; x_wconf 90' lang='lat' dir='ltr'>ut</span> <span class='ocrx_word' id='word_1_143' title='bbox 2680 1972 2941 2036; x_wconf 86' lang='lat' dir='ltr'>Marcus</span> <span class='ocrx_word' id='word_1_144' title='bbox 3008 1971 3238 2037; x_wconf 90' lang='lat' dir='ltr'>urbem</span> 
     </span>
     <span class='ocr_line' id='line_1_16' title="bbox 651 2071 3240 2161; baseline 0 -22"><span class='ocrx_word' id='word_1_145' title='bbox 651 2073 1141 2141; x_wconf 80' lang='lat' dir='ltr'>restaurandam</span> <span class='ocrx_word' id='word_1_146' title='bbox 1184 2082 1481 2155; x_wconf 80' lang='lat' dir='ltr'>curaret3</span> <span class='ocrx_word' id='word_1_147' title='bbox 1540 2071 1760 2137; x_wconf 89' lang='lat' dir='ltr'>multis</span> <span class='ocrx_word' id='word_1_148' title='bbox 1817 2072 1967 2136; x_wconf 89' lang='lat' dir='ltr'>inde</span> <span class='ocrx_word' id='word_1_149' title='bbox 2013 2073 2365 2139; x_wconf 83' lang='lat' dir='ltr'>honoribus</span> <span class='ocrx_word' id='word_1_150' title='bbox 2410 2074 2732 2140; x_wconf 82' lang='lat' dir='ltr'>Aristides</span> <span class='ocrx_word' id='word_1_151' title='bbox 2777 2099 2817 2139; x_wconf 91' lang='lat' dir='ltr'>a</span> <span class='ocrx_word' id='word_1_152' title='bbox 2863 2075 3240 2161; x_wconf 87' lang='lat' dir='ltr'>Smyrnaeis</span> 
     </span>
     <span class='ocr_line' id='line_1_17' title="bbox 648 2175 3238 2261; baseline 0 -18"><span class='ocrx_word' id='word_1_153' title='bbox 648 2179 921 2243; x_wconf 85' lang='lat' dir='ltr'>affectus</span> <span class='ocrx_word' id='word_1_154' title='bbox 976 2186 1073 2241; x_wconf 88' lang='lat' dir='ltr'>est</span> <span class='ocrx_word' id='word_1_155' title='bbox 1130 2176 1508 2241; x_wconf 76' lang='lat' dir='ltr'>Philostrat.</span> <span class='ocrx_word' id='word_1_156' title='bbox 1557 2175 1594 2239; x_wconf 90' lang='lat' dir='ltr'>l.</span> <span class='ocrx_word' id='word_1_157' title='bbox 1645 2175 1686 2241; x_wconf 87' lang='lat' dir='ltr'>l.</span> <span class='ocrx_word' id='word_1_158' title='bbox 1748 2175 1832 2257; x_wconf 79' lang='lat' dir='ltr'>cf.</span> <span class='ocrx_word' id='word_1_159' title='bbox 1883 2175 2200 2241; x_wconf 83' lang='lat' dir='ltr'>Aristidis</span> <span class='ocrx_word' id='word_1_160' title='bbox 2259 2181 2423 2242; x_wconf 88' lang='lat' dir='ltr'>orat.</span> <span class='ocrx_word' id='word_1_161' title='bbox 2466 2182 2574 2245; x_wconf 90' lang='grc'><em>20.</em></span> <span class='ocrx_word' id='word_1_162' title='bbox 2620 2183 2709 2243; x_wconf 93' lang='grc'>21</span> <span class='ocrx_word' id='word_1_163' title='bbox 2752 2179 2803 2242; x_wconf 96' lang='grc' dir='ltr'><em>Ι</em></span> <span class='ocrx_word' id='word_1_164' title='bbox 2836 2200 2909 2261; x_wconf 87' lang='grc' dir='ltr'>Ρ.</span> <span class='ocrx_word' id='word_1_165' title='bbox 2953 2184 3080 2245; x_wconf 88' lang='grc'>424</span> <span class='ocrx_word' id='word_1_166' title='bbox 3110 2199 3238 2261; x_wconf 79' lang='lat' dir='ltr'>sqq.</span> 
     </span>
     <span class='ocr_line' id='line_1_18' title="bbox 648 2277 3237 2366; baseline 0 -20"><span class='ocrx_word' id='word_1_167' title='bbox 648 2282 872 2347; x_wconf 84' lang='lat' dir='ltr'>Vitam</span> <span class='ocrx_word' id='word_1_168' title='bbox 915 2301 1120 2366; x_wconf 88' lang='lat' dir='ltr'>usque</span> <span class='ocrx_word' id='word_1_169' title='bbox 1165 2279 1250 2344; x_wconf 87' lang='lat' dir='ltr'>ad</span> <span class='ocrx_word' id='word_1_170' title='bbox 1282 2277 1620 2344; x_wconf 86' lang='lat' dir='ltr'>Commodi</span> <span class='ocrx_word' id='word_1_171' title='bbox 1665 2298 1940 2361; x_wconf 87' lang='lat' dir='ltr'>regnum</span> <span class='ocrx_word' id='word_1_172' title='bbox 1977 2279 2289 2364; x_wconf 83' lang='lat' dir='ltr'>produxit</span> <span class='ocrx_word' id='word_1_173' title='bbox 2320 2280 2581 2346; x_wconf 75' lang='lat' dir='ltr'>Suidas,</span> <span class='ocrx_word' id='word_1_174' title='bbox 2657 2280 2764 2345; x_wconf 84' lang='lat' dir='ltr'>Ad</span> <span class='ocrx_word' id='word_1_175' title='bbox 2793 2280 3237 2364; x_wconf 84' lang='lat' dir='ltr'>Commodum,</span> 
     </span>
     <span class='ocr_line' id='line_1_19' title="bbox 649 2381 3242 2471; baseline 0 -22"><span class='ocrx_word' id='word_1_176' title='bbox 649 2406 797 2449; x_wconf 86' lang='lat' dir='ltr'>eum</span> <span class='ocrx_word' id='word_1_177' title='bbox 855 2382 1030 2447; x_wconf 85' lang='lat' dir='ltr'>solus</span> <span class='ocrx_word' id='word_1_178' title='bbox 1091 2382 1434 2467; x_wconf 86' lang='lat' dir='ltr'>imperium</span> <span class='ocrx_word' id='word_1_179' title='bbox 1495 2392 1777 2465; x_wconf 86' lang='lat' dir='ltr'>teneret,</span> <span class='ocrx_word' id='word_1_180' title='bbox 1838 2382 2018 2447; x_wconf 85' lang='lat' dir='ltr'>misit</span> <span class='ocrx_word' id='word_1_181' title='bbox 2076 2384 2436 2447; x_wconf 89' lang='lat' dir='ltr'>orationem</span> <span class='ocrx_word' id='word_1_182' title='bbox 2489 2381 2609 2463; x_wconf 88' lang='grc'>(22</span> <span class='ocrx_word' id='word_1_183' title='bbox 2650 2383 2703 2448; x_wconf 96' lang='grc' dir='ltr'><em>Ι</em></span> <span class='ocrx_word' id='word_1_184' title='bbox 2741 2405 2808 2466; x_wconf 94' lang='grc' dir='ltr'>Ρ.</span> <span class='ocrx_word' id='word_1_185' title='bbox 2853 2383 3018 2466; x_wconf 88' lang='grc'><em>439),</em></span> <span class='ocrx_word' id='word_1_186' title='bbox 3073 2407 3242 2471; x_wconf 88' lang='lat' dir='ltr'>quae</span> 
     </span>
     <span class='ocr_line' id='line_1_20' title="bbox 651 2483 3237 2571; baseline 0.002 -22"><span class='ocrx_word' id='word_1_187' title='bbox 651 2486 959 2570; x_wconf 73' lang='lat' dir='ltr'>inscripta</span> <span class='ocrx_word' id='word_1_188' title='bbox 1004 2494 1101 2549; x_wconf 83' lang='lat' dir='ltr'>est</span> <span class='ocrx_word' id='word_1_189' title='bbox 1138 2483 1638 2571; x_wconf 81' lang='grc' dir='ltr'>ΙΙροςφωνητικὸς</span> <span class='ocrx_word' id='word_1_190' title='bbox 1668 2485 2004 2570; x_wconf 79' lang='grc' dir='ltr'>Σμυρναῖος</span> <span class='ocrx_word' id='word_1_191' title='bbox 2048 2484 2130 2548; x_wconf 83' lang='lat' dir='ltr'>de</span> <span class='ocrx_word' id='word_1_192' title='bbox 2171 2487 2580 2551; x_wconf 83' lang='lat' dir='ltr'>restitutione</span> <span class='ocrx_word' id='word_1_193' title='bbox 2622 2485 2823 2555; x_wconf 82' lang='lat' dir='ltr'>urbis,</span> <span class='ocrx_word' id='word_1_194' title='bbox 2895 2485 3237 2555; x_wconf 71' lang='grc' dir='ltr'>Ἀποθανεῒν</span> 
     </span>
     <span class='ocr_line' id='line_1_21' title="bbox 646 2586 3236 2678; baseline 0.001 -24"><span class='ocrx_word' id='word_1_195' title='bbox 646 2592 713 2656; x_wconf 80' lang='grc' dir='ltr'>δὲ</span> <span class='ocrx_word' id='word_1_196' title='bbox 753 2590 856 2655; x_wconf 83' lang='grc' dir='ltr'>τὸν</span> <span class='ocrx_word' id='word_1_197' title='bbox 904 2586 1251 2675; x_wconf 71' lang='grc' dir='ltr'>Ἀριστείδην</span> <span class='ocrx_word' id='word_1_198' title='bbox 1299 2593 1352 2654; x_wconf 86' lang='grc' dir='ltr'>οἱ</span> <span class='ocrx_word' id='word_1_199' title='bbox 1411 2591 1518 2675; x_wconf 81' lang='grc' dir='ltr'>μὲν</span> <span class='ocrx_word' id='word_1_200' title='bbox 1567 2589 1716 2653; x_wconf 79' lang='grc' dir='ltr'>οἴκοι</span> <span class='ocrx_word' id='word_1_201' title='bbox 1756 2592 2104 2675; x_wconf 80' lang='grc' dir='ltr'>γράφουσιν,</span> <span class='ocrx_word' id='word_1_202' title='bbox 2164 2593 2218 2654; x_wconf 90' lang='grc' dir='ltr'>οἱ</span> <span class='ocrx_word' id='word_1_203' title='bbox 2269 2591 2333 2654; x_wconf 85' lang='grc' dir='ltr'>δὲ</span> <span class='ocrx_word' id='word_1_204' title='bbox 2379 2589 2443 2655; x_wconf 87' lang='grc' dir='ltr'>ἐν</span> <span class='ocrx_word' id='word_1_205' title='bbox 2491 2589 2709 2677; x_wconf 75' lang='grc' dir='ltr'><em>Ἰωνίᾳ,</em></span> <span class='ocrx_word' id='word_1_206' title='bbox 2771 2589 2871 2676; x_wconf 85' lang='grc' dir='ltr'>ἔτη</span> <span class='ocrx_word' id='word_1_207' title='bbox 2921 2592 3236 2678; x_wconf 83' lang='grc' dir='ltr'><strong>βιώσαντα,</strong></span> 
     </span>
     <span class='ocr_line' id='line_1_22' title="bbox 648 2692 3113 2780; baseline 0.001 -23"><span class='ocrx_word' id='word_1_208' title='bbox 648 2697 702 2757; x_wconf 87' lang='grc' dir='ltr'>οἱ</span> <span class='ocrx_word' id='word_1_209' title='bbox 751 2695 858 2778; x_wconf 83' lang='grc' dir='ltr'>μὲν</span> <span class='ocrx_word' id='word_1_210' title='bbox 905 2694 1194 2778; x_wconf 72' lang='grc' dir='ltr'>ἑξήκοντά</span> <span class='ocrx_word' id='word_1_211' title='bbox 1239 2713 1436 2778; x_wconf 83' lang='grc' dir='ltr'>φασιν,</span> <span class='ocrx_word' id='word_1_212' title='bbox 1486 2696 1540 2756; x_wconf 85' lang='grc' dir='ltr'>οἱ</span> <span class='ocrx_word' id='word_1_213' title='bbox 1591 2695 1657 2757; x_wconf 83' lang='grc' dir='ltr'>δὲ</span> <span class='ocrx_word' id='word_1_214' title='bbox 1702 2694 1895 2778; x_wconf 73' lang='grc' dir='ltr'>ἀγχοῦ</span> <span class='ocrx_word' id='word_1_215' title='bbox 1938 2700 2056 2758; x_wconf 83' lang='grc' dir='ltr'>τῶν</span> <span class='ocrx_word' id='word_1_216' title='bbox 2105 2695 2517 2780; x_wconf 81' lang='grc' dir='ltr'>ἑβδομήκοντα</span> <span class='ocrx_word' id='word_1_217' title='bbox 2560 2692 2937 2760; x_wconf 75' lang='lat' dir='ltr'>Philostrat.</span> <span class='ocrx_word' id='word_1_218' title='bbox 2982 2693 3023 2758; x_wconf 90' lang='lat' dir='ltr'>l.</span> <span class='ocrx_word' id='word_1_219' title='bbox 3072 2694 3113 2759; x_wconf 86' lang='lat' dir='ltr'>l.</span> 
     </span>
    </p>

    <p class='ocr_par' dir='ltr' id='par_1_6' title="bbox 639 2794 3239 3600">
     <span class='ocr_line' id='line_1_23' title="bbox 775 2794 3234 2878; baseline 0.001 -18"><span class='ocrx_word' id='word_1_220' title='bbox 775 2795 1205 2860; x_wconf 80' lang='lat' dir='ltr'>Praedicatur</span> <span class='ocrx_word' id='word_1_221' title='bbox 1241 2794 1337 2859; x_wconf 85' lang='lat' dir='ltr'>vel</span> <span class='ocrx_word' id='word_1_222' title='bbox 1379 2800 1765 2859; x_wconf 80' lang='lat' dir='ltr'>memoratur</span> <span class='ocrx_word' id='word_1_223' title='bbox 1806 2795 2187 2862; x_wconf 75' lang='lat' dir='ltr'>Philostrat.</span> <span class='ocrx_word' id='word_1_224' title='bbox 2225 2796 2331 2858; x_wconf 71' lang='lat' dir='ltr'>vit.</span> <span class='ocrx_word' id='word_1_225' title='bbox 2362 2795 2622 2878; x_wconf 75' lang='lat' dir='ltr'>sophist.</span> <span class='ocrx_word' id='word_1_226' title='bbox 2652 2800 2718 2871; x_wconf 90' lang='grc'>2,</span> <span class='ocrx_word' id='word_1_227' title='bbox 2751 2800 2859 2872; x_wconf 88' lang='grc'>23,</span> <span class='ocrx_word' id='word_1_228' title='bbox 2891 2802 2956 2873; x_wconf 90' lang='grc'>2,</span> <span class='ocrx_word' id='word_1_229' title='bbox 3003 2798 3234 2863; x_wconf 85' lang='lat' dir='ltr'>Liban.</span> 
     </span>
     <span class='ocr_line' id='line_1_24' title="bbox 648 2896 3236 2986; baseline 0.003 -25"><span class='ocrx_word' id='word_1_230' title='bbox 648 2901 796 2986; x_wconf 85' lang='grc' dir='ltr'>πρὸς</span> <span class='ocrx_word' id='word_1_231' title='bbox 841 2896 1187 2986; x_wconf 74' lang='grc' dir='ltr'>Ἀριστείδην</span> <span class='ocrx_word' id='word_1_232' title='bbox 1230 2900 1377 2985; x_wconf 83' lang='grc' dir='ltr'>ὑπὲρ</span> <span class='ocrx_word' id='word_1_233' title='bbox 1421 2905 1537 2964; x_wconf 85' lang='grc' dir='ltr'>τῶν</span> <span class='ocrx_word' id='word_1_234' title='bbox 1591 2900 1904 2984; x_wconf 77' lang='grc' dir='ltr'>ὀρχηστῶν</span> <span class='ocrx_word' id='word_1_235' title='bbox 1966 2898 2060 2963; x_wconf 78' lang='lat' dir='ltr'>ed.</span> <span class='ocrx_word' id='word_1_236' title='bbox 2105 2898 2337 2963; x_wconf 76' lang='lat' dir='ltr'>Reiske</span> <span class='ocrx_word' id='word_1_237' title='bbox 2380 2899 2514 2964; x_wconf 94' lang='lat' dir='ltr'>III</span> <span class='ocrx_word' id='word_1_238' title='bbox 2547 2920 2619 2981; x_wconf 86' lang='lat' dir='ltr'>p.</span> <span class='ocrx_word' id='word_1_239' title='bbox 2666 2903 2799 2964; x_wconf 83' lang='grc'>347</span> <span class='ocrx_word' id='word_1_240' title='bbox 2834 2919 2963 2981; x_wconf 81' lang='lat' dir='ltr'>sqq.</span> <span class='ocrx_word' id='word_1_241' title='bbox 2982 2934 3002 2977; x_wconf 21' lang='grc' dir='ltr'>,Α</span> <span class='ocrx_word' id='word_1_242' title='bbox 3059 2902 3236 2983; x_wconf 84' lang='lat' dir='ltr'>epist.</span> 
     </span>
     <span class='ocr_line' id='line_1_25' title="bbox 647 3000 3239 3084; baseline 0 -18"><span class='ocrx_word' id='word_1_243' title='bbox 647 3006 791 3066; x_wconf 87' lang='grc'><em>530.</em></span> <span class='ocrx_word' id='word_1_244' title='bbox 838 3006 979 3066; x_wconf 89' lang='grc'><em>546.</em></span> <span class='ocrx_word' id='word_1_245' title='bbox 1023 3006 1167 3067; x_wconf 90' lang='grc'><em>884.</em></span> <span class='ocrx_word' id='word_1_246' title='bbox 1211 3005 1392 3065; x_wconf 88' lang='grc'><em>1348.</em></span> <span class='ocrx_word' id='word_1_247' title='bbox 1439 3005 1599 3065; x_wconf 93' lang='grc'><em>1351</em></span> <span class='ocrx_word' id='word_1_248' title='bbox 1645 3000 1738 3064; x_wconf 81' lang='lat' dir='ltr'>ed.</span> <span class='ocrx_word' id='word_1_249' title='bbox 1787 3000 1981 3083; x_wconf 83' lang='lat' dir='ltr'>Wolf,</span> <span class='ocrx_word' id='word_1_250' title='bbox 2027 3001 2287 3084; x_wconf 73' lang='lat' dir='ltr'>Eicnap.</span> <span class='ocrx_word' id='word_1_251' title='bbox 2331 3001 2439 3068; x_wconf 80' lang='lat' dir='ltr'>vit.</span> <span class='ocrx_word' id='word_1_252' title='bbox 2499 3001 2758 3084; x_wconf 79' lang='lat' dir='ltr'>sophist.</span> <span class='ocrx_word' id='word_1_253' title='bbox 2806 3023 2879 3084; x_wconf 89' lang='grc' dir='ltr'>Ρ.</span> <span class='ocrx_word' id='word_1_254' title='bbox 2926 3006 3067 3069; x_wconf 90' lang='grc'><em>488.</em></span> <span class='ocrx_word' id='word_1_255' title='bbox 3120 3006 3239 3067; x_wconf 88' lang='grc'>494</span> 
     </span>
     <span class='ocr_line' id='line_1_26' title="bbox 647 3103 3235 3188; baseline 0.002 -21"><span class='ocrx_word' id='word_1_256' title='bbox 647 3104 741 3172; x_wconf 80' lang='lat' dir='ltr'>ed.</span> <span class='ocrx_word' id='word_1_257' title='bbox 789 3104 881 3169; x_wconf 94' lang='lat' dir='ltr'>II</span> <span class='ocrx_word' id='word_1_258' title='bbox 913 3103 1330 3179; x_wconf 79' lang='lat' dir='ltr'>Boissonaclc‚</span> <span class='ocrx_word' id='word_1_259' title='bbox 1379 3103 1599 3186; x_wconf 78' lang='lat' dir='ltr'>Synes.</span> <span class='ocrx_word' id='word_1_260' title='bbox 1634 3103 1770 3169; x_wconf 85' lang='lat' dir='ltr'>Dio</span> <span class='ocrx_word' id='word_1_261' title='bbox 1799 3126 1872 3187; x_wconf 90' lang='grc' dir='ltr'><em>Ρ.</em></span> <span class='ocrx_word' id='word_1_262' title='bbox 1904 3109 1987 3168; x_wconf 90' lang='grc'><em>40</em></span> <span class='ocrx_word' id='word_1_263' title='bbox 2027 3103 2121 3168; x_wconf 81' lang='lat' dir='ltr'>ed.</span> <span class='ocrx_word' id='word_1_264' title='bbox 2168 3103 2409 3180; x_wconf 71' lang='lat' dir='ltr'>Petav„</span> <span class='ocrx_word' id='word_1_265' title='bbox 2457 3105 2634 3187; x_wconf 85' lang='lat' dir='ltr'>epist.</span> <span class='ocrx_word' id='word_1_266' title='bbox 2681 3109 2803 3168; x_wconf 91' lang='grc'>101</span> <span class='ocrx_word' id='word_1_267' title='bbox 2845 3104 3235 3188; x_wconf 71' lang='lat' dir='ltr'>F42istoloyr.</span> 
     </span>
     <span class='ocr_line' id='line_1_27' title="bbox 643 3206 3239 3291; baseline 0 -21"><span class='ocrx_word' id='word_1_268' title='bbox 643 3228 857 3290; x_wconf 74' lang='lat' dir='ltr'>yraec.</span> <span class='ocrx_word' id='word_1_269' title='bbox 919 3207 1013 3274; x_wconf 82' lang='lat' dir='ltr'>ed.</span> <span class='ocrx_word' id='word_1_270' title='bbox 1072 3206 1361 3272; x_wconf 76' lang='lat' dir='ltr'>Hcrcher</span> <span class='ocrx_word' id='word_1_271' title='bbox 1391 3229 1464 3290; x_wconf 90' lang='grc' dir='ltr'><em>Ρ.</em></span> <span class='ocrx_word' id='word_1_272' title='bbox 1495 3212 1637 3285; x_wconf 89' lang='grc'><em>699,</em></span> <span class='ocrx_word' id='word_1_273' title='bbox 1691 3207 1948 3272; x_wconf 86' lang='lat' dir='ltr'>Aeneas</span> <span class='ocrx_word' id='word_1_274' title='bbox 1991 3229 2084 3290; x_wconf 87' lang='lat' dir='ltr'>cp.</span> <span class='ocrx_word' id='word_1_275' title='bbox 2116 3210 2200 3271; x_wconf 93' lang='grc'><em>18</em></span> <span class='ocrx_word' id='word_1_276' title='bbox 2241 3207 2372 3271; x_wconf 79' lang='lat' dir='ltr'>ibd.</span> <span class='ocrx_word' id='word_1_277' title='bbox 2408 3229 2480 3290; x_wconf 91' lang='grc' dir='ltr'><em>Ρ.</em></span> <span class='ocrx_word' id='word_1_278' title='bbox 2511 3212 2619 3283; x_wconf 89' lang='grc'>29,</span> <span class='ocrx_word' id='word_1_279' title='bbox 2668 3207 2940 3290; x_wconf 85' lang='lat' dir='ltr'>Procop.</span> <span class='ocrx_word' id='word_1_280' title='bbox 2981 3230 3074 3291; x_wconf 84' lang='lat' dir='ltr'>ep.</span> <span class='ocrx_word' id='word_1_281' title='bbox 3118 3213 3239 3273; x_wconf 91' lang='grc'>116</span> 
     </span>
     <span class='ocr_line' id='line_1_28' title="bbox 646 3309 3239 3395; baseline 0 -21"><span class='ocrx_word' id='word_1_282' title='bbox 646 3310 775 3376; x_wconf 84' lang='lat' dir='ltr'>ibd.</span> <span class='ocrx_word' id='word_1_283' title='bbox 809 3333 882 3394; x_wconf 94' lang='grc' dir='ltr'><em>Ρ.</em></span> <span class='ocrx_word' id='word_1_284' title='bbox 912 3315 1055 3387; x_wconf 88' lang='grc'><em>578,</em></span> <span class='ocrx_word' id='word_1_285' title='bbox 1104 3310 1295 3375; x_wconf 71' lang='lat' dir='ltr'>Phot.</span> <span class='ocrx_word' id='word_1_286' title='bbox 1330 3311 1479 3375; x_wconf 83' lang='lat' dir='ltr'>bibl.</span> <span class='ocrx_word' id='word_1_287' title='bbox 1512 3310 1646 3375; x_wconf 82' lang='lat' dir='ltr'>cod.</span> <span class='ocrx_word' id='word_1_288' title='bbox 1682 3315 1804 3375; x_wconf 89' lang='grc'>158</span> <span class='ocrx_word' id='word_1_289' title='bbox 1834 3332 1907 3393; x_wconf 88' lang='lat' dir='ltr'>p.</span> <span class='ocrx_word' id='word_1_290' title='bbox 1940 3315 2063 3376; x_wconf 91' lang='grc'>101</span> <span class='ocrx_word' id='word_1_291' title='bbox 2109 3310 2203 3374; x_wconf 80' lang='lat' dir='ltr'>ed.</span> <span class='ocrx_word' id='word_1_292' title='bbox 2235 3309 2480 3374; x_wconf 75' lang='lat' dir='ltr'>Becker</span> <span class='ocrx_word' id='word_1_293' title='bbox 2524 3310 2664 3393; x_wconf 79' lang='lat' dir='ltr'>(ubi</span> <span class='ocrx_word' id='word_1_294' title='bbox 2698 3310 3002 3375; x_wconf 79' lang='lat' dir='ltr'>iudicium</span> <span class='ocrx_word' id='word_1_295' title='bbox 3034 3310 3239 3395; x_wconf 71' lang='lat' dir='ltr'>Phry-</span> 
     </span>
     <span class='ocr_line' id='line_1_29' title="bbox 645 3412 3238 3497; baseline 0.001 -20"><span class='ocrx_word' id='word_1_296' title='bbox 645 3412 824 3477; x_wconf 78' lang='lat' dir='ltr'>nichi</span> <span class='ocrx_word' id='word_1_297' title='bbox 860 3413 1212 3496; x_wconf 83' lang='lat' dir='ltr'>repetitur),</span> <span class='ocrx_word' id='word_1_298' title='bbox 1258 3412 1390 3479; x_wconf 80' lang='lat' dir='ltr'>cod.</span> <span class='ocrx_word' id='word_1_299' title='bbox 1436 3417 1747 3479; x_wconf 84' lang='grc'><em>246-248</em></span> <span class='ocrx_word' id='word_1_300' title='bbox 1778 3435 1849 3495; x_wconf 90' lang='grc' dir='ltr'><em>Ρ.</em></span> <span class='ocrx_word' id='word_1_301' title='bbox 1880 3418 2006 3478; x_wconf 90' lang='grc'><em>400</em></span> <span class='ocrx_word' id='word_1_302' title='bbox 2050 3433 2199 3496; x_wconf 67' lang='lat' dir='ltr'>sqq„</span> <span class='ocrx_word' id='word_1_303' title='bbox 2262 3412 2395 3478; x_wconf 82' lang='lat' dir='ltr'>cod.</span> <span class='ocrx_word' id='word_1_304' title='bbox 2440 3417 2567 3478; x_wconf 88' lang='grc'>265</span> <span class='ocrx_word' id='word_1_305' title='bbox 2597 3434 2670 3496; x_wconf 88' lang='grc' dir='ltr'><em>Ρ.</em></span> <span class='ocrx_word' id='word_1_306' title='bbox 2701 3418 2843 3481; x_wconf 90' lang='grc'><em>491.</em></span> <span class='ocrx_word' id='word_1_307' title='bbox 2886 3419 3053 3492; x_wconf 89' lang='grc'><em>492;</em></span> <span class='ocrx_word' id='word_1_308' title='bbox 3111 3415 3238 3497; x_wconf 79' lang='lat' dir='ltr'>epi-</span> 
     </span>
     <span class='ocr_line' id='line_1_30' title="bbox 639 3514 3167 3600; baseline 0 -21"><span class='ocrx_word' id='word_1_309' title='bbox 639 3522 1006 3599; x_wconf 62' lang='lat' dir='ltr'>grammata</span> <span class='ocrx_word' id='word_1_310' title='bbox 1051 3518 1121 3582; x_wconf 84' lang='lat' dir='ltr'>in</span> <span class='ocrx_word' id='word_1_311' title='bbox 1161 3538 1299 3581; x_wconf 84' lang='lat' dir='ltr'>eum</span> <span class='ocrx_word' id='word_1_312' title='bbox 1341 3517 1585 3598; x_wconf 81' lang='lat' dir='ltr'>scripta</span> <span class='ocrx_word' id='word_1_313' title='bbox 1613 3515 1874 3582; x_wconf 80' lang='lat' dir='ltr'>Anthol.</span> <span class='ocrx_word' id='word_1_314' title='bbox 1911 3514 2061 3581; x_wconf 86' lang='lat' dir='ltr'>Pal.</span> <span class='ocrx_word' id='word_1_315' title='bbox 2107 3521 2205 3592; x_wconf 88' lang='grc'>16,</span> <span class='ocrx_word' id='word_1_316' title='bbox 2251 3520 2391 3581; x_wconf 88' lang='grc'><em>315.</em></span> <span class='ocrx_word' id='word_1_317' title='bbox 2435 3521 2583 3599; x_wconf 86' lang='grc'><em>320,</em></span> <span class='ocrx_word' id='word_1_318' title='bbox 2632 3514 2884 3599; x_wconf 74' lang='lat' dir='ltr'>Proley.</span> <span class='ocrx_word' id='word_1_319' title='bbox 2917 3539 2991 3600; x_wconf 90' lang='grc' dir='ltr'><em>Ρ.</em></span> <span class='ocrx_word' id='word_1_320' title='bbox 3030 3521 3167 3580; x_wconf 88' lang='grc'><em>741.</em></span> 
     </span>
    </p>

    <p class='ocr_par' dir='ltr' id='par_1_7' title="bbox 644 3615 3241 4528">
     <span class='ocr_line' id='line_1_31' title="bbox 783 3615 3235 3702; baseline -0.001 -18"><span class='ocrx_word' id='word_1_321' title='bbox 783 3619 1280 3702; x_wconf 73' lang='lat' dir='ltr'>Chronoloyiam</span> <span class='ocrx_word' id='word_1_322' title='bbox 1340 3619 1508 3682; x_wconf 82' lang='lat' dir='ltr'>vitae</span> <span class='ocrx_word' id='word_1_323' title='bbox 1564 3618 1881 3683; x_wconf 79' lang='lat' dir='ltr'>Aristidis</span> <span class='ocrx_word' id='word_1_324' title='bbox 1925 3623 2081 3701; x_wconf 89' lang='lat' dir='ltr'>post</span> <span class='ocrx_word' id='word_1_325' title='bbox 2135 3618 2537 3683; x_wconf 83' lang='lat' dir='ltr'>Massonium</span> <span class='ocrx_word' id='word_1_326' title='bbox 2589 3615 2893 3698; x_wconf 76' lang='lat' dir='ltr'>(Aristid.</span> <span class='ocrx_word' id='word_1_327' title='bbox 2939 3620 3031 3687; x_wconf 80' lang='lat' dir='ltr'>ed.</span> <span class='ocrx_word' id='word_1_328' title='bbox 3079 3620 3235 3702; x_wconf 85' lang='lat' dir='ltr'>Iepp</span> 
     </span>
     <span class='ocr_line' id='line_1_32' title="bbox 646 3720 3241 3805; baseline 0 -19"><span class='ocrx_word' id='word_1_329' title='bbox 646 3721 698 3786; x_wconf 92' lang='lat' dir='ltr'><strong><em>I</em></strong></span> <span class='ocrx_word' id='word_1_330' title='bbox 717 3727 871 3805; x_wconf 87' lang='lat' dir='ltr'>post</span> <span class='ocrx_word' id='word_1_331' title='bbox 902 3722 1148 3805; x_wconf 79' lang='lat' dir='ltr'>praef.)</span> <span class='ocrx_word' id='word_1_332' title='bbox 1196 3722 1563 3786; x_wconf 71' lang='lat' dir='ltr'>accuratius</span> <span class='ocrx_word' id='word_1_333' title='bbox 1622 3720 1945 3803; x_wconf 73' lang='lat' dir='ltr'>explicare</span> <span class='ocrx_word' id='word_1_334' title='bbox 1988 3720 2362 3785; x_wconf 78' lang='lat' dir='ltr'>studuerunt</span> <span class='ocrx_word' id='word_1_335' title='bbox 2418 3720 2849 3804; x_wconf 68' lang='lat' dir='ltr'>Waddinqton</span> <span class='ocrx_word' id='word_1_336' title='bbox 2894 3722 3241 3787; x_wconf 76' lang='lat' dir='ltr'>Memoires</span> 
     </span>
     <span class='ocr_line' id='line_1_33' title="bbox 648 3822 3235 3907; baseline -0.001 -17"><span class='ocrx_word' id='word_1_337' title='bbox 648 3825 724 3890; x_wconf 83' lang='lat' dir='ltr'>de</span> <span class='ocrx_word' id='word_1_338' title='bbox 769 3825 1078 3891; x_wconf 84' lang='lat' dir='ltr'>l’Institut</span> <span class='ocrx_word' id='word_1_339' title='bbox 1123 3825 1262 3889; x_wconf 91' lang='lat' dir='ltr'>XX</span> <span class='ocrx_word' id='word_1_340' title='bbox 1278 3824 1378 3890; x_wconf 85' lang='lat' dir='ltr'>VI</span> <span class='ocrx_word' id='word_1_341' title='bbox 1413 3830 1451 3888; x_wconf 85' lang='lat'><strong><em>1</em></strong></span> <span class='ocrx_word' id='word_1_342' title='bbox 1498 3822 1710 3905; x_wconf 89' lang='grc'><em>(1867)</em></span> <span class='ocrx_word' id='word_1_343' title='bbox 1759 3846 1834 3907; x_wconf 93' lang='grc' dir='ltr'>Ρ.</span> <span class='ocrx_word' id='word_1_344' title='bbox 1863 3828 1996 3889; x_wconf 88' lang='grc'>203</span> <span class='ocrx_word' id='word_1_345' title='bbox 2037 3844 2166 3906; x_wconf 77' lang='grc'><em>399.</em></span> <span class='ocrx_word' id='word_1_346' title='bbox 2222 3824 2304 3905; x_wconf 80' lang='lat' dir='ltr'>cf.</span> <span class='ocrx_word' id='word_1_347' title='bbox 2350 3823 2583 3888; x_wconf 82' lang='lat' dir='ltr'>Fastcs</span> <span class='ocrx_word' id='word_1_348' title='bbox 2624 3845 2687 3890; x_wconf 89' lang='lat' dir='ltr'>n.</span> <span class='ocrx_word' id='word_1_349' title='bbox 2719 3828 2861 3889; x_wconf 88' lang='grc'><em>138.</em></span> <span class='ocrx_word' id='word_1_350' title='bbox 2907 3831 3046 3892; x_wconf 91' lang='grc'><em>140.</em></span> <span class='ocrx_word' id='word_1_351' title='bbox 3093 3830 3235 3892; x_wconf 85' lang='grc'><em>142.</em></span> 
     </span>
     <span class='ocr_line' id='line_1_34' title="bbox 645 3925 3234 4014; baseline 0 -23"><span class='ocrx_word' id='word_1_352' title='bbox 645 3934 785 3992; x_wconf 88' lang='grc'><em>143.</em></span> <span class='ocrx_word' id='word_1_353' title='bbox 826 3934 945 3992; x_wconf 90' lang='grc'>144</span> <span class='ocrx_word' id='word_1_354' title='bbox 990 3934 1048 3992; x_wconf 87' lang='lat' dir='ltr'>et</span> <span class='ocrx_word' id='word_1_355' title='bbox 1093 3928 1188 3994; x_wconf 91' lang='lat' dir='ltr'>W.</span> <span class='ocrx_word' id='word_1_356' title='bbox 1221 3926 1485 3993; x_wconf 80' lang='lat' dir='ltr'>Schmid</span> <span class='ocrx_word' id='word_1_357' title='bbox 1512 3925 1927 3991; x_wconf 77' lang='lat' dir='ltr'>Rheinisches</span> <span class='ocrx_word' id='word_1_358' title='bbox 1963 3926 2261 3990; x_wconf 85' lang='lat' dir='ltr'>Muscum</span> <span class='ocrx_word' id='word_1_359' title='bbox 2289 3925 2418 3991; x_wconf 92' lang='lat' dir='ltr'>XL</span> <span class='ocrx_word' id='word_1_360' title='bbox 2435 3926 2620 3991; x_wconf 90' lang='lat' dir='ltr'><strong><em>VIII</em></strong></span> <span class='ocrx_word' id='word_1_361' title='bbox 2645 3928 2857 4014; x_wconf 87' lang='grc'><em>(1893)</em></span> <span class='ocrx_word' id='word_1_362' title='bbox 2892 3949 2964 4009; x_wconf 90' lang='grc' dir='ltr'>Ρ.</span> <span class='ocrx_word' id='word_1_363' title='bbox 2998 3932 3079 3991; x_wconf 84' lang='grc'>79</span> <span class='ocrx_word' id='word_1_364' title='bbox 3107 3947 3234 4009; x_wconf 80' lang='lat' dir='ltr'>sqq.</span> 
     </span>
     <span class='ocr_line' id='line_1_35' title="bbox 649 4029 3238 4116; baseline 0 -23"><span class='ocrx_word' id='word_1_365' title='bbox 649 4031 758 4114; x_wconf 79' lang='lat' dir='ltr'>(cf.</span> <span class='ocrx_word' id='word_1_366' title='bbox 806 4036 864 4095; x_wconf 84' lang='lat' dir='ltr'>et</span> <span class='ocrx_word' id='word_1_367' title='bbox 909 4030 1065 4095; x_wconf 83' lang='lat' dir='ltr'>Keil</span> <span class='ocrx_word' id='word_1_368' title='bbox 1108 4031 1377 4095; x_wconf 84' lang='lat' dir='ltr'>Hermes</span> <span class='ocrx_word' id='word_1_369' title='bbox 1426 4029 1644 4094; x_wconf 88' lang='lat' dir='ltr'>XXV</span> <span class='ocrx_word' id='word_1_370' title='bbox 1675 4029 1891 4113; x_wconf 87' lang='grc'><em>(1890)</em></span> <span class='ocrx_word' id='word_1_371' title='bbox 1931 4051 2006 4111; x_wconf 90' lang='grc' dir='ltr'>Ρ.</span> <span class='ocrx_word' id='word_1_372' title='bbox 2051 4033 2219 4116; x_wconf 88' lang='grc'><em>316).</em></span> <span class='ocrx_word' id='word_1_373' title='bbox 2306 4030 2406 4092; x_wconf 90' lang='lat' dir='ltr'>Ac</span> <span class='ocrx_word' id='word_1_374' title='bbox 2462 4029 2949 4112; x_wconf 68' lang='lat' dir='ltr'>Wacldinytonii</span> <span class='ocrx_word' id='word_1_375' title='bbox 2989 4031 3238 4111; x_wconf 77' lang='lat' dir='ltr'>quidem</span> 
     </span>
     <span class='ocr_line' id='line_1_36' title="bbox 645 4131 3238 4217; baseline -0.002 -18"><span class='ocrx_word' id='word_1_376' title='bbox 645 4135 1009 4217; x_wconf 76' lang='lat' dir='ltr'>disputatiO,</span> <span class='ocrx_word' id='word_1_377' title='bbox 1041 4155 1203 4214; x_wconf 79' lang='lat' dir='ltr'>quae</span> <span class='ocrx_word' id='word_1_378' title='bbox 1231 4134 1301 4197; x_wconf 84' lang='lat' dir='ltr'>in</span> <span class='ocrx_word' id='word_1_379' title='bbox 1332 4154 1501 4197; x_wconf 86' lang='lat' dir='ltr'>anno</span> <span class='ocrx_word' id='word_1_380' title='bbox 1519 4132 1977 4215; x_wconf 72' lang='lat' dir='ltr'>proconsulari</span> <span class='ocrx_word' id='word_1_381' title='bbox 2003 4132 2254 4196; x_wconf 81' lang='lat' dir='ltr'>Iuliani</span> <span class='ocrx_word' id='word_1_382' title='bbox 2281 4131 2445 4216; x_wconf 79' lang='lat' dir='ltr'>(vide</span> <span class='ocrx_word' id='word_1_383' title='bbox 2475 4133 2657 4214; x_wconf 82' lang='lat' dir='ltr'>infra</span> <span class='ocrx_word' id='word_1_384' title='bbox 2685 4133 2800 4196; x_wconf 81' lang='lat' dir='ltr'>sub</span> <span class='ocrx_word' id='word_1_385' title='bbox 2830 4132 2927 4197; x_wconf 84' lang='lat' dir='ltr'>M.</span> <span class='ocrx_word' id='word_1_386' title='bbox 2956 4132 3238 4197; x_wconf 79' lang='lat' dir='ltr'>Claudio</span> 
     </span>
     <span class='ocr_line' id='line_1_37' title="bbox 645 4234 3237 4320; baseline -0.001 -18"><span class='ocrx_word' id='word_1_387' title='bbox 645 4235 930 4318; x_wconf 87' lang='lat' dir='ltr'>Iuliano)</span> <span class='ocrx_word' id='word_1_388' title='bbox 964 4236 1314 4320; x_wconf 72' lang='lat' dir='ltr'>definiendo</span> <span class='ocrx_word' id='word_1_389' title='bbox 1345 4237 1570 4319; x_wconf 86' lang='lat' dir='ltr'>posita</span> <span class='ocrx_word' id='word_1_390' title='bbox 1614 4240 1722 4313; x_wconf 88' lang='lat' dir='ltr'>est,</span> <span class='ocrx_word' id='word_1_391' title='bbox 1756 4256 2000 4317; x_wconf 83' lang='lat' dir='ltr'>parum</span> <span class='ocrx_word' id='word_1_392' title='bbox 2045 4240 2211 4298; x_wconf 85' lang='lat' dir='ltr'>certo</span> <span class='ocrx_word' id='word_1_393' title='bbox 2242 4234 2655 4316; x_wconf 79' lang='lat' dir='ltr'>fun-(lamento</span> <span class='ocrx_word' id='word_1_394' title='bbox 2683 4236 2933 4313; x_wconf 84' lang='lat' dir='ltr'>nititur,</span> <span class='ocrx_word' id='word_1_395' title='bbox 2973 4240 3045 4299; x_wconf 89' lang='lat' dir='ltr'>ut</span> <span class='ocrx_word' id='word_1_396' title='bbox 3073 4243 3237 4300; x_wconf 79' lang='lat' dir='ltr'>recte</span> 
     </span>
     <span class='ocr_line' id='line_1_38' title="bbox 645 4338 3235 4422; baseline -0.001 -17"><span class='ocrx_word' id='word_1_397' title='bbox 645 4340 930 4422; x_wconf 75' lang='lat' dir='ltr'>exposuit</span> <span class='ocrx_word' id='word_1_398' title='bbox 960 4340 1255 4418; x_wconf 52' lang='lat' dir='ltr'>selmum</span> <span class='ocrx_word' id='word_1_399' title='bbox 1298 4341 1500 4422; x_wconf 70' lang='lat' dir='ltr'>ipsius·</span> <span class='ocrx_word' id='word_1_400' title='bbox 1544 4343 1754 4403; x_wconf 81' lang='lat' dir='ltr'>autem</span> <span class='ocrx_word' id='word_1_401' title='bbox 1799 4338 2293 4420; x_wconf 81' lang='lat' dir='ltr'>computationes</span> <span class='ocrx_word' id='word_1_402' title='bbox 2336 4338 2546 4419; x_wconf 79' lang='lat' dir='ltr'>salsas</span> <span class='ocrx_word' id='word_1_403' title='bbox 2588 4358 2718 4403; x_wconf 85' lang='lat' dir='ltr'>csse</span> <span class='ocrx_word' id='word_1_404' title='bbox 2759 4338 2907 4402; x_wconf 81' lang='lat' dir='ltr'>inde</span> <span class='ocrx_word' id='word_1_405' title='bbox 2937 4340 3235 4422; x_wconf 76' lang='lat' dir='ltr'>efficitur,</span> 
     </span>
     <span class='ocr_line' id='line_1_39' title="bbox 644 4441 3241 4528; baseline 0 -22"><span class='ocrx_word' id='word_1_406' title='bbox 644 4442 813 4526; x_wconf 77' lang='lat' dir='ltr'>quod</span> <span class='ocrx_word' id='word_1_407' title='bbox 841 4443 1037 4507; x_wconf 82' lang='lat' dir='ltr'>verba</span> <span class='ocrx_word' id='word_1_408' title='bbox 1063 4443 1380 4507; x_wconf 74' lang='lat' dir='ltr'>Aristidis</span> <span class='ocrx_word' id='word_1_409' title='bbox 1414 4442 1466 4507; x_wconf 91' lang='lat' dir='ltr'><strong><em>I</em></strong></span> <span class='ocrx_word' id='word_1_410' title='bbox 1485 4465 1558 4525; x_wconf 89' lang='lat' dir='ltr'>p.</span> <span class='ocrx_word' id='word_1_411' title='bbox 1589 4446 1718 4507; x_wconf 84' lang='grc'>524</span> <span class='ocrx_word' id='word_1_412' title='bbox 1762 4441 2064 4506; x_wconf 81' lang='grc' dir='ltr'>ἐπιστολαὶ</span> <span class='ocrx_word' id='word_1_413' title='bbox 2108 4441 2270 4528; x_wconf 83' lang='grc' dir='ltr'>παρὰ</span> <span class='ocrx_word' id='word_1_414' title='bbox 2312 4448 2431 4505; x_wconf 81' lang='grc' dir='ltr'>τῶν</span> <span class='ocrx_word' id='word_1_415' title='bbox 2479 4441 2774 4527; x_wconf 83' lang='grc' dir='ltr'>βασιλέων</span> <span class='ocrx_word' id='word_1_416' title='bbox 2818 4447 2922 4506; x_wconf 81' lang='grc' dir='ltr'>τοῦ</span> <span class='ocrx_word' id='word_1_417' title='bbox 2966 4466 3029 4506; x_wconf 82' lang='grc' dir='ltr'>τε</span> <span class='ocrx_word' id='word_1_418' title='bbox 3076 4443 3241 4507; x_wconf 81' lang='grc' dir='ltr'>αὐτο-</span> 
     </span>
    </p>
   </div>
   <div class='ocr_carea' id='block_1_4' title="bbox 645 4542 3340 4633">
    <p class='ocr_par' dir='ltr' id='par_1_8' title="bbox 645 4542 3340 4633">
     <span class='ocr_line' id='line_1_40' title="bbox 645 4542 3340 4633; baseline -0.001 -22"><span class='ocrx_word' id='word_1_419' title='bbox 645 4549 932 4633; x_wconf 78' lang='grc' dir='ltr'>κράτορος</span> <span class='ocrx_word' id='word_1_420' title='bbox 975 4547 1154 4611; x_wconf 81' lang='grc' dir='ltr'>αὐτοῦ</span> <span class='ocrx_word' id='word_1_421' title='bbox 1198 4550 1295 4611; x_wconf 83' lang='grc' dir='ltr'>καὶ</span> <span class='ocrx_word' id='word_1_422' title='bbox 1338 4552 1440 4610; x_wconf 75' lang='grc' dir='ltr'>τοῦ</span> <span class='ocrx_word' id='word_1_423' title='bbox 1493 4545 1730 4621; x_wconf 82' lang='grc' dir='ltr'><em>παιδός,</em></span> <span class='ocrx_word' id='word_1_424' title='bbox 1790 4548 1862 4608; x_wconf 88' lang='lat' dir='ltr'>ut</span> <span class='ocrx_word' id='word_1_425' title='bbox 1920 4564 2030 4608; x_wconf 86' lang='lat' dir='ltr'>eas</span> <span class='ocrx_word' id='word_1_426' title='bbox 2082 4542 2331 4608; x_wconf 72' lang='lat' dir='ltr'>litteras</span> <span class='ocrx_word' id='word_1_427' title='bbox 2375 4544 2462 4607; x_wconf 76' lang='lat' dir='ltr'>ad</span> <span class='ocrx_word' id='word_1_428' title='bbox 2505 4564 2564 4607; x_wconf 86' lang='lat' dir='ltr'>a.</span> <span class='ocrx_word' id='word_1_429' title='bbox 2611 4549 2730 4609; x_wconf 82' lang='lat'>165</span> <span class='ocrx_word' id='word_1_430' title='bbox 2778 4546 3080 4626; x_wconf 76' lang='lat' dir='ltr'>referret,</span> <span class='ocrx_word' id='word_1_431' title='bbox 3140 4546 3240 4609; x_wconf 84' lang='lat' dir='ltr'>ita</span> <span class='ocrx_word' id='word_1_432' title='bbox 3335 4613 3340 4617; x_wconf 70' lang='grc'><em>,</em></span> 
     </span>
    </p>
   </div>
   <div class='ocr_carea' id='block_1_5' title="bbox 642 4647 3242 5236">
    <p class='ocr_par' dir='ltr' id='par_1_9' title="bbox 642 4647 3242 5236">
     <span class='ocr_line' id='line_1_41' title="bbox 646 4647 3242 4735; baseline 0 -23"><span class='ocrx_word' id='word_1_433' title='bbox 646 4650 948 4712; x_wconf 83' lang='lat' dir='ltr'>tracta-vit</span> <span class='ocrx_word' id='word_1_434' title='bbox 990 4648 1094 4731; x_wconf 88' lang='lat' dir='ltr'>(p.</span> <span class='ocrx_word' id='word_1_435' title='bbox 1130 4652 1252 4735; x_wconf 90' lang='grc'><em>76),</em></span> <span class='ocrx_word' id='word_1_436' title='bbox 1308 4653 1380 4713; x_wconf 89' lang='lat' dir='ltr'>ut</span> <span class='ocrx_word' id='word_1_437' title='bbox 1438 4650 1571 4712; x_wconf 84' lang='lat' dir='ltr'>tria</span> <span class='ocrx_word' id='word_1_438' title='bbox 1625 4648 1857 4711; x_wconf 83' lang='lat' dir='ltr'>ultima</span> <span class='ocrx_word' id='word_1_439' title='bbox 1916 4651 2239 4729; x_wconf 79' lang='lat' dir='ltr'>tamquam</span> <span class='ocrx_word' id='word_1_440' title='bbox 2293 4647 2607 4731; x_wconf 72' lang='lat' dir='ltr'>ylossema</span> <span class='ocrx_word' id='word_1_441' title='bbox 2648 4651 2874 4713; x_wconf 86' lang='lat' dir='ltr'>temere</span> <span class='ocrx_word' id='word_1_442' title='bbox 2917 4648 3140 4712; x_wconf 85' lang='lat' dir='ltr'>eiceret</span> <span class='ocrx_word' id='word_1_443' title='bbox 3183 4652 3242 4712; x_wconf 88' lang='lat' dir='ltr'>et</span> 
     </span>
     <span class='ocr_line' id='line_1_42' title="bbox 644 4750 3241 4839; baseline 0 -24"><span class='ocrx_word' id='word_1_444' title='bbox 644 4751 805 4839; x_wconf 84' lang='grc' dir='ltr'>παρὰ</span> <span class='ocrx_word' id='word_1_445' title='bbox 862 4757 980 4818; x_wconf 88' lang='grc' dir='ltr'>τῶν</span> <span class='ocrx_word' id='word_1_446' title='bbox 1042 4752 1335 4839; x_wconf 81' lang='grc' dir='ltr'>βασιλέων</span> <span class='ocrx_word' id='word_1_447' title='bbox 1392 4752 1921 4833; x_wconf 66' lang='lat' dir='ltr'>interpretaretur</span> <span class='ocrx_word' id='word_1_448' title='bbox 1965 4761 2022 4815; x_wconf 85' lang='lat' dir='ltr'>‘e</span> <span class='ocrx_word' id='word_1_449' title='bbox 2067 4750 2247 4815; x_wconf 82' lang='lat' dir='ltr'>domo</span> <span class='ocrx_word' id='word_1_450' title='bbox 2290 4752 2756 4833; x_wconf 79' lang='lat' dir='ltr'>imperatoria‘.</span> <span class='ocrx_word' id='word_1_451' title='bbox 2844 4751 2939 4815; x_wconf 89' lang='lat' dir='ltr'>At</span> <span class='ocrx_word' id='word_1_452' title='bbox 2980 4773 3051 4815; x_wconf 87' lang='lat' dir='ltr'>re</span> <span class='ocrx_word' id='word_1_453' title='bbox 3089 4771 3241 4815; x_wconf 84' lang='lat' dir='ltr'>vera</span> 
     </span>
     <span class='ocr_line' id='line_1_43' title="bbox 643 4853 3241 4940; baseline -0.001 -20"><span class='ocrx_word' id='word_1_454' title='bbox 643 4877 771 4920; x_wconf 85' lang='lat' dir='ltr'>non</span> <span class='ocrx_word' id='word_1_455' title='bbox 813 4862 1086 4940; x_wconf 81' lang='lat' dir='ltr'>possunt</span> <span class='ocrx_word' id='word_1_456' title='bbox 1140 4878 1269 4921; x_wconf 87' lang='lat' dir='ltr'>non</span> <span class='ocrx_word' id='word_1_457' title='bbox 1325 4856 1607 4938; x_wconf 72' lang='lat' dir='ltr'>intelleyi</span> <span class='ocrx_word' id='word_1_458' title='bbox 1646 4855 2014 4920; x_wconf 76' lang='lat' dir='ltr'>Antoninus</span> <span class='ocrx_word' id='word_1_459' title='bbox 2066 4853 2228 4918; x_wconf 70' lang='lat' dir='ltr'>Piu‘s</span> <span class='ocrx_word' id='word_1_460' title='bbox 2269 4854 2600 4938; x_wconf 73' lang='lat' dir='ltr'>Auyustus</span> <span class='ocrx_word' id='word_1_461' title='bbox 2659 4860 2719 4919; x_wconf 90' lang='lat' dir='ltr'>ct</span> <span class='ocrx_word' id='word_1_462' title='bbox 2778 4855 2877 4920; x_wconf 86' lang='lat' dir='ltr'>M.</span> <span class='ocrx_word' id='word_1_463' title='bbox 2934 4855 3241 4920; x_wconf 75' lang='lat' dir='ltr'>Aurelius</span> 
     </span>
     <span class='ocr_line' id='line_1_44' title="bbox 651 4957 3241 5040; baseline -0 -17"><span class='ocrx_word' id='word_1_464' title='bbox 651 4958 913 5024; x_wconf 81' lang='lat' dir='ltr'>Caesar.</span> <span class='ocrx_word' id='word_1_465' title='bbox 1009 4960 1233 5025; x_wconf 83' lang='lat' dir='ltr'>Totam</span> <span class='ocrx_word' id='word_1_466' title='bbox 1275 4959 1459 5023; x_wconf 76' lang='lat' dir='ltr'>illam-</span> <span class='ocrx_word' id='word_1_467' title='bbox 1502 4958 1923 5040; x_wconf 72' lang='lat' dir='ltr'>quaestionem</span> <span class='ocrx_word' id='word_1_468' title='bbox 1970 4962 2134 5023; x_wconf 88' lang='lat' dir='ltr'>certe</span> <span class='ocrx_word' id='word_1_469' title='bbox 2171 4957 2407 5022; x_wconf 84' lang='lat' dir='ltr'>solvere</span> <span class='ocrx_word' id='word_1_470' title='bbox 2447 4958 2556 5022; x_wconf 77' lang='lat' dir='ltr'>vix</span> <span class='ocrx_word' id='word_1_471' title='bbox 2599 4957 2830 5035; x_wconf 79' lang='lat' dir='ltr'>licebit,</span> <span class='ocrx_word' id='word_1_472' title='bbox 2883 4959 3015 5022; x_wconf 85' lang='lat' dir='ltr'>nisi</span> <span class='ocrx_word' id='word_1_473' title='bbox 3057 4957 3241 5023; x_wconf 82' lang='lat' dir='ltr'>titulo</span> 
     </span>
     <span class='ocr_line' id='line_1_45' title="bbox 642 5059 3241 5145; baseline -0 -18"><span class='ocrx_word' id='word_1_474' title='bbox 642 5082 801 5127; x_wconf 84' lang='lat' dir='ltr'>novo</span> <span class='ocrx_word' id='word_1_475' title='bbox 858 5083 1065 5127; x_wconf 86' lang='lat' dir='ltr'>annus</span> <span class='ocrx_word' id='word_1_476' title='bbox 1109 5061 1597 5145; x_wconf 83' lang='lat' dir='ltr'>proconsularis</span> <span class='ocrx_word' id='word_1_477' title='bbox 1658 5061 1852 5125; x_wconf 82' lang='lat' dir='ltr'>unius</span> <span class='ocrx_word' id='word_1_478' title='bbox 1905 5082 1983 5124; x_wconf 76' lang='lat' dir='ltr'>ca:</span> <span class='ocrx_word' id='word_1_479' title='bbox 2037 5059 2171 5124; x_wconf 89' lang='lat' dir='ltr'>illis</span> <span class='ocrx_word' id='word_1_480' title='bbox 2214 5060 2630 5144; x_wconf 76' lang='lat' dir='ltr'>praesidibus</span> <span class='ocrx_word' id='word_1_481' title='bbox 2648 5111 2663 5138; x_wconf 88' lang='lat'>‚</span> <span class='ocrx_word' id='word_1_482' title='bbox 2728 5081 2878 5143; x_wconf 74' lang='lat' dir='ltr'>quos</span> <span class='ocrx_word' id='word_1_483' title='bbox 2932 5067 3241 5127; x_wconf 83' lang='lat' dir='ltr'>memorat</span> 
     </span>
     <span class='ocr_line' id='line_1_46' title="bbox 643 5165 1884 5236; baseline 0 -7"><span class='ocrx_word' id='word_1_484' title='bbox 643 5165 982 5236; x_wconf 77' lang='lat' dir='ltr'>Aristides.</span> <span class='ocrx_word' id='word_1_485' title='bbox 1025 5167 1162 5232; x_wconf 83' lang='lat' dir='ltr'>sine</span> <span class='ocrx_word' id='word_1_486' title='bbox 1206 5166 1396 5231; x_wconf 83' lang='lat' dir='ltr'>dubio</span> <span class='ocrx_word' id='word_1_487' title='bbox 1441 5166 1884 5231; x_wconf 85' lang='lat' dir='ltr'>constituatur.</span> 
     </span>
    </p>
   </div>
  </div>
 </body>
</html>
