3859 5992
511 558 885 618 CLAVDIVS
1799 558 1921 625 361
2849 570 3219 630 CLAVDIVS

640 760 823 837 bonis
863 760 1107 825 saeculi
1143 762 1279 843 fere
1320 763 1628 843 secundi&
1667 765 1739 829 in
1782 765 1993 831 eodem
2034 766 2391 850 fragmento
2433 773 2823 834 memoratur
2854 818 2869 834 .
2896 818 2913 834 .
2938 819 2955 835 .
2980 820 2996 835 .
3020 772 3223 836 meria

640 861 997 946 [MaJreella
1033 863 1308 944 fortasse
1347 885 1512 930 uxor
1554 866 1648 931 vel
1690 867 1852 950 filia.

510 963 638 1028 664
681 974 777 1031 ΤΙ.
826 973 1196 1029 CLAVDIVS
1243 966 1760 1053 BI[TH]YNICVS,
1809 969 2157 1056 proconsul
2204 971 2476 1056 (Lyciae
2520 982 2586 1036 et
2616 973 3040 1060 Pamphyliae
3070 983 3222 1060 post

637 1089 697 1133 a.
750 1071 869 1131 135
936 1067 1018 1148 ef.
1080 1067 1508 1150 Marquardt,
1579 1070 2197 1156 Staatsverwaltuny
2253 1074 2303 1138 I
2310 1073 2335 1111 ²
2384 1095 2455 1156 Ρ.
2499 1075 2646 1157 376)
2702 1083 3089 1143 memoratur
3153 1081 3222 1144 in

638 1174 681 1234 t.
730 1169 988 1235 Sidensi
1026 1170 1249 1235 mutilo
1297 1169 1395 1236 01
1398 1171 1459 1236 G
1501 1177 1668 1238 4360
1710 1175 1795 1256 cf.
1839 1174 2010 1239 Add.
2045 1198 2119 1259 Ρ.
2150 1181 2331 1241 1169.

527 1308 615 1317 -
683 1281 779 1339 ΤΙ.
847 1281 1218 1337 CLAVDIVS
1293 1283 1795 1341 BRITANNICVS
1873 1277 2016 1342 vide
2086 1288 2182 1345 TI.
2255 1287 2622 1343 CLAVDIVS
2699 1289 2993 1346 CAESAR
3064 1292 3221 1347 BRI-

638 1364 1035 1439 TANNIGVS.

509 1478 634 1544 665
675 1475 756 1545 A.
790 1475 1104 1542 Claudius
1135 1475 1421 1544 Caecina
1452 1528 1469 1544 .
1495 1529 1511 1545 .
1537 1529 1554 1545 .
1579 1502 1735 1546 aeus
1780 1479 2095 1562 (Καικίναν
2139 1533 2155 1549 .
2180 1534 2193 1547 .
2220 1534 2234 1549 .
2262 1509 2389 1550 αιον
2435 1482 2812 1572 Κυζικηνόν),
2861 1485 3222 1571 Cyzicenus

634 1581 719 1647 ab
764 1583 1155 1669 imperatore
1182 1580 1515 1648 Antonino
1554 1584 1673 1649 Pio
1715 1595 1976 1649 curator
2002 1585 2334 1651 Iliensium
2368 1589 2692 1674 (λογιστής)
2722 1586 2934 1667 faetus
2966 1590 3224 1672 publice

632 1685 980 1750 honoratus
1036 1707 1079 1750 a
1136 1686 1387 1751 civitate
1444 1685 1786 1752 Iliensium
1845 1692 1888 1755 t.
1935 1689 2032 1753 ibi
2087 1694 2334 1773 reperto
2375 1689 2909 1775 Archaoloyisehe
2954 1691 3222 1776 Zeituny

634 1791 799 1853 1873
829 1810 901 1871 Ρ.
932 1792 1032 1856 57.

526 1928 613 1938 —
677 1900 883 1955 NERO
959 1900 1326 1957 CLAVDIVS
1404 1901 1698 1958 CAESAR
1765 1901 2113 1958 AVGVST‘V
2117 1904 2153 1958 S
2236 1902 2722 1960 GERMANICVS
2795 1896 2938 1961 vide
3012 1906 3221 1962 NERO

636 2003 1007 2059 CLAVDIVS
1052 2002 1341 2059 DRVSVS
1388 2003 1897 2060 GERMANICVS.

527 2134 615 2144 -
678 2107 775 2163 TI.
823 2106 1195 2162 CLAVDIVS
1243 2106 1539 2161 CAESAR
1580 2106 1966 2163 AVGVSTVS
2013 2107 2498 2164 GERMANICVS
2540 2099 2683 2165 vide
2719 2110 2817 2167 ΤΙ.
2851 2110 3219 2169 CLAVDIVS

635 2210 842 2265 NERO
888 2209 1393 2265 GERMANICVS.

507 2305 634 2369 666
677 2314 773 2369 ΤΙ.
822 2314 1192 2370 CLAVDIVS
1239 2312 1534 2368 CAESAR
1577 2312 2105 2372 BRITANNICVS.
2194 2304 2428 2370 Tituli:
2472 2306 2533 2370 ei
2559 2307 2814 2389 positus
2856 2313 2949 2373 est
2985 2309 3225 2375 Tuscus

638 2408 904 2492 oriyinis
943 2409 1221 2472 incertae
1247 2405 1369 2472 XI
1381 2411 1554 2472 3602
1583 2406 1693 2490 (1),
1742 2405 1831 2471 ad
1870 2428 2010 2471 eum
2042 2407 2475 2490 probabiliter
2513 2409 2793 2490 refertur
2837 2410 2941 2475 VI
2960 2416 3096 2478 922
3127 2411 3223 2496 (2)

631 2511 920 2575 urbanus
975 2509 1235 2575 mutibus
1252 2561 1266 2587 ,
1342 2510 1455 2592 qui
1509 2510 1639 2591 fuit
1694 2510 1969 2591 fortasse
2025 2510 2097 2574 in
2151 2531 2309 2575 arcu
2368 2511 2636 2577 Claudii
2648 2532 2670 2591 ‚⁶
2708 2516 2898 2596 patri
2944 2519 3003 2579 et
3054 2516 3115 2578 ei
3166 2520 3226 2579 et

638 2612 887 2678 Neroni
947 2613 1150 2694 fratri
1164 2661 1179 2690 ‚
1246 2612 1359 2693 qui
1421 2612 1609 2677 tertio
1676 2611 1810 2677 loco
1874 2613 2262 2689 nominatur,
2333 2612 2660 2679 dedicatas
2715 2620 2758 2680 t.
2815 2615 3224 2681 Nemorensis

632 2715 895 2798 fflohern.
936 2736 1027 2797 6Ρ.
1069 2719 1125 2791 7,
1157 2719 1335 2779 1242
1363 2714 1470 2796 (3),
1514 2735 1737 2778 nomen
1781 2714 1916 2779 eius
1944 2714 2014 2778 in
2042 2735 2258 2779 massa
2293 2737 2492 2781 aenea
2531 2718 2908 2801 inscriptum
2941 2723 3031 2783 est
3076 2718 3219 2784 VII

633 2822 811 2883 1202
853 2817 979 2900 (4);
1041 2821 1426 2881 mernoratur
1481 2818 1547 2881 in
1605 2820 1649 2882 t.
1707 2817 1877 2881 servi
1925 2815 2118 2882 XIV
2145 2822 2316 2884 2769
2374 2817 2497 2903 (5),
2578 2819 2792 2885 liberti
2836 2823 3057 2905 patris
3117 2821 3220 2886 VI

631 2923 799 2984 8873
841 2921 951 3004 (6).
998 2959 1078 2970 —-
1127 2919 1392 2984 Nummi
1430 2919 1672 2985 Eckhel
1714 2919 1818 2985 VI
1841 2942 1908 3003 Ρ.
1940 2923 2087 2999 254,
2129 2919 2341 2986 Gohen
2384 2922 2465 2987 1²
2499 2945 2570 3006 Ρ.
2603 2926 2749 2989 269.

759 3023 861 3088 Ti.
894 3021 1208 3089 Claudius
1244 3021 1490 3089 Caesar
1532 3024 1947 3088 Britannicus
1990 3024 2062 3087 in
2098 3025 2372 3089 nummis·
2414 3027 2741 3090 commatis
2769 3025 3071 3104 Romami,
3118 3027 3219 3095 Ti.

635 3124 950 3191 Claudius
983 3124 1268 3210 [Caesar]
1293 3126 1690 3190 Brittanious
1719 3130 1764 3191 t.
1789 3131 1846 3203 1,
1881 3125 2031 3210 [Ti.]
2055 3124 2366 3192 Claudius
2390 3126 2677 3211 [Caesar]
2711 3126 3220 3214 [Bri]tannio[us]

637 3234 680 3293 t.
718 3233 784 3305 2,
833 3227 982 3312 [TJi.
1014 3227 1330 3294 Claudius
1360 3228 1760 3293 Brittanieus
1807 3227 2096 3311 [Caesar]
2145 3233 2186 3294 t.
2215 3234 2277 3307 3,
2324 3229 2424 3297 Ti.
2459 3228 2773 3296 Claudius
2804 3231 3221 3296 Britannicus

637 3336 679 3395 t.
725 3335 796 3408 5,
846 3332 1264 3396 Britannicus
1308 3332 1481 3413 Aug.
1527 3330 1573 3397 f.
1619 3335 1662 3396 t.
1705 3335 1781 3408 4,
1833 3331 2250 3396 Britannicus
2297 3336 2338 3399 t.
2384 3336 2442 3400 5.
2492 3368 2571 3378 --
2619 3330 2915 3404 Κλαύδιος
2960 3332 3223 3422 Τιβέριος

637 3433 998 3521 Γερμανικός
1041 3432 1174 3498 Dio
1217 3438 1320 3511 60,
1366 3438 1473 3510 12,
1519 3438 1790 3498 ceterum
1834 3434 2255 3498 Britannicus
2300 3433 2476 3517 apud
2514 3435 2876 3517 scriptore&

763 3536 969 3601 Filius
999 3537 1404 3622 imperatoris
1432 3535 1689 3601 Claudii
1723 3546 1787 3600 et
1817 3534 2120 3600 Valeriae
2149 3536 2536 3601 Messalinae
2568 3537 2826 3603 Sueton.
2860 3536 3090 3604 Claud.
3115 3545 3222 3617 27,

633 3639 766 3705 Dio
799 3644 900 3717 60,
932 3645 1038 3716 12,
1094 3639 1239 3704 Tae.
1274 3661 1334 3707 a.
1366 3644 1465 3715 11,
1496 3643 1605 3716 32,
1633 3637 1897 3722 *Ioseph
1931 3644 2064 3704 ant.
2095 3644 2200 3717 20,
2231 3643 2292 3717 8,
2325 3645 2383 3716 1,
2422 3639 2561 3704 bell.
2594 3644 2660 3717 2,
2692 3645 2797 3717 12,
2827 3643 2889 3717 8,
2936 3641 3221 3710 Juvenal.

633 3749 692 3822 6,
742 3748 870 3809 124
908 3763 1047 3808 eum
1092 3741 1280 3809 schol.
1328 3746 1389 3806 et
1431 3740 1620 3809 schol.
1668 3741 1755 3806 ad
1797 3741 2083 3808 Juvenal.
2130 3747 2189 3819 6,
2233 3746 2374 3808 434.
2461 3741 2565 3808 De
2626 3763 2794 3807 armo
2849 3744 3064 3808 natali
3099 3744 3225 3809 dis-

634 3850 894 3929 crepant
953 3846 1328 3928 scriptores:
1385 3845 1723 3911 Suetonius
1783 3843 1822 3908 l.
1890 3843 1931 3909 l.
1992 3846 2129 3928 ipSe
2158 3846 2314 3909 -sibi
2367 3851 2714 3930 rcpaynat,
2783 3866 2918 3910 eam
2984 3847 3227 3912 scribat

632 3949 1088 4014 Britannicum
1143 3948 1451 4012 vicesimo
1512 3948 1767 4033 imperii
1825 3946 1934 4012 die
1985 3952 2095 4031 (=
2138 3947 2328 4013 12l13
2380 3969 2461 4013 m.
2513 3947 2707 4014 Febr.
2760 3969 2820 4015 α.
2865 3947 2969 4031 41)
3029 3949 3224 4035 inque

635 4051 920 4117 seeundo
979 4049 1320 4115 consulatu
1379 4051 1488 4135 (=
1532 4071 1591 4117 a.
1638 4049 1750 4132 42)
1796 4060 2020 4115 natum
2067 4048 2376 4132 Claudio3
2435 4048 2571 4114 Dio
2611 4055 2710 4127 60,
2756 4055 2845 4117 12
2887 4071 3029 4115 eum
3072 4056 3227 4134 ayat

635 4155 711 4219 de
744 4155 934 4219 rebus
963 4174 1024 4222 a.
1055 4158 1164 4232 42,
1208 4174 1339 4218 non
1382 4152 1535 4217 dicit
1578 4151 1650 4216 id
1690 4152 1856 4235 quod
1897 4152 2200 4218 dicentem
2244 4154 2457 4235 facere
2500 4152 2716 4237 solent,
2762 4173 2833 4218 eo
2876 4154 3010 4236 ipse
3055 4175 3226 4218 armo

631 4257 1086 4323 Britannicum
1126 4262 1350 4321 natum
1395 4274 1543 4332 esse,
1588 4254 1701 4320 sed
1740 4256 2145 4334 transeunda
2190 4260 2264 4320 ut
2291 4276 2417 4338 qua
2460 4254 2888 4320 moderatione
2918 4253 3224 4320 Claudius

635 4366 695 4426 et
739 4380 906 4425 armo
949 4363 1039 4425 42
1097 4363 1158 4422 et
1214 4357 1384 4422 alias
1427 4377 1582 4422 usus
1624 4362 1781 4422 esset
1821 4357 2195 4434 illustraret,
2258 4378 2397 4422 ewm
2436 4355 2601 4420 nihil
2642 4355 2965 4439 splendide
3007 4359 3221 4440 wisse,

637 4483 778 4527 eum
813 4461 990 4545 filias
1032 4462 1093 4526 ei
1132 4464 1324 4525 natus
1367 4464 1540 4537 esset,
1582 4460 1970 4528 memoravit.
2040 4459 2240 4542 Apud
2280 4458 2569 4523 Tacitum
2602 4479 2748 4525 ann.
2782 4463 2888 4535 12,
2919 4462 3007 4524 25
3049 4459 3224 4523 Nero

633 4566 769 4650 (qui
820 4569 1013 4630 natus
1070 4568 1163 4629 est
1221 4562 1281 4627 d.
1325 4564 1405 4628 15
1445 4584 1527 4627 m.
1573 4561 1944 4628 Decembris
1999 4584 2058 4627 a.
2099 4566 2188 4626 37
2233 4562 2315 4643 cf.
2359 4582 2424 4626 n.
2468 4565 2618 4647 690)
2679 4559 2912 4626 dicitur
2961 4560 3222 4626 biennio

633 4669 750 4754 (sic
793 4666 985 4733 eodem
1029 4665 1386 4742 MediceuS,
1444 4666 1723 4729 triennio
1784 4666 2049 4729 coniecit
2095 4663 2487 4748 Nipperdey)
2545 4664 2753 4728 maior
2810 4673 2968 4728 natu
3028 4686 3224 4749 quam

634 4773 1072 4838 Britannicae.
1164 4768 1296 4835 Sed
1353 4789 1494 4833 oum
1549 4770 1665 4834 sub
1724 4769 1983 4833 initium
2042 4790 2106 4832 a.
2147 4772 2228 4834 55
2294 4767 2553 4833 Tacitus
2596 4787 2659 4832 a.
2702 4771 2801 4845 13,
2852 4771 2932 4834 15
2980 4767 3226 4848 referat

633 4875 957 4941 Neronem
1006 4871 1341 4938 turbatum
1382 4893 1522 4936 esse
1566 4872 1950 4957 propinquo,
1985 4869 2091 4935 die
2120 4892 2248 4956 quo
2279 4879 2584 4957 quartum
2627 4869 2950 4935 decimum
2993 4869 3224 4934 aetatis

633 4999 878 5044 annum
925 4974 1247 5062 explebat,
1295 4973 1559 5059 (seilicet
1600 4994 1719 5056 quo
1765 4995 1842 5038 ex
1880 4993 2004 5038 usu
2046 4972 2263 5038 domus
2308 4974 2760 5056 imperatoriae
2801 4971 3225 5038 Britannicus

631 5080 900 5146 iamiam
930 5083 1141 5164 toyam
1167 5077 1419 5143 virilem
1442 5081 1810 5160 accepturus
1841 5076 2023 5159 erat),
2048 5076 2183 5141 veri
2205 5075 2596 5141 simillimum
2615 5075 2863 5141 videtur
2882 5073 3224 5140 Britanni-

634 5203 775 5249 oum
819 5183 920 5248 die
963 5186 1157 5249 12l13
1197 5202 1281 5245 m.
1325 5178 1521 5246 Febr.
1568 5201 1630 5246 a.
1673 5185 1754 5245 41
1796 5184 2021 5245 natum
2065 5198 2213 5245 esse.
