3859 5992
694 507 1160 569 CALPVRNIVS
1981 498 2107 567 280
2167 554 2179 563 .
2937 506 3397 563 CALPVRNIVS

822 704 1111 787 callidus»,
1161 714 1232 770 ut
1283 703 1366 770 ad
1412 726 1559 769 eum
1604 702 1938 769 ludentem
1982 714 2476 771 concurreretur
2523 706 2597 751 ‘—
2651 741 2728 750 -
2774 704 3400 788 magnificentissime

823 811 995 874 vixit
1036 810 1298 893 meritos
1343 806 1687 873 sublevare
1732 808 1959 892 inopes
2013 829 2096 873 ex
2143 817 2420 894 utroque
2476 808 2738 873 ordine
2759 807 3021 890 solitus,
3077 808 3159 872 de
3215 807 3398 895 plebe

798 932 976 979 vvero
1023 922 1230 976 certos
1272 920 1594 997 quotquot
1636 913 1821 975 annis
1863 910 1945 976 ad
1987 916 2352 996 equestrem
2397 932 2658 977 censum
2701 911 3217 997 dignitatemque
3251 926 3397 997 pro·

821 1014 1060 1078 vehere
1103 1013 1293 1079 schol.
1344 1013 1562 1078 Vallae
1603 1013 1690 1077 ad
1733 1015 1870 1077 Iuv.
1919 1012 1959 1080 l.
2006 1013 2045 1076 l.
2135 1014 2219 1078 In
2260 1014 2632 1082 universum
2652 1014 3104 1127 praedieatur
3119 1016 3398 1078 emuna

819 1117 988 1198 quod
1019 1118 1392 1181 inscribitur
1416 1117 1846 1198 paneyyrwus
1890 1117 2118 1181 incerta
2157 1117 2229 1179 in
2271 1116 2587 1181 Pisonem.
3175 1132 3182 1141 ·
3275 1130 3280 1141 ·

952 1219 1026 1285 C.
1059 1220 1302 1285 Caesar
1331 1220 1587 1283 Liviam
1622 1217 1995 1284 Orestillam
2027 1218 2098 1284 C.
2134 1219 2354 1283 Pisoni
2383 1219 2756 1301 nubentem,
2795 1241 2946 1283 eum
2992 1220 3082 1284 ad
3122 1218 3394 1283 officium

824 1335 889 1388 et
932 1327 1071 1409 ipse
1118 1324 1419 1406 venisset,
1479 1322 1561 1386 ad
1609 1344 1678 1385 se
1721 1322 1958 1385 deduci
2008 1323 2359 1407 imperavit
2403 1325 2704 1408 intraque
2733 1345 2990 1408 paucos
3035 1323 3178 1387 dies
3221 1328 3396 1408 repa

821 1428 1063 1491 diatam
1128 1425 1387 1490 biennio
1448 1436 1593 1511 post
1653 1423 2004 1507 relegavit,
2064 1425 2236 1509 quod
2297 1426 2610 1511 repetisse
2659 1448 2844 1490 usum
2909 1427 3140 1511 prioris
3169 1427 3402 1490 'mariti

832 1540 1121 1614 tempore
1163 1528 1376 1592 medio
1413 1527 1757 1593 videbatur
1788 1527 2047 1591 Sueten.
2090 1526 2294 1609 calm.
2326 1530 2430 1596 25.
2507 1528 3144 1593 Cornelia.Orestina
3173 1539 3403 1613 sponsa

822 1635 879 1696 ei
925 1656 964 1696 a
1007 1632 1174 1697 Gaio
1202 1630 1512 1696 *abducta
1554 1638 1715 1707 est‚'
1748 1633 1889 1715 πρὶν,
1924 1632 1991 1694 δὲ
2038 1631 2142 1696 δύο
2176 1637 2366 1715 μῆνας
2410 1631 2525 1714 (sie
2570 1636 2630 1694 et
2675 1632 2972 1696 Zonaras
3017 1636 3114 1709 11,
3147 1636 3212 1715 1)
3255 1633 3403 1702 ἐξελ-

821 1738 947 1801 θεῖν
995 1735 1369 1820 ἀμφοτέρους
1414 1739 1572 1818 σφᾶς
1617 1738 1700 1803 ὡς
1753 1736 1849 1797 καὶ
1895 1733 2387 1819 συγγιγνομένους
2429 1737 2714 1815 ἀλλήλας
2759 1736 2999 1819 ἑξώριὸε
3045 1733 3320 1809 Dio-59,
3363 1738 3405 1796 8

821 1838 935 1901 sub
998 1858 1163 1902 anno
1212 1841 1314 1901 37.
1406 1837 1463 1901 A
1513 1834 1585 1903 C.
1634 1836 1914 1900 Caesare
1973 1846 2239 1920 repente
2296 1835 2619 1919 relegatus
2663 1847 2779 1919 est,
2847 1836 3022 1922 quod
3066 1840 3402 1901 eonsuetu-

821 1940 1041 2004 dinem
1070 1942 1383 2026 pristinae
1414 1943 1640 2004 uxoris
1670 1937 1988 2003 abductae
2020 1938 2141 2003 sibi
2173 1937 2255 2003 ab
2289 1940 2448 2024 ipse,
2473 1939 2709 2003 deinde
2739 1941 3048 2004 remissae
3076 1941 3406 2025 repetiisse

823 2041 1318 2107 existimabatur
1373 2041 1563 2107 schol.
1611 2041 1896 2106 Juvenal.
1958 2041 1998 2104 l.
2049 2041 2089 2108 l,
2194 2042 2324 2106 Sed
2371 2042 2466 2110 C.‘
2491 2041 2898 2129 Calpurnius
2945 2044 3132 2107 inter‘
3176 2042 3404 2107 fratres

823 2145 1101 2211 Arvales
1147 2156 1485 2231 cooptatus
1531 2156 1626 2208 est
1684 2166 1905 2208 mense
1950 2144 2124 2208 Maio
2177 2168 2234 2208 a.
2282 2146 2382 2228 38,
2429 2144 2640 2210 adfuit
2683 2147 2750 2209 iu
2794 2145 3068 2229 collegio
3114 2169 3172 2210 a.
3213 2146 3300 2210 38
3347 2155 3407 2209 et

821 2253 906 2315 40
954 2250 1054 2315 VI
1083 2254 1283 2315 2028.
1328 2253 1498 2313 2030
1544 2248 1625 2328 ef.
1674 2247 1941 2330 Ephem.
1988 2248 2183 2329 effl'yr.
2217 2253 2260 2311 8
2289 2271 2362 2331 p.
2391 2254 2539 2315 324.
2637 2248 2808 2313 Vnde
2837 2254 3108 2332 apparet
3136 2244 3404 2314 Dionem

826 2352 902 2417 de
927 2358 1200 2435 tempore
1222 2351 1625 2433 releyatiom's
1648 2370 1911 2414 errasse.
1954 2349 2113 2414 Cum
2130 2352 2471 2432 probabile
2493 2352 2580 2415 sit
2601 2351 2878 2435 (eolla-tis
2895 2348 3102 2416 uerbis
3118 2351 3410 2417 Suetonii

824 2461 885 2519 et
939 2453 1340 2536 scholiastae)
1402 2455 1696 2536 com'uyes
1754 2453 1964 2516 eodem
2021 2454 2155 2534 fere
2216 2459 2487 2535 tempore
2529 2460 2799 2536 propter
2849 2474 3034 2518 usum
3076 2455 3404 2535 repetitum

819 2558 1130 2641 releyatos
1174 2579 1321 2634 esse,
1366 2556 1765 2621 statuendum
1811 2561 1900 2619 est
1946 2577 2006 2620 a.
2049 2561 2134 2621 38
2174 2557 2435 2638 nuptias
2477 2558 2693 2638 fuisse,
2742 2579 2801 2620 a.
2835 2562 2931 2620 ‘40
2975 2554 3085 2637 (ef.
3121 2556 3410 2621 Suetonii

701 2718 705 2722 .
822 2661 1039 2744 verba)
1088 2662 1380 2725 Pisonem
1429 2665 1488 2724 et
1529 2658 1895 2724 Orestillam
1941 2660 2011 2722 in
2053 2659 2310 2723 emiliam
2356 2664 2550 2726 actos,

961 2762 1099 2828 Sub
1162 2762 1435 2827 Claudio
1494 2764 1825 2826 restitutus
1886 2771 1951 2824 et
2007 2772 2153 2847 post
2219 2761 2626 2827 consulatum
2689 2770 2986 2826 materna
3053 2760 3408 2827 hereditate

825 2864 1103 2929 donatus
1149 2875 1248 2929 est
1288 2864 1478 2928 schol.
1511 2864 1796 2931 Juvenal.
1841 2863 2076 2929 Consul
2113 2862 2414 2943 suffectus
2445 2885 2612 2929 anno
2657 2865 2893 2929 incerto
2937 2864 3054 2928 sub
3093 2864 3409 2937 Claudia·

826 2967 947 3031 sub
999 2966 1224 3031 eodem
1272 2966 1659 3031 Dalmatiam
1720 2966 1974 3051 legatus
2035 2967 2237 3049 rexit,
2283 2973 2356 3031 ut
2397 2972 2565 3031 reete
2610 2967 2831 3050 cippus
2874 2965 3284 3031 Dalmatieus
3327 2967 3409 3031 ad

827 3091 965 3134 eum
1018 3071 1360 3151 referatur.
1458 3070 1702 3133 Romae
1761 3070 1885 3133 fuit
1950 3080 2123 3133 certe
2185 3068 2334 3133 inde
2391 3069 2476 3134 ab
2534 3092 2591 3134 a.
2638 3071 2741 3147 57,
2805 3067 3074 3151 collegio
3133 3070 3407 3135 fratrum

824 3172 1163 3238 Arvalium
1210 3172 1418 3237 adfuit
1462 3196 1518 3237 a.
1552 3175 1654 3238 57.
1690 3174 1791 3237 58.
1825 3175 1927 3240 59.
1962 3174 2064 3237 60.
2106 3175 2189 3237 63
2237 3174 2337 3238 VI
2363 3176 2775 3239 2039-2043,
2821 3178 3013 3240 2048.
3087 3174 3280 3239 Α11110
3327 3177 3407 3239 62

826 3277 1153 3340 Romanus
1214 3275 1512 3354 (libertus
1567 3276 1829 3357 quidam
1895 3281 1966 3339 ut
2023 3276 2293 3358 ridetur)
2360 3278 2623 3341 seeretis
2691 3276 3262 3341 criminationibus>
3321 3279 3408 3341 in·

824 3389 1173 3443 eusaverat
1233 3379 1543 3444 Senecam
1610 3389 1680 3443 ut
1739 3378 1813 3445 C.
1864 3380 2117 3443 Pisonis
2177 3381 2487 3464 amicum,
2549 3379 2660 3443 sed
2723 3378 3012 3442 validius
3064 3402 3106 3442 a
3155 3379 3412 3444 'Seneca

826 3482 1051 3547 eodem
1098 3483 1367 3545 erimine
1413 3480 1747 3567 perculsus
1794 3491 1922 3563 est3
1986 3481 2157 3545 unde
2205 3483 2423 3546 Pisoni
2489 3483 2679 3546 timor
2722 3492 2787 3546 et
2843 3491 2986 3546 orta
3029 3480 3407 3546 insidiarum

823 3587 891 3649 in
948 3585 1272 3649 Neronem
1332 3605 1568 3668 magna
1624 3583 1822 3648 moles
1886 3596 1952 3647 et
1997 3586 2394 3670 improspera
2449 3586 2595 3651 Tae.
2643 3607 2706 3649 a.
2751 3591 2858 3661 14,
2904 3589 3002 3651 65.
3092 3584 3412 3650 Anno-65

824 3690 1056 3775 coepta
1112 3686 1302 3753 simul
1364 3698 1429 3752 et
1488 3697 1683 3752 aucta
1740 3688 2101 3751 coniuratio
2148 3710 2277 3772 qua
2323 3688 2496 3751 Nero
2543 3687 2912 3767 tolleretur,
2972 3688 3124 3751 Piso
3169 3687 3253 3753 ad
3301 3690 3410 3753 im-

827 3794 1080 3878 perium
1111 3791 1512 3873 eveheretur,
1562 3791 1631 3854 in
1663 3813 1855 3875 quam
1890 3791 2185 3854 certatim
2216 3792 2479 3856 nomina
2509 3791 2824 3855 dederant
2851 3792 3184 3855 senatores
3215 3813 3412 3877 eques

823 3893 1007 3958 miles
1055 3893 1332 3958 feminae
1376 3895 1569 3957 etiam
1617 3915 1761 3956 eum
1811 3892 1958 3957 odio
1998 3893 2273 3957 Neronis
2308 3903 2444 3957 tum
2477 3894 2700 3958 favore
2732 3896 2798 3957 in
2832 3894 3134 3958 Pisonem
3177 3895 3325 3960 Tae.
3351 3916 3410 3959 a.

826 4003 923 4075 15,
970 4002 1203 4075 48-58,
1252 3997 1385 4062 Dio
1431 4003 1536 4073 62,
1586 4004 1692 4063 24.
1784 3996 2250 4062 Coniuratione
2311 3998 2566 4083 prodita
2612 4000 2761 4063 Piso
2820 3997 2994 4062 domi
3042 4020 3250 4061 venas
3305 4019 3411 4061 ex-

825 4100 1050 4179 solvit3
1127 4110 1581 4164 testamentum
1648 4099 1852 4164 foedis
1911 4099 2223 4164 adversus
2277 4100 2600 4165 Neronem
2661 4099 3150 4165 adulationibus
3210 4100 3412 4163 amori

824 4204 1051 4267 Atriae
1099 4202 1328 4271 Gallae
1374 4204 1597 4266 uxoris
1644 4202 1839 4285 dedit,
1908 4225 2102 4288 quam
2150 4203 2537 4285 degenerem
2584 4213 2648 4266 et
2691 4202 2829 4266 sola
2867 4206 3161 4287 corporis
3207 4202 3416 4266 forma

827 4305 1342 4369 commendatam
1406 4306 1678 4369 Domitii
1728 4304 1970 4369 Silonis
2034 4307 2224 4370 amici
2283 4307 2686 4371 matrimonio
2746 4303 3106 4369 abstulerat
3157 4305 3305 4371 Tac.
3354 4327 3414 4371 a.

828 4413 925 4485 15,
958 4413 1058 4475 59.
1106 4444 1187 4453 --
1237 4407 1632 4493 Calpurnius
1678 4406 2066 4474 Galerianus
2115 4408 2288 4472 filius
2343 4409 2488 4474 Tae.
2534 4407 2594 4472 h.
2630 4413 2687 4484 4,
2723 4413 2820 4471 11.

956 4510 1331 4575 Coniuratio
1368 4511 1717 4574 Pisoniana
1747 4511 1983 4592 paucis
2016 4511 2354 4592 attingitur
2386 4510 2642 4577 sueton.
2681 4510 2857 4575 Nero
2882 4514 2984 4587 36,
3021 4510 3132 4574 wit.-
3165 4511 3420 4576 Lucani

829 4612 1121 4677 Suetonii
1148 4613 1455 4695 reliquiae
1486 4612 1579 4677 ecl.
1605 4613 2070 4691 Reifferscheid
2085 4636 2155 4695 p.
2181 4618 2281 4680 78.
2345 4613 2473 4677 Hie
2503 4613 2664 4677 mihi
2689 4612 3142 4695 o'ntelleqenclus
3167 4613 3419 4677 videtur

826 4718 933 4779 rit.
966 4716 1276 4780 Peseewni
1308 4717 1509 4799 Nz‘qri
1551 4723 1608 4793 9,
1642 4723 1689 4781 2
1723 4716 1897 4779 ‘inde
1945 4716 2118 4801 quod
2165 4715 2322 4779 latet
2353 4716 2635 4800 Vindex,
2683 4716 2856 4802 quod
2904 4717 3053 4780 Piso
3101 4718 3410 4780 nescitur‘

823 4841 977 4883 nam
1021 4818 1174 4883 haee
1215 4821 1449 4902 referri
1489 4841 1617 4883 non
1649 4840 1840 4901 posse
1872 4819 1959 4882 acl
1991 4819 2301 4896 Pisonem„
2350 4820 2461 4899 qui
2503 4820 2583 4882 ab
2621 4840 2747 4883 uno
2787 4818 3099 4889 Trebellio
3129 4818 3418 4883 Pollione

829 4921 1062 4985 (licitur
1117 4922 1373 4986 rebellis
1431 4928 1653 4986 eontra
1708 4921 2075 4986 Galle'mzum
2135 4922 2411 4985 extitisse
2429 4973 2442 4999 ,
2508 4921 2726 4986 docent
2783 4921 2983 4985 verba
3031 4918 3159 4984 vit.⁵
3199 4919 3420 4986 Clodii

827 5024 1057 5088 Albine·
1102 5030 1205 5101 12,
1256 5032 1337 5088 10
1386 5026 1537 5089 ‘non
1585 5047 1725 5088 eam
1786 5025 2060 5106 gratiam
2125 5024 2282 5088 mihi
2335 5023 2605 5088 redditis
2652 5022 2849 5110 quam
2893 5024 3172 5087 maiores
3217 5024 3415 5088 vestri

828 5138 1053 5192 eontra
1098 5129 1509 5194 Pisonianam
1556 5129 1932 5211 fac-tionem,
1985 5150 2176 5213 quam
2226 5130 2374 5192 item
2417 5152 2533 5214 pro
2581 5129 2898 5211 Traian0‚
2947 5148 3142 5212 quam
3209 5148 3420 5211 nuper

830 5242 1053 5294 contra
1102 5231 1409 5296 Avidium
1458 5233 1753 5297 Cassium
1801 5233 2309 5316 praestiterunt'.
