3859 5992
448 518 807 573 AEMILIVS
1763 515 1846 578 35
2792 526 3156 581 AEMILIVS

573 721 627 793 7,
669 722 745 794 1‚·
787 722 843 795 6,
878 723 985 795 42,
1017 723 1116 786 16.
1144 724 1266 796 30,-
1313 725 1368 796 7,
1403 724 1511 797 32,
1556 725 1631 798 3,·
1676 726 1729 797 7,
1775 726 1875 797 45,
1923 728 2021 797 14,
2067 722 2350 786 Imtitut.
2396 730 2461 798 2,
2508 728 2613 799 23,
2660 728 2716 800 7,
2772 722 3153 789 Constitutio

569 820 827 885 Omnem
871 826 912 883 6
923 840 945 897 ,·
999 822 1256 907 scripsit
1297 824 1748 907 quaestionum
1797 823 1994 888 libros
2039 825 2395 903 XXXVII,
2447 847 2900 911 responsorum
2959 824 3156 889 libros

570 922 792 1004 XXX,
839 921 1287 987 definitionum
1336 922 1538 988 libros
1583 926 1669 1007 Π,
1716 925 1798 989 de
1837 925 2172 990 adulteriis
2211 926 2407 990 libros
2451 927 2517 992 II
2564 937 2630 991 et
2666 926 2901 992 librum
2933 929 3153 1010 singu-

568 1026 767 1092 larem
784 1075 800 1109 ,
852 1023 1267 1112 Ἀστυνομικός
1323 1025 1560 1092 librum
1615 1027 2012 1111 singularem
2058 1028 2205 1094 Ind.
2249 1028 2544 1094 Floreat.
2596 1029 2843 1113 Diyest.
2942 1030 3154 1112 Fragl-

565 1134 779 1194 menta
821 1127 1068 1211 colleyit
1109 1127 1304 1193 Lenel
1346 1129 1800 1212 Palinqenesia
1843 1131 1893 1195 I
1925 1135 2054 1195 803
2079 1150 2207 1213 sqq.

446 1233 567 1298 266
610 1233 1004 1314 (AEMILIVS
1049 1233 1528 1315 PAPINIANVS)
1572 1231 1744 1297 filius
1790 1233 1930 1296 iure
1978 1233 2276 1310 consulti,
2307 1243 2611 1319 quaestor
2648 1256 2704 1299 a.
2738 1235 2863 1299 212
2893 1257 2933 1299 a
2961 1233 3155 1300 Cara-

568 1334 735 1399 calla
781 1335 1031 1397 occisus
1076 1335 1184 1398 vit.
1227 1333 1456 1402 Carae.
1486 1340 1546 1413 4,
1576 1342 1644 1401 2.

468 1474 543 1483 —
610 1446 672 1500 G.
720 1446 971 1500 IVLIVS
1016 1445 1407 1502 PISIBANVS
1453 1447 1799 1503 MAXIMVS
1847 1448 2209 1503 AEMILIVS
2257 1448 2507 1504 PAPVS.

463 1576 546 1586 —
608 1550 687 1603 M.
737 1548 1000 1603 CVTIVS
1048 1548 1351 1605 PRISCVS
1406 1550 1724 1605 MESSIVS
1772 1550 2130 1605 RVSTICVS
2175 1551 2540 1606 AEMILIVS
2603 1552 2832 1607 PAPVS
2876 1552 3152 1608 ARRIVS

566 1650 949 1706 PROCVLVS
996 1651 1241 1707 IVLIVS
1291 1652 1588 1709 CELSVS.

445 1745 562 1809 267
611 1743 930 1809 Aemilius
973 1744 1466 1829 Parthenianus,
1501 1749 1613 1832 qui
1647 1745 2076 1811 adfectatores
2118 1745 2481 1831 tyrannidis
2512 1748 2640 1812 iam
2671 1746 2820 1811 inde
2852 1771 2891 1812 a
2920 1750 3151 1812 veteri-

565 1846 688 1912 bus
741 1848 1046 1914 historiae
1089 1847 1375 1930 tradidit,
1424 1850 1659 1914 citatur
1698 1849 1806 1914 vit.
1847 1849 2038 1914 Avid.
2080 1848 2260 1914 Cass.
2290 1854 2350 1926 5,
2380 1853 2438 1913 1.

445 1951 563 2016 268
608 1960 674 2018 1..
720 1959 1086 2015 AEMImvs
1134 1961 1497 2034 PAVLLVS,
1547 1951 1769 2016 consul
1814 1975 1873 2016 a.
1922 1953 2047 2016 754
2099 1981 2181 2004 =
2232 1955 2255 2017 l
2313 1973 2374 2036 p.
2425 1950 2494 2017 C.
2542 1973 2688 2016 cum
2734 1951 2808 2018 O.
2852 1952 3149 2020 Caesare.

572 2053 807 2119 Tituli:
836 2053 1096 2137 publice
1128 2055 1380 2136 positus
1408 2054 1667 2119 Atticus
1710 2057 1742 2119 ὃ
1788 2057 1976 2141 δῆμος
2002 2055 2248 2120 Λεύκιον
2279 2055 2547 2140 Αἰμίλιον
2591 2054 2911 2138 [Παῡλλον]
2959 2055 3153 2121 Παύλ-

565 2162 672 2222 λου
732 2156 854 2222 υἱόν
910 2156 1067 2221 CIA
1119 2156 1252 2221 III
1282 2162 1403 2221 590
1448 2157 1573 2239 (1);
1638 2158 1910 2238 fortasse
1972 2157 2060 2221 ad
2114 2156 2369 2221 eandem
2429 2162 2672 2240 spectat
2728 2158 3152 2240 fragmentum

560 2260 902 2326 Deliacum
948 2309 962 2323 .
990 2308 1005 2323 .
1033 2308 1048 2323 .
1076 2309 1090 2322 .
1138 2258 1448 2345 [Αἰ]μίλιον
1496 2259 1813 2343 Παῦλ[λον]
1861 2259 2190 2343 [Παύλ]λου
2236 2262 2358 2325 υἱὸν
2395 2259 2694 2344 Λέπ[ιδον]
2740 2259 3029 2325 Bulletin
3078 2260 3152 2326 de

563 2383 836 2446 correQJ.
866 2360 1007 2426 hell.
1048 2361 1180 2426 III
1198 2383 1271 2444 p.
1307 2366 1427 2427 153
1455 2361 1571 2446 (2).
1650 2362 2053 2427 Memoratur
2096 2364 2164 2426 in
2210 2367 2252 2426 t.
2302 2361 2668 2427 libertorum
2715 2361 2815 2427 VI
2832 2368 2996 2428 4499
3038 2362 3148 2447 (3).

560 2472 727 2534 4450
773 2463 882 2550 (4).

690 2570 773 2635 In
803 2569 1167 2635 consulatu:
1206 2568 1302 2654 [C.
1336 2568 1577 2635 Caesar
1608 2618 1869 2634 ........
1874 2568 1894 2652 ]
1939 2567 2202 2634 Paullus
2251 2570 2403 2650 fast.
2447 2568 2604 2651 Cap.
2639 2568 2747 2650 (cf.
2779 2566 2951 2651 Eph.
2983 2588 3077 2650 ep.
3107 2571 3150 2630 3

562 2697 634 2758 p.
666 2672 791 2754 10),
840 2671 916 2736 L.
949 2670 1265 2735 Aemilius
1310 2670 1550 2735 Paulus
1582 2669 1714 2735 Dio
1758 2670 1891 2734 incl.
1941 2669 1981 2734 l.
2025 2673 2125 2745 55,
2172 2669 2247 2736 L.
2295 2667 2564 2734 Paullus
2613 2668 2717 2733 VI
2735 2672 2917 2737 5531.
2963 2673 3146 2737 6794.

566 2779 746 2841 7398.
791 2779 1023 2851 10395,
1083 2773 1157 2839 Χ
1193 2777 1336 2840 891.
1383 2777 1586 2849 1582,
1646 2772 1971 2855 Paulss)us
2028 2771 2207 2837 alibi.
2252 2810 2338 2818 —
2398 2773 2474 2839 L.
2525 2769 2837 2836 Aemilius
2881 2771 3149 2836 Paullus

568 2885 605 2947 t.
637 2883 695 2956 1,
744 2877 849 2960 (L.
883 2874 1224 2959 Aemilius)
1256 2874 1518 2940 Paullus
1554 2881 1595 2940 t.
1626 2880 1687 2940 3.
1719 2881 1761 2941 4
1806 2925 1819 2940 .
1849 2925 1862 2939 .
1894 2873 2211 2939 Aemilius
2251 2873 2519 2939 Paullus
2564 2873 2853 2959 Lepidus
2901 2878 2942 2939 t.
2987 2880 3037 2941 ,2
3077 2879 3148 2939 ut

562 2981 824 3057 videtur,
884 2982 994 3062 qui
1047 2980 1107 3043 si
1161 2984 1325 3043 reete
1381 2978 1701 3061 suppletas
1766 2983 1952 3059 atque
2004 2977 2247 3042 relatus
2307 2978 2390 3040 sit
2409 3026 2423 3053 ,
2497 2998 2648 3041 vera
2701 2977 2963 3042 nomina
3017 2998 3147 3042 non

566 3088 857 3150 accurate
901 3081 1165 3147 exhibet.
1202 3119 1279 3128 —
1328 3082 1402 3145 L.
1451 3080 1694 3145 Paulus
1742 3081 2100 3156 Suetonius,
2149 3079 2466 3144 Aemilius
2515 3078 2757 3144 Paulus
2798 3078 3146 3144 scholiasta

564 3186 863 3263 Juvenal„
910 3184 1180 3250 Paullus
1227 3184 1615 3267 Propertius,

686 3289 762 3355 L.
808 3289 850 3354 f.
897 3287 1031 3353 Dio
1090 3287 1219 3353 incl.
1277 3288 1316 3352 l.
1361 3291 1458 3363 55,
1519 3287 1693 3371 filius
1749 3285 1985 3351 scilicet
2043 3284 2249 3349 Paulli
2297 3283 2558 3350 Aemilii
2605 3284 2838 3371 Lepidi
2894 3285 3022 3349 sive
3066 3285 3143 3349 L.

560 3391 813 3457 Aemilii
860 3390 1071 3456 Paulli
1118 3389 1402 3454 eonsulis
1448 3413 1504 3455 a.
1538 3390 1662 3455 720
1707 3399 1772 3453 et
1816 3387 2157 3453 Corneliae
2188 3387 2481 3470 Propert.
2511 3390 2570 3461 5,
2604 3391 2702 3463 11,
2735 3391 2834 3452 63.
2903 3387 3147 3453 Consul

562 3517 614 3561 a.
663 3494 788 3560 754
848 3523 930 3546 Ξ
994 3497 1023 3558 1
1076 3517 1137 3579 p.
1186 3492 1259 3559 C.
1307 3494 1485 3574 fasti.
1575 3493 1907 3574 Progener
1965 3491 2278 3573 Augusti,
2340 3489 2614 3553 maritus
2674 3488 2877 3553 Iuliae
2935 3491 3145 3575 neptis

558 3597 834 3680 Augusti
867 3596 1046 3662 Suet.
1079 3596 1248 3679 Any.
1282 3600 1382 3662 19.
1415 3600 1514 3671 64,
1560 3598 1621 3660 in
1654 3595 2024 3677 Augustum
2056 3594 2422 3657 coniuravit
2450 3590 2578 3656 ibd.
2612 3596 2726 3667 19,·
2770 3591 3146 3658 scholiastae

558 3698 841 3764 Juvenal.
887 3704 945 3776 6,
995 3702 1116 3764 158
1173 3697 1542 3763 adnotantis
1586 3695 1843 3761 ‘Iuliam
1899 3706 2156 3781 neptem
2222 3694 2497 3778 Augusti
2561 3695 2912 3777 signifieat,
2976 3717 3144 3780 quae

562 3812 761 3888 nupta
790 3800 1069 3866 Aemilio
1099 3800 1322 3883 Paulo,
1370 3822 1515 3864 eum
1556 3801 1609 3863 is
1640 3800 1996 3863 maiestatis
2043 3799 2312 3862 erimine
2356 3799 2645 3882 perisset,
2693 3795 2776 3860 ab
2819 3817 2941 3859 avo
2987 3793 3142 3859 rele-

559 3914 711 3987 gata
768 3914 898 3986 est,
945 3913 1092 3989 post
1152 3912 1452 3967 revocata
1511 3924 1657 3966 eum
1718 3912 1917 3965 semet
1977 3901 2152 3964 vitiis
2212 3899 2521 3980 dedisset,
2581 3907 2890 3984 perpetuo
2948 3896 3143 3961 exilio

560 4006 865 4070 damnata
925 4015 1043 4070 est‘
1107 4005 1520 4088 confirmatur
1587 4004 2002 4068 testimonium
2072 4003 2272 4066 titulis
2334 4008 2393 4066 3.
2455 4007 2494 4066 4
2563 4000 2958 4077 libertorum,
3032 4000 3146 4063 ubi

554 4130 777 4174 nomen
820 4107 1030 4173 Paulli
1077 4127 1327 4173 erasum
1372 4112 1481 4183 est,
1527 4112 1586 4170 et
1638 4106 1811 4170 docet
1857 4105 2159 4169 Paullum
2204 4105 2703 4169 coniurationem
2761 4103 2978 4168 iniisse
3024 4102 3144 4167 ali-

557 4216 791 4293 quanto
857 4216 1002 4276 ante
1066 4212 1255 4294 finem
1317 4211 1500 4293 requi
1555 4209 1851 4290 Aaqusti.
1955 4209 2180 4289 Itaque
2239 4206 2341 4271 hie
2401 4206 2741 4271 damnatae
2805 4207 3143 4271 memoriae

556 4335 681 4379 non
710 4318 925 4397 potest
968 4333 1097 4378 esse
1139 4315 1347 4395 frater
1389 4311 1673 4388 Arvalis,
1719 4313 1896 4375 ouius
1941 4312 2011 4374 ‘in
2056 4310 2256 4375 locum
2300 4310 2556 4374 Drusus
2601 4331 2661 4373 a.
2694 4313 2773 4372 14
2818 4312 3144 4392 cooptatus

555 4423 660 4482 est.
710 4453 789 4463 —-
834 4415 1021 4483 Filia
1062 4415 1345 4480 Aemilia
1390 4414 1639 4497 Lepida
1680 4435 1743 4480 n.
1789 4418 1937 4480 295.

438 4520 555 4584 269
596 4529 665 4585 L.
714 4518 1124 4603 [AEMILIVS]
1173 4526 1529 4598 PAVLLVS,
1577 4515 1778 4580 frater
1807 4513 2085 4596 ArvaliS,
2137 4517 2202 4579 in
2234 4516 2416 4578 euius
2451 4513 2660 4578 loeum
2692 4513 2755 4578 d.
2794 4515 2872 4578 14
2902 4514 3142 4578 mensis

556 4622 689 4687 Mai
734 4646 792 4687 a.
832 4623 912 4686 14
959 4622 1217 4686 Drusus
1262 4619 1504 4686 Caesar
1549 4628 1882 4704 cooptatus
1931 4628 2028 4682 est
2072 4622 2219 4682 acta
2254 4616 2481 4683 Arval.
2572 4616 2723 4681 Non
2755 4620 2965 4697 potest
3007 4635 3135 4679 esse

553 4725 767 4791 consul
812 4746 872 4792 α.
910 4730 1026 4790 754
1068 4754 1151 4777 =
1195 4729 1332 4806 11⁹·
1376 4724 1446 4791 0.

440 4828 557 4893 270
601 4830 705 4911 (M.
737 4829 1110 4910 AIMILIVS)
1144 4834 1477 4891 PAVLLVS
1524 4826 1592 4888 in
1635 4825 1838 4888 titulis
1869 4824 2236 4888 libertorum
2267 4824 2498 4887 aetatis
2526 4822 2808 4904 Auyustz'
2842 4821 2942 4885 VI
2960 4825 3139 4885 4457.

437 4934 1118 5099 27145Α160111ἰῗί6ιι98ᾶΡίιι8
1160 5055 1201 5095 a
1242 5030 1572 5094 Frontone
1618 5031 1922 5094 Passieno
1984 5028 2155 5093 Rufo
2216 5026 2698 5092 commendatus
2742 5026 2989 5090 Fronto
3035 5023 3139 5088 ad.

559 5157 681 5201 am.
713 5141 771 5211 1,
803 5139 847 5199 8
876 5157 948 5217 p.
982 5140 1104 5200 179
1135 5154 1257 5215 seq,
1294 5132 1379 5197 N.
2701 5228 2728 5259 Ι.

2655 5230 2690 5283 3
