3859 5992
546 536 912 591 ALBVCIVS
1861 531 1945 595 46
2785 535 3255 593 ALEXANDEB

545 731 673 799 354
715 730 1053 817 Albucius,
1105 731 1405 799 ‘Canidia
1450 732 1687 798 Albuci
1734 734 1969 820 quibus
2016 744 2114 799 est
2158 736 2420 800 inimica
2468 744 2816 799 venenum‘
2855 734 3087 800 Horat.
3133 740 3254 802 sat.

672 840 740 913 2,
786 841 845 913 1,
891 842 1008 913 48,-
1066 834 1169 899 hic
1217 837 1385 899 enim
1432 859 1682 901 veneno
1730 859 1998 901 uxorem
2045 860 2223 902 suam
2271 838 2510 902 dicitur
2553 840 2900 923 peremisse
2945 837 3255 921 Porpleyr.

677 938 796 1004 Vix
817 943 981 1002 reete
994 937 1356 1022 Porphyrio
1379 939 1636 1005 eundem
1658 960 1787 1004 esse
1791 944 1988 1022 putat
2003 940 2350 1005 Albucium
2371 962 2586 1004 senem
2603 940 2834 1007 Horat.
2851 946 2974 1006 sat.
2991 948 3055 1017 2,
3073 948 3137 1017 2,
3157 947 3255 1005 67.

547 1041 672 1106 355
719 1039 795 1107 C.
857 1039 1173 1105 Albucius
1233 1041 1408 1107 Silus
1468 1043 1887 1126 (praenomen
1943 1043 2113 1108 solus
2169 1044 2442 1108 servavit
2504 1044 2875 1120 SuetoniuS,
2936 1042 3257 1109 Albucius

678 1142 852 1207 Silus
909 1143 1006 1208 vel
1054 1142 1369 1209 Albucius
1432 1150 1744 1230 ceterum),
1809 1145 2026 1211 rhetor
2084 1155 2293 1210 aetate
2348 1145 2650 1227 Augusti.
2737 1144 2946 1210 Vitam
3003 1147 3260 1228 scripffl't

678 1245 1018 1311 Suetonius
1062 1246 1137 1311 de
1176 1247 1330 1311 rhet.
1377 1252 1436 1315 8.
1525 1248 1945 1312 Novariensis
1977 1247 2151 1314 Suet.
2199 1246 2370 1327 (inde
2408 1248 2831 1333 Hieronymus
2875 1249 3003 1315 chr.
3044 1249 3147 1316 ad.
3196 1271 3255 1316 a.

676 1347 839 1413 Abr.
884 1353 1079 1435 2011)
1146 1350 1211 1412 in
1276 1350 1487 1434 patria
1550 1349 1879 1414 aedilitate
1944 1350 2204 1414 functus
2262 1351 2534 1415 Romam
2598 1371 2668 1416 se
2725 1350 2996 1415 contulit
3062 1361 3126 1415 et
3193 1353 3258 1415 in

680 1451 783 1531 (L.
816 1451 1121 1534 Munatii)
1156 1451 1380 1517 Planci
1420 1455 1694 1517 oratoris
1724 1452 2219 1517 contubernium
2252 1463 2548 1538 receptus
2583 1464 2699 1518 est.
2773 1454 3049 1540 Propria
3077 1454 3255 1518 audi-

682 1554 845 1618 toria
890 1555 1200 1637 instituit,
1263 1554 1374 1620 ubi
1435 1553 1842 1623 declamavit.
1929 1556 2088 1639 Egit
2131 1566 2196 1620 et
2236 1578 2464 1620 causas
2510 1577 2738 1621 verum
2783 1557 3023 1639 rarius,
3085 1556 3259 1643 apud

678 1655 754 1723 L.
816 1658 1118 1721 Pisonem
1177 1658 1624 1743 proconsulem
1685 1660 1833 1743 (608.
1894 1681 1954 1723 a.
2004 1663 2122 1724 739
2183 1688 2266 1711 =
2322 1664 2401 1724 15
2445 1680 2507 1723 a.
2550 1657 2647 1745 G.)
2707 1657 3001 1723 defendit
3057 1681 3256 1724 reum.

680 1758 913 1823 Senior
970 1760 1321 1824 Novariam
1380 1760 1573 1825 rediit
1633 1760 1853 1847 ibique
1911 1761 2138 1826 inedia·
2188 1784 2257 1825 se
2317 1761 2643 1825 interfecit
2702 1761 2877 1827 Suet.
2966 1760 3069 1827 De
3126 1763 3259 1827 eius

670 1884 896 1946 yenere
939 1862 1192 1927 dicendi
1234 1862 1752 1946 declamandique
1796 1864 2081 1947 disputat
2124 1865 2366 1929 Seneca
2410 1868 2608 1928 contr.
2659 1868 2702 1928 7
2727 1864 2947 1947 praef.
2993 1870 3145 1941 1-9,
3191 1866 3258 1928 in

678 1967 955 2052 primum
991 1964 1495 2030 declamatorum
1537 1966 1895 2031 tetradeum
1942 1967 2289 2049 (LatroniS,
2339 1967 2554 2049 Fusci,
2608 1965 2861 2047 Albuci,
2910 1965 3256 2048 Gallionis)

675 2069 955 2151 refertur
1000 2068 1079 2132 ab
1127 2067 1337 2133 eodem
1376 2073 1574 2133 contr.
1602 2074 1685 2133 10
1712 2070 1932 2152 praef.
1966 2075 2072 2135 12.
2155 2068 2553 2146 Sententiae,
2610 2068 2879 2147 colores,
2927 2070 3260 2134 divisiones

680 2172 927 2254 passim
974 2170 1150 2253 apud
1178 2170 1480 2237 Senecam
1514 2170 1618 2239 rh.
1665 2173 1747 2255 cf.
1790 2172 2058 2237 indicem
2094 2171 2494 2256 Kiesslinyii.
2571 2173 2713 2236 Non
2762 2172 3074 2236 obscurus
3117 2194 3259 2258 pro-

678 2275 885 2338 fessor
942 2287 1139 2359 atque
1195 2285 1425 2339 auctor
1482 2273 1791 2338 laudatur
1842 2296 1885 2340 a
1937 2275 2334 2356 Quintiliano
2381 2276 2525 2340 inst.
2557 2280 2625 2351 2,
2671 2279 2769 2352 15,
2816 2280 2933 2352 36,-
2974 2279 3141 2353 3,’3,
3185 2280 3262 2353 4,·

675 2379 735 2453 3,
769 2382 826 2454 6,
859 2381 963 2454 62,
1006 2376 1170 2442 unde
1215 2399 1353 2441 eum
1398 2376 1472 2443 de
1516 2383 1654 2442 arte
1696 2377 2021 2443 rhetorica
2063 2379 2390 2462 scripsisse
2434 2383 2722 2461 apparet.

576 2516 652 2525 —
722 2489 788 2543 L.
833 2488 1215 2543 ANTONIVS
1260 2489 1522 2544 ALBVS.

574 2618 651 2627 —-
720 2591 1011 2646 MARCIA
1058 2591 1388 2646 CLAVDIA
1434 2592 1659 2646 ALCIA
1703 2592 2084 2647 ATHENAIS
2132 2592 2446 2648 GAVIDIA
2489 2591 2861 2648 LATIARIS.

575 2722 653 2730 -
722 2695 1079 2748 VIBVLLIA
1122 2694 1349 2749 ALCIA
1394 2695 1820 2750 AGRIPPINA.

575 2826 653 2837 —
723 2789 796 2852 P.
842 2788 1067 2853 Aelius
1113 2787 1503 2856 Alcibiadae.

574 2927 654 2937 —
722 2889 797 2958 C.
844 2891 1064 2955 Attius
1109 2889 1402 2955 Alcimus
1446 2890 1832 2955 FelicianuS.

591 2995 675 3059 56
716 2992 1049 3075 AlcinouS,
1094 2995 1335 3058 stoicus
1381 2992 1694 3059 Philostr.
1738 3014 1794 3058 v.
1839 2993 2015 3077 soph.
2049 3016 2121 3077 p.
2152 2999 2303 3077 226,
2338 2999 2383 3061 3
2414 2994 2502 3059 K.

593 3096 675 3163 57
722 3096 901 3179 Alco,
949 3095 1239 3160 medicus
1284 3096 1626 3161 vulnerum
1673 3105 1884 3161 aetate
1929 3096 2187 3162 Claudii
2220 3096 2400 3161 Plin.
2446 3119 2510 3161 n.
2554 3096 2617 3163 h.
2654 3102 2764 3173 29,
2794 3101 2906 3172 22,
2958 3095 3257 3161 Martial.

676 3205 735 3277 6,
770 3205 869 3278 70,
901 3205 977 3278 6,·
1018 3205 1116 3278 11,
1148 3204 1248 3277 84,
1278 3205 1355 3277 5,·
1393 3199 1557 3265 idem
1601 3205 1692 3265 est
1739 3199 2009 3266 Ἀλκύων
2056 3203 2087 3265 ὃ
2134 3201 2329 3287 ἰατρός
2371 3200 2618 3282 Ioseph.
2666 3204 2795 3267 αοῑΐ.
2841 3204 2942 3277 19,
2976 3204 3032 3275 1,
3064 3202 3171 3264 20.

574 3340 650 3348 —
719 3314 781 3371 P.
828 3312 1199 3367 DELPHIVS
1246 3312 1719 3367 PEREGRINVS
1765 3312 2039 3367 ALEIVS
2080 3312 2461 3367 ALENNIVS
2509 3311 2899 3366 MARIANVS
2946 3309 3259 3366 CVRTIVS

680 3416 1161 3470 VALERIANVS
1207 3414 1591 3470 PROCVLVS
1637 3416 1715 3471 M.
1761 3415 2040 3469 NONIVS
2086 3415 2490 3471 MVCIANVS.

551 3508 676 3573 358
720 3518 788 3575 L.
834 3510 1134 3590 ALE(1VS
1150 3506 1212 3589 ⁴2)
1269 3507 1650 3591 V[E]R(VS),
1720 3528 1889 3571 unus
1946 3530 2028 3571 ex
2087 3508 2307 3594 pueris
2352 3508 2688 3571 senatoriis
2735 3506 2847 3592 qui
2906 3502 3261 3569 Arvalibus

676 3612 1129 3675 ministrarunt
1171 3634 1229 3678 a.
1261 3612 1378 3675 241
1431 3609 1533 3675 VI
1565 3615 1751 3685 2114,
1794 3615 1880 3673 17
1890 3630 1910 3687 ,·
1953 3620 2102 3673 ALE
2135 3650 2152 3667 ·
2183 3618 2317 3673 VIR
2358 3609 2429 3674 in
2474 3608 2704 3691 lapide,
2742 3608 3016 3689 fortasse
3061 3606 3258 3689 leyen-

679 3714 827 3778 dum
871 3718 961 3779 est
1006 3714 1353 3795 ALFssvs).

576 3854 654 3863 —
723 3818 796 3883 P.
842 3815 1052 3883 Alfius
1098 3814 1414 3880 Alennius
1458 3815 1784 3880 Maximus
1831 3812 2096 3879 Curtius
2141 3814 2545 3880 Valerianus.

576 3956 653 3965 -
722 3930 784 3987 P.
832 3929 1204 3983 DELPHIVS
1265 3927 1740 3982 PEREGRINVS
1785 3928 2056 3982 ALFIVS
2111 3927 2492 3982 ALENNIVS
2552 3926 2898 3981 MAXIMVS
2946 3925 3259 3980 CVRTIVS

681 4031 1161 4086 VALERIANVS
1208 4030 1591 4085 PROCVLVS
1638 4031 1716 4088 M.
1764 4029 2042 4084 NONIVS
2088 4029 2493 4085 MVCIANVS.

551 4124 678 4190 359
720 4133 1219 4206 ALEXANDER,
1280 4124 1367 4188 M.
1416 4124 1683 4188 Antonii
1730 4134 1794 4188 et
1840 4122 2222 4208 Cleopatrae
2266 4123 2436 4187 filius
2482 4124 2619 4186 Liv.
2653 4145 2795 4204 per.
2843 4127 3001 4203 132,
3061 4121 3261 4185 frater

679 4229 974 4310 geminus
1020 4227 1401 4312 Cleopatrae
1444 4228 1728 4309 minoris,
1775 4228 2264 4310 cognominatus
2301 4223 2511 4297 Ἥλιος
2553 4225 2734 4290 Plut.
2780 4225 2936 4289 Ant.
2980 4229 3080 4299 36,
3128 4222 3259 4287 Dio

677 4336 779 4407 49,
809 4334 932 4408 32;
971 4335 1073 4407 59,
1106 4335 1210 4395 21.
1302 4328 1624 4394 Antonius
1671 4353 1727 4396 a.
1775 4331 1899 4395 720
1945 4359 2028 4382 =
2071 4332 2156 4394 34
2200 4352 2257 4394 a.
2304 4328 2378 4394 O.
2429 4349 2703 4411 regnum
2750 4328 3098 4392 Armeniae
3158 4327 3259 4390 cui

679 4432 900 4497 Media
941 4445 1007 4497 et
1052 4433 1320 4498 Parthia
1377 4433 1783 4515 accederent,
1846 4434 2314 4497 constituturus
2370 4432 2429 4495 ei
2491 4431 2842 4495 destinavit
2883 4440 2951 4494 et
2993 4431 3260 4514 Iotapen

680 4534 1021 4600 Medorum
1078 4537 1252 4618 regis
1308 4534 1506 4600 filiam
1553 4534 1896 4621 despondit
1941 4534 2117 4599 Plut.
2170 4535 2324 4599 Ant.
2370 4538 2483 4610 54,
2531 4533 2662 4599 Dio
2708 4538 2808 4609 49,
2855 4538 2956 4597 40.
3010 4535 3258 4606 4144,

680 4637 922 4704 Caesar
967 4661 1114 4704 eum
1160 4641 1226 4703 in
1276 4639 1597 4724 triumpho
1644 4638 1836 4703 duxit
1877 4638 2012 4703 Deo
2054 4644 2154 4715 51,
2202 4643 2288 4702 21
2334 4637 2601 4718 (Zonar.
2655 4642 2754 4712 10,
2800 4640 2908 4722 31)
2955 4646 3019 4699 et
3069 4635 3263 4705 αὐτοῖς

677 4740 907 4821 (Iubae
950 4749 1009 4807 et
1048 4742 1436 4825 Cleopatrae
1478 4742 1735 4823 minori)
1781 4744 1879 4807 καὶ
1922 4744 2021 4806 τὸν
2070 4739 2455 4828 Ἀλέξανδρον
2503 4742 2822 4827 ἐχαρίσατο
2867 4739 2999 4804 Dio
3030 4742 3261 4814 51,15.

681 4845 1017 4911 Educatus
1060 4844 1143 4911 ab
1184 4844 1460 4911 Octavia
1505 4844 1684 4910 Plut.
1717 4845 1871 4909 Ant.
1904 4848 2005 4911 87.

551 4951 678 5016 360
721 4949 1129 5032 Alexander,
1190 4949 1393 5014 frater
1436 4947 1775 5013 lamblichi
1835 4946 2044 5030 reguli
2090 4946 2382 5013 Arabum
2442 4945 2524 5010 ab
2570 4946 2856 5011 Antonio
2917 4941 3261 5025 interfecti,

681 5065 827 5139 post
869 5052 1107 5117 bellum
1139 5052 1481 5118 Actiacum
1514 5075 1553 5115 a
1582 5050 1861 5117 Caesare
1905 5071 2105 5133 regno
2151 5059 2389 5115 exutus
2434 5059 2497 5114 et
2543 5050 2609 5112 in
2654 5045 2982 5136 triumpho
3029 5044 3263 5113 ductus

681 5157 932 5223 occisus
978 5166 1075 5220 est
1116 5154 1249 5219 Dio
1287 5158 1389 5231 51,
1421 5159 1485 5220 2.

547 2995 588 3059 3

549 3099 590 3163 3
