3859 5992
1781 586 2213 649 -νῙ-

632 758 944 843 exempti3
996 757 1152 824 item
1212 757 1298 823 ad
1343 775 1533 823 sacra
1576 755 1837 823 diversa
1880 775 2050 840 quae
2093 755 2448 843 pertinent3
2514 756 2671 823 item
2716 777 2861 823 cum
2916 756 3011 825 rei
3065 756 3367 843 publicae

633 876 1125 944 Atheniensium
1190 877 1573 963 imperiique
1634 875 1906 943 Romani
1975 882 2390 943 monumenta
2457 895 2574 961 per
2639 896 2711 942 se
2788 876 2949 943 satis
3015 877 3363 957 emineant,

629 1018 845 1064 rerum
913 996 1315 1081 publicarum
1383 995 1697 1062 minorum
1755 994 2201 1062 condicionem
2258 1002 2324 1063 et
2376 995 2848 1063 ordinationem
2906 995 3363 1081 municipalem

631 1136 801 1201 quae
843 1114 1199 1203 illustrant3
1242 1116 1396 1183 item
1444 1115 1526 1181 de
1570 1134 1642 1181 re
1689 1113 1952 1180 militari
1984 1114 2264 1182 maxime
2294 1115 2547 1202 imperii
2578 1115 2854 1183 Romani
2894 1136 3063 1201 quae
3108 1123 3362 1203 extant3

629 1236 764 1302 alia
808 1237 1012 1302 multa
1056 1235 1421 1321 spectantia
1463 1234 1551 1301 ad
1596 1254 1809 1301 mores
1855 1234 2186 1300 hominum
2232 1243 2297 1303 et
2340 1235 2659 1303 sermonis
2705 1256 2822 1321 per
2866 1234 3088 1302 orbem
3131 1235 3363 1303 Roma-

630 1376 784 1421 num
826 1353 1289 1422 diversitatem.
1378 1355 1560 1420 Haec
1606 1353 1824 1420 omnia
1866 1353 1961 1420 ita
2006 1354 2456 1421 concinnanda
2501 1362 2706 1441 erunt,
2753 1362 2823 1422 ut
2867 1376 2999 1422 non
3031 1354 3361 1421 titulorum

628 1476 837 1541 solum
883 1474 1049 1541 ratio
1095 1473 1432 1559 habeatur,
1500 1472 1617 1541 sed
1662 1480 1731 1541 ut
1778 1495 1949 1558 quae
1992 1482 2290 1543 auctores
2345 1475 2584 1561 papyri
2630 1474 2875 1542 nummi
2931 1473 3167 1542 similia
3215 1474 3363 1541 sub-

629 1593 1015 1681 ministrant,
1060 1595 1249 1662 simul
1303 1594 1704 1680 digerantur3
1771 1594 1867 1661 ita
1918 1595 2092 1661 enim
2147 1595 2410 1662 tandem
2464 1595 2817 1680 aliquando
2872 1616 2989 1682 pro
3045 1593 3359 1662 litteraria

628 1713 1052 1800 epigraphica
1096 1714 1546 1785 numismatica
1591 1713 1954 1781 eruditione
1985 1713 2361 1799 particulari
2411 1714 2493 1781 ob
2540 1736 2811 1801 eamque
2845 1736 3107 1783 causam
3139 1736 3359 1783 neces-

629 1832 801 1901 sario
854 1833 1234 1921 imperfecta
1289 1835 1711 1902 substituetur
1765 1833 2061 1901 doctrina
2114 1834 2409 1920 pendens
2465 1857 2597 1903 non
2652 1857 2695 1903 a
2739 1836 3072 1922 copiarum
3116 1835 3357 1922 specie,

628 1954 746 2023 sed
787 1954 873 2022 ab
916 1954 1063 2042 ipsa
1106 1975 1320 2022 rerum
1364 1954 1753 2039 cognitione.

799 2074 903 2140 Ad
955 2073 1146 2142 finem
1202 2095 1349 2141 eum
1394 2075 1807 2162 pervenietur
1852 2095 2008 2142 cura
2051 2075 2336 2143 virorum
2383 2076 2719 2143 doctorum
2776 2075 2884 2161 qui
2940 2083 3091 2143 sunt
3144 2082 3361 2143 erunt-

628 2215 773 2281 que,
828 2216 959 2261 non
1000 2194 1396 2262 Academiae
1440 2201 1724 2262 nostrae.
1834 2194 1968 2263 Sed
2029 2194 2327 2263 adiuvari
2387 2216 2585 2281 posse
2638 2195 2854 2288 studia
2896 2196 3062 2265 haec
3118 2195 3359 2263 iudica-

626 2316 836 2384 vimus
881 2314 1233 2401 specimine
1278 2316 1419 2383 eius
1471 2315 1727 2399 generis
1781 2314 2000 2400 aliquo
2056 2315 2406 2402 proposito,
2474 2323 2541 2383 et
2602 2316 2951 2400 selegimus
3005 2336 3174 2401 quae
3224 2316 3357 2382 iam

630 2436 842 2523 prodit
883 2436 1181 2503 notitiam
1226 2436 1555 2503 hominum
1602 2434 1984 2502 notabilium
2030 2434 2139 2520 qui
2169 2436 2471 2504 vixerunt
2513 2437 2599 2505 ab
2642 2437 3035 2523 imperatore
3064 2437 3357 2520 Augusto

626 2555 713 2622 ad
758 2555 1212 2641 imperatorem
1244 2556 1719 2624 Diocletianum
1754 2574 1866 2641 per
1898 2555 2109 2641 prima
2140 2557 2265 2623 tria
2308 2578 2504 2627 aerae
2549 2564 2811 2625 nostrae
2856 2555 3140 2624 saecula.
3200 2556 3358 2622 Pro—

626 2677 1065 2763 sopographia
1106 2678 1271 2745 haec
1316 2697 1506 2761 quam
1553 2674 2030 2763 appellavimus
2074 2677 2395 2745 vocabulo
2441 2700 2573 2746 non
2621 2677 2885 2763 optimo,
2931 2675 3049 2743 sed
3092 2681 3357 2761 recepto

626 2805 697 2865 ut
741 2798 985 2885 pendet
1028 2818 1113 2864 ex
1157 2803 1344 2883 parte
1389 2815 1626 2880 magna
1682 2795 1766 2862 ab
1821 2795 2310 2881 inscriptionum
2368 2799 2746 2885 corporibus
2799 2796 3057 2881 nostris,
3111 2796 3204 2863 ita
3244 2796 3359 2862 im-

625 2918 849 3003 primis
893 2918 1294 2986 diversarum
1342 2924 1659 3010 terrarum
1703 2922 2123 2983 monumenta
2166 2914 2232 2981 in
2277 2916 2406 2983 illis
2450 2918 2805 2986 secundum
2850 2919 3108 3002 linguas
3151 2918 3361 3002 regio-

625 3057 872 3123 nesque
940 3039 1237 3125 dispersa
1291 3038 1554 3105 exhibet
1614 3036 2001 3122 composita3
2071 3036 2307 3104 deinde
2360 3059 2504 3104 cum
2561 3038 2764 3106 titulis
2819 3039 3164 3105 coniuncta
3208 3046 3359 3104 sunt

628 3177 796 3243 quae
841 3158 1069 3226 similis
1111 3158 1476 3243 argumenti
1508 3164 1642 3224 tam
1671 3163 1971 3224 auctores
2003 3177 2196 3241 quam
2226 3156 2467 3223 nummi
2504 3158 2866 3245 papyrique
2898 3158 3355 3243 praebuerunt.

623 3278 1032 3346 Exclusimus
1061 3285 1356 3364 tempora
1386 3278 1632 3345 liberae
1676 3278 1768 3344 rei
1814 3277 2115 3363 publicae
2155 3277 2491 3345 Romanae
2534 3285 2883 3364 propterea
2926 3278 3100 3364 quod
3139 3278 3227 3346 ad
3274 3297 3356 3346 ea

625 3416 791 3484 quae
834 3397 1205 3483 pertineant
1271 3397 1437 3465 tituli
1506 3398 1815 3466 exhibent
1883 3418 2095 3483 pauca
2152 3418 2360 3483 eaque
2403 3397 2564 3465 satis
2619 3397 2877 3484 cognita
2933 3405 2999 3466 et
3056 3395 3353 3465 illustria.

624 3516 1032 3583 Exclusimus
1099 3520 1254 3587 item
1320 3518 1616 3586 homines
1684 3518 1790 3602 qui
1837 3516 2099 3584 fuerunt
2166 3516 2321 3584 inde
2386 3518 2471 3584 ab
2517 3525 2736 3587 aetate
2792 3517 3353 3602 Constantiniana,

626 3658 758 3704 non
803 3638 1012 3705 solum
1057 3646 1404 3726 propterea
1450 3637 1622 3724 quod
1665 3638 1753 3704 ad
1806 3658 2033 3705 eorum
2087 3656 2345 3723 quoque
2397 3635 2695 3704 notitiam
2751 3639 2920 3705 tituli
2974 3659 3105 3705 non
3151 3638 3354 3705 multa

624 3758 1065 3845 suppeditant,
1132 3759 1249 3827 sed
1295 3759 1489 3826 etiam
1536 3765 1799 3845 propter
1842 3759 2177 3826 nominum
2220 3756 2539 3825 rationem
2586 3757 2679 3824 ita
2722 3758 3072 3843 diversam,
3129 3764 3199 3824 ut
3243 3757 3354 3824 vix

624 3887 800 3947 recte
873 3881 1106 3947 eadem
1187 3900 1331 3946 cum
1404 3878 1874 3963 antiquioribus
1947 3878 2158 3945 forma
2228 3878 2874 3963 comprehendantur.
2993 3878 3353 3945 Recensum

624 4021 769 4068 eum
815 4020 932 4085 per
975 4000 1226 4067 litteras
1271 3997 1552 4066 ordinari
1611 3997 1932 4065 iussimus.
2045 3997 2124 4063 Ei
2181 3997 2612 4082 adiungentur
2666 3997 2961 4065 laterculi
3017 3997 3350 4064 consulum

623 4118 763 4186 eius
806 4118 1116 4206 temporis
1161 4125 1228 4187 et
1271 4118 1662 4203 reliquorum
1707 4117 2202 4201 magistratuum
2260 4117 2574 4184 maiorum
2628 4139 2712 4185 ex
2763 4130 3036 4185 recensu
3090 4117 3203 4185 illo
3255 4117 3352 4196 ita

624 4239 856 4322 effecti,
902 4246 972 4306 ut
1016 4260 1134 4326 per
1178 4238 1437 4323 singula
1482 4238 1701 4323 capita
1744 4239 2127 4323 plerumque
2172 4237 2447 4304 sufficiat
2490 4237 2818 4306 remisisse
2862 4237 2950 4304 ad
2995 4257 3346 4305 recensum.

624 4359 807 4440 Quae
851 4366 1169 4447 temptata
1213 4365 1365 4425 sunt
1408 4358 1646 4425 similia
1690 4357 2021 4425 laterculis
2067 4357 2440 4443 compositis
2484 4359 2674 4425 modo
2707 4359 2794 4425 ad
2825 4357 3204 4443 scriptorem
3233 4356 3348 4424 ali-

621 4501 832 4567 quem,
896 4482 1087 4548 modo
1142 4481 1225 4547 de
1281 4480 1663 4565 magistratu
1724 4479 1964 4564 alique,
2022 4478 2196 4543 viam
2250 4485 2799 4565 monstraverunt,
2867 4497 2995 4563 qua
3047 4477 3351 4565 procede-

622 4610 815 4687 retur,
882 4603 998 4670 sed
1053 4601 1243 4667 simul
1296 4602 1654 4667 docuerunt
1709 4620 1847 4666 rem
1900 4597 2154 4666 absolvi
2199 4618 2333 4664 non
2377 4619 2570 4683 posse
2615 4598 2740 4665 nisi
2787 4595 3075 4667 terminis
3134 4594 3348 4684 operis

620 4721 814 4789 latius
858 4720 1153 4806 prolatis.

789 4841 994 4907 Erunt
1022 4840 1301 4909 fortasse
1331 4842 1438 4926 qui
1484 4842 1570 4908 ad
1600 4841 1861 4926 incepta
1902 4840 2139 4906 similia
2184 4858 2330 4906 sese
2373 4838 2717 4922 accingant
2761 4839 2900 4907 sive
2934 4839 3067 4905 suis
3108 4836 3350 4905 viribus

618 4961 767 5027 freti
811 4960 949 5027 sive
1003 4967 1227 5028 nostra
1282 4982 1480 5047 opera
1532 4961 1771 5047 adiuti,
1841 4960 2015 5045 quod
2068 4959 2178 5025 ubi
2240 4958 2517 5043 eveniet,
2578 4958 2983 5026 laetabimur.
3085 4956 3348 5025 Interim

621 5079 969 5149 elaboratis
1015 5079 1192 5147 hisce
1237 5101 1574 5167 speramus
1617 5080 1756 5148 fore
1799 5087 1870 5146 ut
1917 5080 2129 5147 bonae
2175 5080 2433 5146 litterae
2477 5078 2877 5147 adiuventur.

1581 5291 2248 5303 ..---...———-———-—-———
