3859 5992
489 531 854 588 APPIANVS
1797 524 1825 586 1
1839 522 1916 586 16
2939 530 3200 586 APPIVS

615 748 860 794 manus,
883 765 970 774 —
993 726 1338 791 Parentela
1369 726 1736 791 coniunctus
1762 727 2009 791 videtur
2040 748 2179 791 cum
2210 726 2312 791 M.
2347 726 2554 792 Gavio
2588 726 2656 792 Τ.
2681 728 2729 810 f.
2764 726 2892 795 Vel.
2918 725 3204 810 Appalio

618 832 934 908 Maxi-ma
980 832 1254 913 fortasse
1285 835 1481 913 pater
1522 831 1844 895 naturalis
1887 832 2022 896 eius
2064 832 2146 913 cf.
2188 830 2250 896 G
2288 834 2389 896 54.

509 971 598 981 —
660 945 739 1000 Μ.
788 943 1059 998 GAVIVS
1105 943 1470 998 APPALIVS
1516 943 1884 998 MAXIMVS.

491 1038 615 1104 759
659 1038 1016 1124 Appianas,
1100 1034 1526 1124 Ἀλεξανδρεῦς,
1578 1039 1639 1109 ἐς
1690 1038 1763 1102 τὰ
1806 1044 2014 1125 πρῶτα
2057 1040 2220 1124 ἥκων
2274 1038 2335 1102 ἐν
2380 1043 2460 1124 τῇ
2502 1038 2733 1123 πατρίδι
2776 1038 2874 1102 καὶ
2918 1038 3101 1108 δίκαις
3139 1037 3200 1100 ἐν

618 1139 830 1228 Ῥώμῃ
861 1140 1299 1228 συναγορεῦσας
1329 1141 1423 1205 ἐπὶ
1452 1147 1570 1205 τῶν
1604 1139 1914 1227 βασιλέων,
1939 1163 1943 1169 ·
1964 1140 2141 1226 μέχρι
2173 1165 2249 1226 με
2287 1146 2456 1226 σφῶν
2502 1140 2901 1226 ἐπιτροπεύειν
2945 1139 3200 1225 ἠξίωσαν

619 1243 903 1326 Appian.
938 1244 1157 1325 praef.
1204 1247 1304 1320 15,
1351 1243 1423 1307 id
1465 1248 1588 1308 est:
1644 1263 1918 1308 summos
1973 1243 2240 1307 honores
2295 1243 2707 1325 munimpazes
2765 1240 3204 1307 Alexandriae

620 1346 883 1429 adeptus
926 1346 1174 1410 Romae
1231 1347 1346 1410 sub
1404 1347 1897 1429 imperatoribus
1958 1366 2188 1409 causas
2232 1347 2375 1428 eqit,
2423 1345 2568 1410 dein
2598 1349 2987 1428 procurator
3030 1343 3199 1426 Any.

617 1449 830 1531 faetus
878 1454 987 1514 est.
1077 1447 1184 1513 Ab
1237 1448 1569 1514 Antonino
1623 1450 1739 1514 Pio
1794 1451 2037 1524 Fronto
2083 1469 2200 1534 pro
2248 1447 2544 1534 Appiano
2591 1449 2796 1512 amico
2843 1468 2995 1511 sene
3041 1445 3201 1511 orbo

618 1552 954 1634 dignitatis
1028 1550 1364 1636 augendae
1437 1574 1634 1616 causa
1698 1553 2220 1638 procurationem
2293 1551 2482 1637 petiit
2545 1549 2790 1615 Fronto
2865 1549 2953 1614 acl
3008 1548 3205 1615 Pium

618 1678 691 1739 p.
723 1660 845 1720 170
879 1651 965 1721 N.
985 1706 1000 1733 ,
1053 1676 1242 1737 quam
1295 1656 1536 1737 aceepit
1576 1676 1653 1719 eat
1692 1655 1900 1719 verbis
1946 1655 2164 1737 ipsiu-5².
2256 1651 2592 1738 Epistulae
2645 1673 2878 1738 graece
2926 1654 3204 1739 scriptae

616 1756 900 1844 Appiani
949 1768 1012 1822 et
1059 1758 1404 1822 Frontonis
1449 1756 1696 1822 Fronto
1734 1780 1807 1839 p.
1839 1762 2143 1823 244-251
2179 1757 2264 1823 N.
2294 1794 2379 1803 —
2429 1756 2702 1841 Scripsit
2759 1757 2933 1820 circa
2974 1779 3030 1821 a.
3080 1756 3203 1821 150

620 1857 728 1941 (ef.
765 1862 982 1943 praef.
1030 1865 1093 1945 7)
1142 1860 1475 1925 historiam
1517 1861 1874 1925 Romanam
1938 1860 2293 1924 secundum
2354 1861 2646 1924 nationes
2691 1858 3007 1943 digestam
3052 1859 3202 1924 inde

619 1961 702 2027 ab
761 1962 1125 2045 originibus
1185 1985 1391 2048 usque
1435 1962 1518 2026 ad
1577 1964 1834 2027 initium
1880 1966 2109 2028 aetatis
2166 1963 2615 2048 imperatoriae
2658 1962 2941 2044 Appian.
2981 1965 3198 2046 praef.

617 2070 716 2129 14.
760 2069 857 2131 15.
924 2066 1237 2153 Παρθικὴν
1281 2069 1518 2152 γραφήν
1565 2088 1633 2129 se
1676 2066 2119 2130 confecturum
2168 2088 2306 2130 esse
2349 2065 2686 2151 profitetur
2725 2065 3010 2147 Appian.
3060 2066 3201 2131 bell.

617 2168 732 2233 civ.
760 2172 827 2246 2,
861 2171 976 2246 18,·
1016 2173 1076 2245 5,
1108 2173 1206 2235 65.

493 2270 619 2335 760
663 2319 849 2335 .....
876 2294 951 2335 us
996 2270 1368 2357 Appianus,
1433 2275 1705 2358 λογιστής
1748 2321 1764 2336 .
1791 2321 1807 2336 .
1834 2321 1849 2337 .
1909 2274 1979 2336 in
2036 2272 2394 2353 fraqmento
2438 2271 2611 2336 tituli
2648 2272 2868 2354 qraeei
2906 2269 3203 2336 Citiensis

620 2375 827 2456 positi
880 2373 1092 2439 Iuliae
1155 2373 1449 2439 Domnae
1500 2374 1829 2457 Auqustae
1885 2374 2587 2457 Lebas-Waslclinqton
2643 2378 2838 2441 2728.
2929 2371 3203 2439 Ourator

617 2477 818 2561 iqitur
862 2476 1084 2559 oppidi
1122 2475 1283 2541 Citii
1321 2477 1436 2541 sub
1485 2477 1713 2542 Severo
1754 2477 1848 2542 vel
1892 2477 2239 2542 Antonine.

507 2615 597 2627 -—
661 2588 923 2643 APPIVS
971 2586 1361 2646 APPIANVS.

507 2717 596 2727 —
658 2691 727 2745 L.
774 2690 1119 2746 RVPILIVS
1161 2681 1597 2767 APPIAN[VS].

508 2822 596 2830 —
659 2796 738 2850 M.
789 2794 1163 2849 VALERIVS
1209 2795 1607 2849 MESSALLA
1653 2793 2045 2849 BARBATVS
2090 2796 2477 2851 APPIANVS.

493 2888 611 2953 761
663 2897 923 2951 APPIVS
955 2897 1326 2953 APPIANVS
1356 2889 1725 2953 nominatur
1754 2889 1817 2952 in
1848 2889 1950 2965 iis,
1983 2910 2147 2975 quos
2179 2888 2482 2953 Tiberius
2518 2911 2573 2955 a.
2612 2889 2688 2954 17
2722 2889 2929 2952 movit
2971 2896 3199 2952 senatu

620 3001 734 3055 aut
777 3000 1007 3076 sponte
1052 2989 1283 3056 cedere
1324 3013 1550 3076 passus
1596 3000 1693 3055 est
1729 2991 1875 3056 Tae.
1909 3013 1972 3055 a.
2003 2997 2067 3069 2,
2100 2996 2201 3059 48.

507 3130 595 3138 —-
664 3102 757 3161 TI.
806 3094 1233 3174 CL(AVD1VS)
1278 3104 1358 3160 M.
1404 3103 1665 3159 APPIVS
1725 3102 2024 3159 ATILIVS
2084 3104 2390 3158 BRADVA
2446 3103 2818 3159 REGILLVS
2864 3102 3199 3160 ATTICVS.

488 3196 613 3261 762
658 3206 737 3262 Μ.
769 3205 1030 3260 APPIVS
1065 3197 1389 3278 (ATILIVS
1406 3196 1468 3277 ‘?)
1501 3207 1804 3260 BRADVA
1835 3198 2184 3262 honoratus
2228 3203 2269 3264 t.
2315 3198 2638 3280 Olympico
2677 3198 2844 3263 edito
2878 3220 2921 3262 a
2948 3197 3201 3263 Ditten-

619 3300 894 3382 berqerO,
943 3300 1380 3363 commentatio
1411 3300 1485 3363 (le
1515 3299 1793 3364 Herodis
1822 3299 2032 3363 Attici
2060 3302 2472 3365 monumentis
2514 3300 2858 3383 olympicis
2884 3324 2958 3384 p.
3000 3300 3202 3366 VIII:

615 3401 698 3466 M.
736 3398 991 3467 Ἀππιον
1040 3400 1374 3487 Βραδοῦαν,
1435 3404 1663 3488 ταμίαν,
1728 3404 2073 3489 στρατηγόν,
2131 3401 2426 3487 [δπατον],
2481 3401 2873 3491 [πρεσβευτὴν
2916 3405 3015 3468 καὶ
3056 3404 3201 3467 ἀντι·

616 3504 962 3592 στράτηγον]
1026 3506 1171 3570 θεοῦ
1219 3503 1532 3591 ιΑδριανοῢ
1594 3507 1870 3571 ὑπατικὸν
1917 3507 2247 3592 Γερμανίας
2306 3509 2404 3570 καὶ
2448 3505 2825 3593 Βρεττανίας,
2871 3506 3198 3594 ποντίφικα,

616 3610 854 3674 σοδᾶλιν
913 3604 1291 3694 Ἁδριανᾶλιν,
1355 3611 1453 3673 τὸν
1507 3606 1872 3696 Ῥη[γίλλης]
1942 3608 2131 3695 [πρ]ὸς
2190 3612 2408 3695 μητρὸς
2465 3612 2701 3674 πάππον
2760 3616 2863 3697 τῆς
2922 3608 3199 3696 Ἡρώδου

616 3713 887 3796 γυναικὸς
928 3713 967 3795 ἡ
1013 3711 1179 3782 πόλις
1223 3713 1262 3797 ἡ
1307 3717 1424 3776 τῶν
1474 3710 1747 3777 Ἠλείων.

744 3813 952 3896 Appii
1005 3834 1229 3877 nomen
1288 3815 1358 3877 in
1412 3814 1528 3878 hoc
1585 3814 1831 3879 homine
1873 3820 2087 3879 utrum
2134 3837 2523 3898 praenomen
2584 3837 2670 3880 an
2713 3837 2935 3880 nomen
2970 3814 3201 3899 qentile

616 3915 1090 3999 intelleqendum
1143 3917 1245 3993 sit,
1284 3921 1446 3981 certe
1492 3917 1841 3982 diiudicari
1883 3920 2114 4000 nequit.
2186 3917 2334 3983 Vtut
2365 3924 2473 3996 est,
2493 3920 2921 4001 probabiliter
2950 3918 3199 3984 Ditten-

619 4019 840 4100 berqer
899 4040 1036 4082 eum
1092 4039 1316 4082 nomen
1362 4018 1562 4082 Atilii
1602 4019 1895 4085 habuisse
1940 4023 2168 4086 statuit
2211 4043 2349 4085 eum-
2379 4028 2649 4104 propter
2693 4042 3027 4105 coqnomen
3072 4024 3199 4084 tum

618 4142 707 4197 eo,
756 4120 921 4202 quod
963 4123 1032 4184 in
1075 4121 1367 4203 Reqillae
1407 4122 1605 4204 stirpe
1646 4143 2083 4205 usquequaque
2126 4124 2240 4189 hoe
2282 4146 2507 4189 nomen
2551 4125 2842 4190 occurrit.

745 4223 903 4287 Fuit
932 4234 1250 4308 quaestor,
1299 4234 1577 4310 praetor,
1625 4224 1849 4290 consul
1894 4225 2219 4309 (suffectus
2263 4248 2429 4291 amm
2474 4228 2713 4292 incerto
2756 4227 2868 4291 sub
2918 4225 3199 4291 Traiano

616 4329 689 4389 ut
743 4324 1048 4412 videtur),
1110 4325 1360 4409 legatus
1421 4326 1591 4410 Aug.
1654 4351 1750 4413 pr.
1811 4350 1908 4414 pr.
1972 4330 2361 4395 Germaniae
2421 4330 2580 4413 (sup.
2646 4335 2757 4394 aut
2816 4329 2977 4412 inf),
3047 4331 3200 4394 item

618 4428 1000 4492 Britanniae
1058 4429 1181 4494 sub
1241 4428 1611 4513 Hadriano3
1671 4432 2001 4517 pontifex,
2064 4431 2301 4497 sodalis
2360 4432 2779 4497 Hadrianalis
2823 4430 3200 4516 (imperante

617 4529 944 4595 Antonino
988 4529 1138 4616 Pio)
1186 4532 1279 4598 tit.
1324 4569 1409 4587 .-
1452 4532 1639 4598 Avus
1685 4544 2014 4600 maternus
2060 4535 2314 4621 Appiae
2356 4536 2610 4599 Anniae
2653 4533 2943 4619 Regillae
2988 4536 3082 4601 tit.
3112 4572 3199 4581 —
3242 4604 3247 4609 ,

618 4630 796 4696 Certe
828 4633 1168 4715 parentela
1205 4634 1569 4699 eom'unetus
1614 4657 1753 4699 eum
1799 4636 1898 4704 M.
1931 4637 2139 4701 Atilio
2186 4637 2442 4701 Metilio
2484 4637 2759 4702 Bradua
2805 4658 2927 4703 cos.
2960 4660 3019 4703 a.
3052 4641 3195 4702 108.

491 4734 615 4799 763
662 4744 724 4799 C.
771 4746 1033 4801 APPIVS
1081 4746 1467 4801 EVNOMIVS
1514 4748 1979 4823 SAPIDIANVS,
2028 4739 2422 4804 clarissimus
2466 4741 2586 4821 vir,
2636 4751 2939 4826 quaestor
2982 4739 3199 4805 candi-

617 4837 826 4921 datus,
874 4850 1135 4924 praetor
1168 4840 1469 4923 urbaan
1517 4850 1830 4927 patronus
1864 4843 2403 4908 Sinuessanorum
2438 4842 2696 4926 publice
2741 4845 2822 4907 ab
2866 4844 2966 4908 Iris
3008 4844 3199 4909 hono-

615 4946 799 5004 ratus
850 4945 892 5007 t.
945 4941 1276 5025 Campano
1326 4943 1398 5007 X
1441 4948 1606 5008 3344
1663 4951 1990 5028 suspectae
2048 4945 2228 5029 fidei,
2285 4947 2514 5029 quippe
2570 4946 2682 5028 qui
2735 4946 2926 5010 unius
2968 4945 3205 5028 Dupoli

618 5045 999 5109 auctoritate
1039 5047 1305 5113 nitatur.

507 5181 595 5191 —
659 5154 1032 5211 POMPEIVS
1078 5156 1337 5211 APPIVS
1383 5157 1818 5217 FAVSTINVS.
