3859 5992
573 497 918 556 BOLANVS
1871 484 1998 552 239
2978 489 3290 549 BRADVA

590 729 681 741 —
745 703 827 759 M.
871 701 1192 758 VETTIVS
1235 698 1606 758 BOLANVS.

578 806 701 874 118
747 806 1044 888 Bonitus,
1093 805 1364 891 stipator
1409 801 1693 871 Gallieni
1737 801 1849 868 vit.
1894 801 2040 886 triy.
2087 804 2479 886 tyr.10,11
2520 820 2594 867 m
2633 798 2928 885 epistula.

581 917 709 984 119
748 917 1084 985 Bononius
1150 914 1508 997 Maximus,
1594 915 1697 979 cui
1764 912 1902 979 divi
1978 913 2259 979 Severus
2331 924 2398 978 et
2458 911 2834 978 Antoninus
2899 879 3291 998 generaliter

701 1021 1179 1106 rescripserunt
1233 1017 1315 1082 de
1372 1017 1648 1103 pecunia
1705 1015 1932 1081 relicta
1986 1015 2073 1080 ad
2128 1013 2437 1080 alimenta
2485 1037 2843 1131 puerorum
2903 1017 3291 1087 Marciam

700 1120 947 1206 Diqest.
975 1124 1076 1199 35,
1107 1124 1174 1199 2,
1204 1124 1308 1186 89.
1389 1116 1698 1184 Fortasse
1728 1137 1994 1203 praeses
2039 1116 2272 1201 aliquis
2300 1118 2676 1201 provinciae
2715 1118 2815 1185 vel
2854 1123 3286 1204 maqisbratus.

577 1243 701 1308 120
744 1242 1042 1308 Bonosus
1104 1237 1280 1327 apud
1340 1238 1680 1305 Coloniam
1716 1232 2153 1324 Agrippinam
2212 1247 2440 1302 contra
2494 1236 2777 1304 Probum
2835 1241 3288 1326 imperatorem

702 1344 1047 1412 rebellavit
1104 1356 1170 1411 et
1224 1344 1308 1409 ab
1369 1364 1445 1408 eo
1503 1364 1849 1429 oppressus
1900 1353 2000 1408 est
2052 1342 2162 1406 vit.
2209 1339 2418 1407 Probi
2455 1344 2559 1406 18.
2600 1346 2723 1419 24,
2780 1342 3056 1428 Eutrop.
3100 1350 3161 1423 9,
3207 1346 3308 1411 17·

703 1447 876 1534 ande
918 1448 1182 1514 Orosius
1226 1452 1286 1525 7,
1329 1445 1462 1530 24),
1526 1443 1742 1510 Victor
1785 1443 1966 1512 Caes.
2010 1448 2113 1521 37,
2170 1442 2469 1527 F4›itome
2508 1447 2613 1511 37.
2653 1480 2742 1491 --
2799 1445 3011 1513 Domo
3039 1447 3291 1535 Hispa·-

700 1553 931 1634 niensi,
980 1550 1228 1634 origine
1273 1550 1647 1630 BritannuS‚
1695 1545 1888 1616 Galla
1929 1556 2145 1611 tamen
2186 1554 2409 1629 matre,
2457 1545 2733 1612 rhetoris
2778 1547 2885 1612 vel
2929 1549 3289 1635 paedagogi

702 1652 999 1719 litterarii
1040 1652 1246 1735 filius3
1292 1650 1596 1717 militavit
1623 1652 1905 1737 primum
1939 1651 2108 1715 inter
2138 1648 2519 1729 ordinarios,
2551 1648 2788 1716 deiude
2818 1651 2988 1716 inter
3017 1654 3287 1739 equites,

700 1754 893 1822 duxit
934 1755 1215 1837 ordines,
1263 1753 1627 1831 tribunatus
1673 1754 1825 1836 egit,
1873 1752 2012 1817 dux
2054 1751 2279 1817 limitis
2320 1752 2570 1817 Raetici
2614 1752 2773 1837 fuit3
2818 1775 2965 1819 cum
3009 1755 3291 1841 quodam

703 1862 993 1945 tempore
1035 1859 1101 1923 in
1147 1857 1374 1924 Rheno
1421 1879 1716 1922 romanas
1759 1854 2036 1921 lusorias
2078 1853 2390 1921 Germani
2435 1855 2888 1939 incendissent,
2934 1859 3164 1924 timore
3207 1881 3291 1925 ne

702 1984 942 2048 poenas
1000 1961 1217 2044 daret,
1281 1961 1555 2046 sumpsit
1597 1958 1975 2045 imperium3
2023 1978 2191 2022 uxor
2232 1956 2481 2023 Hunila
2518 1959 2733 2042 gentis
2785 1959 3058 2026 Goticae
3102 1962 3161 2026 ei
3205 1961 3290 2030 ab

703 2062 1056 2130 Aureliano
1121 2062 1305 2144 data,
1370 2064 1474 2127 cui
1534 2059 1787 2127 Probus
1847 2082 2055 2146 aeque
2111 2082 2189 2124 ac
2245 2058 2395 2124 filiis
2454 2060 2742 2144 duobus,
2795 2084 2959 2148 quos
3003 2063 3286 2151 reliquit,

700 2168 994 2254 pepercit
1033 2167 1144 2232 vit.
1174 2165 1421 2231 Bonosi
1445 2168 1680 2230 14-15.
1761 2164 1936 2245 Quae
1974 2162 2188 2228 onmia
2229 2163 2436 2227 mixta
2464 2168 2811 2247 praeterea
2850 2168 3043 2232 meris
3081 2169 3288 2253 καρίς,

699 2290 861 2352 qaas
891 2269 1227 2353 praeterii,
1261 2267 1417 2353 plus
1459 2287 1651 2350 quam
1690 2269 1983 2349 suspecta
2023 2269 2190 2333 sunt.

592 2407 683 2418 —
746 2381 1092 2437 RVPILIVS
1137 2380 1404 2436 BONVS.
1600 2442 1609 2445 ,

574 2494 689 2579 121
742 2493 976 2577 Boter,
1039 2491 1310 2558 libertus
1330 2541 1346 2569 ,
1402 2513 1487 2556 ex
1545 2512 1674 2577 quo
1733 2488 2061 2556 Plautiam
2104 2486 2582 2572 Vrgulanillam
2628 2511 2902 2556 uxorem
2946 2489 3291 2560 Claudiam

701 2593 902 2659 filiam
931 2594 1305 2679 concepisse
1335 2590 1647 2659 Claudius
1679 2590 1816 2678 (qui
1851 2600 2075 2677 postea
2115 2591 2485 2676 imperavit)
2518 2589 2645 2657 sibi
2676 2597 3000 2677 persuasit
3029 2596 3288 2667 Sueton.

702 2695 938 2762 Claud.
983 2700 1095 2762 27.

577 2816 702 2881 122
747 2816 1080 2881 Boudicca
1108 2815 1225 2900 (sic
1253 2818 1417 2880 recte
1446 2813 1638 2879 codex
1664 2812 1993 2878 Medieeus
2023 2812 2171 2879 Tac.
2205 2833 2265 2876 a.
2296 2816 2396 2890 14,
2420 2802 2523 2891 37,
2555 2813 2862 2880 Boodicia
2890 2816 3020 2885 ibd.
3052 2823 3151 2899 14,
3178 2825 3291 2902 31,-

705 2918 1053 2987 Booducca
1090 2923 1193 2995 14,
1237 2921 1355 2996 35;
1416 2916 1745 2985 Voadicca
1784 2915 1881 2981 vel
1934 2915 2250 2980 Voaduca
2308 2915 2462 2981 libri
2505 2914 2804 2983 Vaticani
2842 2918 3127 3004 Ayrieol.
3172 2930 3254 2991 16
3269 2946 3291 3005 ,·

704 3019 1079 3089 Βουνδουίκα
1124 3021 1406 3086 traditur
1449 3019 1625 3104 apud
1663 3019 2117 3103 Xiphilinum),
2157 3040 2325 3084 uxor
2364 3018 2712 3104 Prasutagi
2743 3023 2915 3106 regis
2945 3025 3288 3095 Icenorum

710 3123 859 3190 Tae.
904 3146 965 3190 a.
1003 3129 1103 3202 14,
1133 3129 1254 3203 31,·
1296 3133 1444 3209 post
1486 3132 1759 3187 mortem
1801 3122 2020 3187 mariti
2065 3144 2106 3187 a
2143 3122 2452 3187 Romanis
2495 3125 2786 3207 graviter
2827 3125 3073 3194 afflicta
3115 3153 3172 3199 a.
3204 3134 3281 3199 61

700 3227 1051 3293 Britannos
1106 3226 1187 3291 ad
1246 3224 1662 3292 rebellionem
1721 3235 1949 3292 contra
1992 3226 2317 3290 Romanos
2367 3225 2532 3290 filias
2577 3225 2848 3292 violatas
2893 3251 3091 3298 curru
3133 3256 3290 3320 prae

704 3352 773 3395 se
833 3330 1078 3395 vehens
1137 3329 1438 3394 accendit
1494 3328 1623 3396 ibd.
1668 3333 1769 3407 14,
1812 3333 1914 3405 34,
1961 3326 2248 3412 Ayrz'eol.
2287 3332 2398 3406 16,
2388 3347 2404 3364 ·
2459 3329 2794 3394 Britannis
2846 3332 3036 3397 victis
3089 3336 3287 3401 vitam

699 3453 954 3498 veneno
987 3432 1203 3499 finivit
1231 3431 1361 3497 ibd.
1391 3436 1490 3508 14,
1519 3435 1622 3496 37.
1689 3430 1941 3496 Eadem
1982 3431 2119 3513 fere
2148 3429 2453 3515 phu-ibus
2493 3433 2701 3497 verbis
2741 3433 2951 3499 minus
2995 3444 3291 3506 accurate

702 3534 836 3602 Dio
880 3534 1187 3622 (Xiphic.)
1232 3539 1338 3612 62,
1383 3538 1559 3613 2-7;
1614 3532 1837 3599 morbo
1901 3533 2190 3598 extincta
2247 3532 2483 3598 dieitur
2524 3533 2797 3614 ibd.62,
2842 3540 2948 3614 12,
3006 3537 3176 3620 falso
3217 3545 3291 3607 ut

700 3636 968 3705 videtur.

582 3758 702 3823 123
747 3757 825 3823 L.
868 3757 1116 3823 Bovius
1157 3755 1364 3840 Celer,
1412 3755 1491 3821 L.
1524 3756 1567 3821 f.
1599 3755 1677 3822 L.
1709 3777 1794 3839 n.,
1838 3754 2018 3821 tribu
2044 3754 2206 3837 Fal„
2254 3754 2620 3841 praefectus
2663 3755 2940 3841 fabrum,
2989 3759 3292 3828 tribunus

705 3860 982 3929 militum
1028 3860 1304 3944 legionis
1333 3860 1438 3926 III
1468 3858 1885 3946 Cyrenaicae,
1930 3868 2317 3945 procurator
2358 3857 2494 3924 ludi
2542 3858 2824 3925 familiae
2866 3859 3312 3943 gladiatoriae'

710 3962 1010 4031 Caesaris
1053 3961 1511 4029 Alexandreae
1555 3962 1637 4027 ad
1683 3962 2091 4049 Aegyptum,
2139 3959 2429 4027 adlectus
2473 3962 2643 4028 inter
2687 3963 2957 4029 selectos
3001 3965 3290 4055 (iudices)

705 4065 790 4133 ab
848 4069 1000 4154 imp.
1062 4064 1250 4132 Caes.
1296 4065 1631 4149 Augusto3
1675 4065 1894 4148 Hvir,
1958 4073 2297 4151 quaestor,
2358 4085 2573 4149 augur
2630 4066 2975 4152 (Puteolis)
3017 4067 3093 4135 X
3130 4075 3292 4138 1685

707 4175 751 4235 t.
798 4168 1213 4236 Puteolanus.
1303 4167 1530 4234 Sextia
1570 4166 1820 4233 Nerula
1861 4191 2031 4233 uxor
2072 4166 2202 4233 iba.

582 4289 706 4356 124
749 4298 1058 4354 BRADVA
1084 4296 1491 4368 MAVRICVS,
1523 4286 1870 4374 proconsul
1891 4285 2179 4371 Africae,
2209 4288 2593 4374 rescriptum
2624 4288 2849 4353 Severi
2882 4298 2948 4353 et
2973 4288 3290 4358 Antonini

705 4391 791 4458 ad
836 4414 985 4457 eum
1030 4392 1263 4457 Macer
1304 4390 1551 4475 Diyest.
1582 4396 1642 4469 1,
1672 4396 1780 4469 21,
1809 4395 1886 4470 4,·
1945 4390 2267 4474 leianus
2294 4395 2401 4468 26,
2433 4395 2538 4469 10,
2568 4396 2628 4468 1,
2660 4396 2721 4456 4.
2826 4390 3086 4458 Videtur
3126 4394 3293 4461 idem

705 4514 836 4561 esse
879 4500 1066 4578 atque
1109 4495 1211 4560 M.
1259 4493 1551 4560 Valerius
1593 4493 1873 4560 Bradua
1916 4493 2262 4561 Mauricus
2302 4514 2426 4561 eos.
2471 4514 2534 4560 a.
2580 4499 2724 4560 191.

598 4633 686 4644 --
746 4606 1012 4663 APPIVS
1057 4606 1338 4662 ANNIVS
1384 4606 1682 4663 ATILIVS
1727 4606 2056 4665 BRADVA.

597 4735 683 4746 —-
747 4709 827 4768 M.
868 4709 1133 4765 APPIVS
1181 4702 1506 4784 (A'rmvs
1522 4698 1585 4784 P)
1627 4708 1956 4764 BRADVA.

597 4839 685 4849 —
746 4801 1051 4889 Aquilius
1094 4802 1379 4871 Bradua.

599 4940 687 4952 --
749 4915 829 4974 M.
873 4914 1176 4971 ATILIVS
1222 4915 1553 4973 BRADVA.

598 5044 685 5054 -
747 5019 828 5078 M.
871 5017 1175 5075 ATILIVS
1220 5018 1581 5076 METILIVS
1624 5017 1957 5074 BRADVA.

595 5148 683 5158 -
746 5121 826 5177 M.
874 5121 1251 5178 VALERIVS
1299 5123 1608 5177 BRADVA
1652 5122 2054 5179 MAVRICVS.
