3859 5992
524 537 898 599 (2vale
1813 535 1941 604 379
2855 549 3231 610 CLAVDIVS

650 738 744 807 ed.
805 738 1259 818 Berolinensis,
1321 741 1607 825 Simplio.
1655 765 1729 827 p.
1772 747 1921 811 325.
1981 748 2124 810 573.
2182 750 2324 812 708.
2371 751 2510 814 718.
2560 753 2699 814 719.
2746 753 2941 831 1039,
3003 752 3234 817 Ioann.

651 840 992 926 Philopon.
1035 844 1107 908 in
1148 844 1420 913 Avistot,
1467 845 1666 929 Phys.
1708 869 1781 931 p.
1825 850 1967 930 576,
2013 847 2308 920 Eustrat.
2354 851 2423 915 in
2481 850 2696 919 Ethie.
2742 872 2793 919 o.
2844 850 3091 919 Nicom.
3136 857 3233 918 73.

653 943 825 1009 Num
869 946 940 1009 in
984 947 1294 1029 excerptis
1321 945 1665 1013 Dama-seii
1702 949 1871 1013 vitae
1899 949 2148 1015 Isidori
2184 955 2314 1017 275
2344 951 2633 1019 Galenus
2676 954 2790 1035 qui
2828 959 3231 1037 memoratur,

648 1047 923 1113 medicus
965 1048 1416 1133 intelleyendus
1459 1052 1560 1127 sit,
1603 1073 1730 1117 non
1774 1053 1936 1117 satis
1980 1052 2268 1137 dispicio
2298 1091 2383 1100 —
2426 1053 2530 1120 De
2571 1056 2785 1140 fiyura
2828 1055 3034 1139 loyica
3075 1078 3235 1138 quae

649 1149 857 1230 fertur
910 1149 1149 1216 Galeni
1205 1153 1285 1234 cf.
1329 1151 1584 1235 Prantl‚
1649 1152 2017 1221 Geschiehte
2061 1154 2173 1221 der
2214 1155 2420 1239 Loyik
2463 1156 2516 1223 I
2551 1179 2624 1240 p.
2670 1162 2810 1241 570,
2858 1158 2949 1222 II
2984 1180 3059 1241 p.
3103 1162 3232 1225 295

649 1251 800 1319 adn.
830 1258 976 1320 112.

932 1371 1140 1441 Spretis
1191 1379 1241 1429 et
1291 1374 1656 1430 Ackermanni
1703 1381 1753 1432 et
1803 1376 2298 1446 biuioyraphomm
2346 1377 2631 1446 (Pansa-i,
2682 1378 2912 1446 Hainii‚
2967 1378 3233 1444 Graevii,

797 1457 1076 1525 Brunetii)
1118 1459 1549 1515 indicationibus
1601 1462 2020 1530 inscriptionum
2058 1464 2350 1518 editionum
2393 1462 2592 1518 Galem’
2640 1465 2785 1534 typis
2832 1466 3233 1534 impressorum,

794 1561 932 1612 quas
955 1545 1174 1599 minime
1196 1552 1484 1602 accuratas
1509 1563 1624 1601 esse
1645 1548 1860 1603 collatis
1884 1547 2040 1603 libris
2064 1549 2207 1618 ipsis
2228 1554 2477 1617 arpertus
2502 1566 2636 1613 sum,
2674 1550 2775 1604 hae
2808 1555 2939 1604 sunt
2972 1549 3231 1606 editiones

792 1631 1234 1698 antiquissimae,
1285 1632 1348 1686 in
1390 1633 1589 1699 quibus
1633 1634 1861 1688 nomina
1912 1633 2139 1687 Claudii
2177 1632 2376 1688 Galeni
2421 1634 2600 1688 adhuc
2642 1634 2830 1689 inveni
2839 1657 2857 1688 .·
2910 1636 2958 1702 1)
3003 1633 3232 1690 Claudii

792 1712 1001 1769 Galeni
1038 1715 1109 1770 de
1145 1714 1320 1769 sectis
1355 1716 1700 1772 medicorum
1735 1716 1989 1791 Georgio
2024 1718 2199 1773 Valla
2233 1718 2563 1789 interprete.
2616 1718 2880 1773 Libellus
2916 1718 3229 1774 Alexandri

794 1798 1141 1871 Aphrodisei
1192 1802 1398 1856 medici
1454 1802 1670 1859 clariss.
1707 1804 1777 1858 de
1822 1803 2085 1859 febribus
2122 1804 2319 1859 eodem
2356 1803 2686 1875 interprete.
2757 1803 3124 1876 Hippocratis
3160 1806 3232 1861 de

792 1891 998 1941 natura
1043 1886 1288 1944 humana
1327 1887 1561 1943 Andrea
1607 1886 1842 1943 Brentio
1883 1888 2173 1944 Patavino
2220 1889 2553 1960 interprete.
2623 1888 2864 1944 Parisiis
2901 1890 2960 1944 in
2998 1887 3231 1945 officina

791 1970 1025 2027 Henrici
1050 1971 1327 2044 Stephani
1353 1989 1403 2029 a.
1436 1975 1583 2029 1518.
1637 1973 1904 2044 Georyius
1929 1985 2106 2029 autem
2134 1974 2294 2030 Valla
2330 1992 2478 2031 anno
2501 1979 2642 2031 1499
2676 1982 2921 2031 mm'tuaets
2957 1982 3051 2043 est,
3086 1982 3231 2046 post-

792 2075 956 2126 quam
992 2060 1185 2115 multos
1222 2060 1388 2114 libros
1414 2059 1611 2115 Galeni
1636 2059 1804 2114 latine
1832 2077 2013 2116 versos
2045 2062 2110 2116 in
2144 2061 2419 2131 publicum
2448 2062 2613 2116 misit.
2675 2060 2888 2116 Eorum
2909 2064 3228 2127 versionum,

794 2161 934 2211 quas
979 2146 1116 2199 mim
1159 2145 1341 2201 adhuc
1382 2164 1496 2202 non
1539 2147 1692 2201 licuit
1737 2148 1852 2216 ipsi
1894 2148 2234 2212 examinare,
2280 2146 2579 2203 nonnullae
2619 2153 2933 2202 enumerant
2978 2145 3228 2218 Wagner,

791 2229 1101 2286 Gnmdriss
1145 2231 1198 2286 d.
1235 2232 1400 2287 klass.
1435 2230 1582 2287 Bibl.
1626 2249 1683 2300 p.
1716 2236 1789 2289 23
1837 2236 1885 2285 et
1929 2231 2176 2302 Manyet,
2214 2232 2358 2286 Bibl.
2394 2233 2578 2302 script.
2617 2231 2800 2287 medic.
2836 2232 2906 2286 Π
2941 2237 2980 2289 2
3012 2250 3068 2302 p.
3105 2237 3229 2289 437.

790 2314 1034 2386 Apparet
1068 2323 1242 2373 autem
1277 2317 1558 2374 editionem
1579 2318 1900 2373 Paristnmn
1932 2334 2001 2373 α
2032 2319 2339 2386 antiquiore
2370 2319 2646 2388 repetitam
2670 2335 2798 2374 esse.
2823 2350 2891 2359 —
2915 2319 2969 2387 2)
2997 2316 3227 2373 Claudii

791 2399 1002 2456 Galeni
1026 2401 1367 2474 Pergameni
1396 2403 1528 2457 libri
1565 2407 1681 2458 tres
1714 2403 1785 2458 de
1819 2401 2075 2468 crinibus,
2112 2402 2352 2458 Nicolao
2383 2402 2708 2459 Leoniceno
2743 2403 3052 2475 interprete
3076 2421 3228 2459 nunc

793 2486 980 2541 denuo
1003 2486 1190 2541 reensi
1215 2491 1273 2542 et
1297 2485 1406 2541 sibi
1429 2487 1597 2558 plene
1621 2487 1871 2542 restituti
1896 2493 2071 2559 atque
2090 2488 2162 2542 ad
2186 2487 2373 2559 graeci
2396 2487 2735 2558 exemplaris
2753 2485 2922 2542 fidem
2945 2489 3225 2562 recogniti

793 2588 962 2643 quam
986 2570 1329 2627 fidelissime.
1382 2571 1669 2627 Lutetiae.
1712 2570 1884 2644 Apud
1914 2572 2296 2629 Christianum
2320 2572 2577 2638 Wechel‚
2599 2576 2682 2639 (in
2708 2575 2923 2644 paqina
2947 2580 3230 2641 mmmm)

791 2657 1025 2713 Parisiis
1059 2674 1209 2714 anno
1252 2658 1501 2730 virginei
1546 2664 1746 2729 partus
1800 2660 1948 2724 1528,
1992 2661 2054 2713 in
2092 2660 2308 2730 paqina
2353 2676 2548 2714 aversa
2594 2661 2723 2729 folii
2746 2659 2923 2729 primi
2932 2682 2948 2713 .-
2987 2659 3228 2714 Ioannes

791 2743 1214 2815 Heteropolites
1237 2748 1324 2811 (=
1343 2743 1663 2800 Guinterius
1681 2745 1921 2800 Ioannes
1940 2745 2322 2811 Andemacus)
2344 2744 2585 2798 candido
2611 2744 2810 2800 lectori
2833 2744 3114 2811 s(alutem)
3134 2751 3225 2800 etc.

790 2829 844 2898 3)
886 2828 1114 2885 Claudii
1168 2828 1374 2885 Galeni
1429 2828 1766 2901 Pergameni
1817 2830 1966 2886 liber
2009 2830 2082 2885 de
2136 2829 2511 2900 plenitudine.
2585 2828 2841 2901 Polybus
2886 2829 2958 2883 de
3012 2829 3227 2885 salubri

790 2915 978 2971 victus
1014 2916 1236 2971 ratione
1272 2915 1638 2986 privatorum.
1699 2915 2000 2971 Guinterio
2025 2914 2237 2971 Ioanne
2261 2915 2600 2970 Andernaco
2626 2915 2936 2986 interprete
2960 2922 3051 2971 etc.
3077 2915 3229 2985 apud

790 3001 1012 3055 eundem
1046 3001 1222 3055 eodem
1255 3018 1421 3057 anno.
1479 3003 1535 3068 4>
1567 2999 1652 3056 Cl.
1690 3000 1899 3056 Galeni
1937 3000 2157 3072 aliquot
2192 2999 2374 3055 libelli
2412 3017 2515 3070 per
2549 2999 2911 3056 Guinterium
2956 3000 3223 3056 Ioannem

789 3083 1192 3142 Audemacum
1220 3086 1431 3157 partim
1454 3087 1747 3160 recogniti,
1771 3086 1979 3158 partim
2004 3103 2154 3141 nunc
2177 3085 2420 3157 primum
2442 3084 2611 3152 versi,
2637 3103 2874 3157 quorum
2901 3086 3225 3159 catalogum

792 3172 1066 3227 indicabit
1099 3172 1312 3243 pagina
1356 3173 1499 3227 haec
1531 3189 1714 3228 versa.
1790 3172 2032 3228 Froben.
2078 3171 2342 3227 Basileae
2388 3187 2537 3226 auno
2582 3170 2896 3227 MDXXIX
2941 3174 3058 3242 (qui
3096 3174 3228 3228 liber

790 3259 926 3314 male
955 3259 1259 3329 descriptus
1293 3265 1370 3314 est
1406 3261 1476 3315 ab
1499 3260 1870 3319 Ackermanno
1902 3278 1960 3330 p.
1983 3264 2123 3326 485).
2178 3261 2229 3320 5)
2266 3257 2351 3314 Cl.
2375 3256 2584 3313 Galeni
2619 3258 2691 3311 de
2728 3259 2946 3313 semine
2980 3257 3024 3313 1.
3049 3255 3225 3311 Guin-

792 3344 937 3400 terio
985 3344 1325 3400 Andemaco
1376 3345 1713 3416 interprete,
1767 3344 2013 3401 Parisiis
2060 3345 2210 3416 apud
2260 3344 2544 3401 Simonem
2595 3342 2931 3398 Colinaeum
2984 3359 3034 3398 a.
3075 3342 3225 3407 1528,

790 3447 942 3499 quem
976 3431 1176 3488 librum
1205 3433 1436 3489 nonnisi
1469 3449 1536 3487 ex
1569 3432 1926 3500 descriptione
1961 3430 2319 3501 Hoffmanni,
2363 3430 2511 3485 Bibl.
2547 3430 2679 3485 Len.
2715 3429 2821 3484 11²
2850 3447 2911 3497 p.
2947 3433 3050 3485 135
3084 3430 3224 3483 mvi.

789 3515 1055 3574 Nicolaus
1081 3524 1259 3572 autem
1280 3517 1619 3574 Leonieenus
1642 3535 1811 3587 neque
1832 3519 1894 3572 in
1918 3518 2259 3572 versionibus
2285 3517 2490 3583 latinis,
2529 3533 2668 3584 quas
2702 3517 2819 3584 ipse
2845 3516 3027 3583 edidit,
3061 3530 3229 3581 neque

790 3604 853 3656 in
886 3603 1015 3658 aliis
1051 3605 1272 3673 scriptis
1305 3603 1552 3671 (Nicolai
1583 3602 1891 3660 Leoniceni
1925 3602 2179 3658 Vicetini
2218 3601 2539 3673 philosophi
2587 3606 2645 3655 et
2686 3600 2889 3656 medici
2932 3598 3223 3655 clarissimi

792 3688 1081 3758 opuscula,
1104 3688 1367 3746 Basileae
1397 3690 1548 3757 1532)
1587 3689 1811 3746 Claudii
1845 3690 2063 3744 nomine
2095 3705 2234 3745 usus
2269 3695 2361 3743 est.
2418 3688 2615 3756 Itaque
2641 3688 2879 3743 Ioannes
2904 3686 3226 3741 Guintevw‘us

790 3773 1149 3830 Andemacus
1194 3775 1273 3843 (id
1307 3781 1384 3831 est
1420 3774 1658 3830 ‘Winter
1692 3793 1797 3831 aus
1834 3774 2224 3840 Andernaeh’),
2275 3775 2371 3842 qui
2409 3780 2664 3842 quattuor
2703 3774 2920 3828 illorum
2965 3774 3227 3828 librorum

791 3865 983 3916 auctor
1027 3868 1106 3917 est
1151 3879 1219 3916 ac
1254 3869 1448 3930 postea
1481 3862 1728 3932 deinceps
1764 3862 1940 3930 plura⁴
1970 3862 2086 3916 alia
2119 3862 2322 3930 seh‘pta
2358 3856 2603 3915 ‘Claudii
2631 3859 2842 3914 Galeni'
2878 3858 3045 3912 latine
3076 3873 3228 3912 versa

790 3946 971 4014 edidit,
1006 3948 1245 4003 versioni
1278 3947 1576 4003 Leoniceni
1606 3949 1857 4017 repetitae
1882 3948 2118 4016 proprio
2153 3945 2338 4001 Marte
2372 3944 2595 3999 Claudii
2618 3944 2814 3999 Galeni
2845 3959 3041 3997 nomen
3071 3959 3226 4012 prae-

789 4033 927 4102 fixit.
997 4032 1172 4102 Atque
1216 4032 1461 4088 dubitari
1490 4034 1671 4103 potest
1716 4051 1792 4088 an
1835 4034 2010 4087 simile
2054 4031 2186 4100 quid
2230 4034 2433 4101 factum
2479 4033 2551 4085 sit
2596 4032 2652 4083 in
2691 4029 2919 4084 editione
2960 4027 3225 4083 Parisino

785 4120 1051 4174 versionis
1095 4118 1294 4174 Vallae.
1343 4149 1409 4158 —
1453 4121 1506 4187 6)
1550 4118 1779 4175 Claudii
1823 4117 2032 4174 Galeni
2080 4115 2418 4188 Pergameni
2465 4115 2771 4171 secundum
2817 4112 3225 4184 Hippocratem

789 4205 1130 4261 medicorum
1176 4205 1348 4262 facile
1390 4205 1667 4277 principis
1717 4222 1859 4275 opus
1904 4204 1977 4257 de
2022 4221 2128 4259 usu
2179 4203 2426 4274 partium
2463 4200 2715 4271 corporis
2752 4199 2981 4254 humani
3018 4214 3227 4270 magna

789 4306 928 4346 cura
963 4291 1035 4345 ad
1075 4291 1412 4364 exemplaris
1446 4290 1640 4363 graeci
1665 4289 1971 4345 veritatem
2009 4289 2367 4360 castigatum,
2404 4287 2671 4341 universo
2698 4286 2986 4341 hominum
3024 4285 3221 4356 generi

789 4376 1043 4448 apprime
1077 4377 1474 4442 necessarium,
1511 4376 1753 4432 Nicolao
1788 4374 1976 4445 Regio
2000 4372 2243 4431 Calabro
2279 4372 2608 4443 interprete.
2666 4371 2927 4427 Parisiis.
2984 4370 3068 4425 Ex
3098 4368 3221 4425 offi-

788 4460 920 4515 cina
954 4461 1200 4518 Simonis
1235 4461 1514 4518 Colinaei.
1587 4461 1733 4516 1528.

900 4565 1188 4621 Praeterea
1204 4564 1320 4619 vidi
1336 4564 1533 4619 librum
1548 4563 1900 4631 iviscviptum:
1914 4559 2177 4615 Thaddei
2194 4559 2510 4616 Florentini
2531 4559 2872 4615 medicorum
2893 4574 2998 4613 sua
3015 4563 3224 4629 tempe-

789 4654 941 4705 state
974 4649 1244 4721 principis
1280 4649 1339 4703 in
1375 4647 1440 4704 C.
1473 4650 1593 4716 (sic)
1628 4646 1756 4704 Gal.
1794 4645 2217 4702 Micratechnen
2254 4645 2640 4700 commentarii
2676 4644 2920 4700 secunde
2958 4643 3222 4698 editionis

789 4736 1090 4791 emaculati
1116 4740 1175 4791 et
1198 4735 1272 4789 ab
1298 4734 1604 4791 oblivionis
1628 4733 1838 4788 iniuria
1862 4731 2187 4803 nuperrime
2213 4730 2492 4787 vindicati
2516 4731 2703 4785 studio
2723 4728 2943 4784 Thome
2960 4727 3219 4799 Dionysii

786 4820 938 4877 Polii
987 4823 1164 4893 Neap.
1203 4822 1324 4879 edit.
1374 4819 1615 4892 Neapoli
1664 4836 1813 4875 anno
1864 4816 2172 4883 MDXXII,
2216 4819 2315 4872 ubi
2357 4819 2421 4871 in
2467 4823 2625 4887 parte
2664 4832 2853 4872 aversa
2888 4816 3013 4885 folii
3051 4816 3224 4883 primi

788 4910 1010 4980 leyitur:
1046 4908 1300 4963 Adriano
1332 4907 1418 4963 VI
1453 4924 1667 4962 summo
1701 4911 1855 4977 pont.
1880 4904 2131 4959 Thomas
2166 4901 2480 4973 Dionysius
2511 4902 2710 4958 Polius
2742 4900 2921 4970 Neap.
2959 4898 3014 4955 S.
3050 4899 3115 4954 P.
3150 4899 3222 4954 D.

787 4993 930 5051 Cum
965 4994 1243 5066 superiori
1279 5011 1426 5049 anno
1464 4991 1694 5047 beatiss.
1729 4991 1810 5063 pin
1844 4991 1907 5048 C.
1945 4991 2153 5048 Galeni
2195 4987 2623 5045 Micratechnen
2659 5007 2802 5061 opus
2835 4987 2908 5042 de
2943 4984 3223 5041 medicina

784 5081 955 5151 plane
970 5080 1408 5152 pulcherrimum
1419 5078 1660 5150 publice
1680 5094 2012 5149 exponerem
2031 5083 2146 5146 etc.;
2165 5076 2343 5133 eodem
2362 5082 2564 5147 spectat
2584 5076 2813 5141 libellus,
2831 5075 2988 5129 cicius
3005 5072 3223 5128 titulum

783 5168 1004 5223 mnnino
1038 5183 1153 5221 non
1188 5173 1438 5221 accurate
1472 5165 1681 5220 indicat
1710 5165 1939 5231 Panzer,
1976 5165 2223 5218 Annales
2257 5163 2638 5235 typoyraphici
2670 5160 2793 5215 VH
2810 5177 2870 5231 p.
2893 5164 3005 5215 430
3038 5177 3094 5213 n.
3112 5163 3184 5214 44
3201 5180 3218 5213 .-
