3859 5992
540 516 837 574 ASINIVS
1833 510 1958 575 160
2950 517 3253 574 ASINIVS

543 716 709 782 1007
754 714 998 780 Herius
1045 714 1388 798 (Asinius),
1435 713 1608 779 filius
1654 714 1726 781 O.
1774 714 1985 779 Asinii
2032 714 2363 780 Pollionis.
2440 715 2609 781 Cum
2652 726 2908 780 mortuo
2955 717 3022 780 in
3062 715 3258 803 Syria

545 870 581 882 ,,
666 818 881 903 (immo
925 818 996 883 in
1040 817 1267 901 ΙᾼΙοὶα)
1326 816 1403 883 C.
1446 816 1728 883 Caesare
1788 828 2058 905 questus
2118 828 2286 883 esset
2335 816 2704 902 Augustus,
2769 818 2945 905 quod
3003 819 3069 883 in
3124 829 3256 884 tam

668 943 906 1006 magno
969 931 1035 986 et
1098 921 1337 984 recenti
1405 918 1590 986 luctu
1653 920 1860 988 Pollio
1920 920 2109 1007 pleno
2169 922 2472 986 convivio
2533 932 2859 1004 cenasset,
2926 923 3259 1009 rescripsit

671 1022 878 1089 Pollio
929 1034 1027 1087 ‘eo
1074 1023 1180 1087 die
1232 1024 1494 1105 cenavi,
1557 1046 1686 1110 quo
1749 1024 2018 1089 Herium
2077 1023 2281 1089 filium
2338 1025 2548 1090 amisi‘
2600 1024 2844 1091 Seneca
2901 1029 3172 1089 controv.
3217 1030 3259 1089 4

665 1148 774 1209 pr.
818 1130 970 1192 4-5.
1057 1126 1361 1192 Mortuus
1400 1131 1492 1191 est
1532 1128 1733 1210 iyitur
1776 1131 1923 1192 ante
1968 1148 2028 1191 a.
2060 1132 2100 1192 4
2130 1148 2204 1210 p.
2247 1126 2318 1192 0.

550 1230 710 1295 1008
758 1238 875 1294 ΟΝ.
921 1238 1240 1307 ASINIVS,
1288 1227 1600 1295 Pollionis
1645 1240 1709 1294 et
1745 1229 2082 1315 Agrippae
2126 1251 2346 1315 nepos,
2394 1238 2705 1316 patronus
2751 1228 3255 1295 Puteolanorum

668 1333 740 1399 X
765 1336 937 1398 1682
974 1337 1016 1396 t.
1050 1331 1483 1410 Puteolanus5
1525 1331 1701 1417 filius
1745 1354 1892 1416 erqo
1932 1331 2004 1400 C.
2045 1332 2270 1398 Asinii
2308 1331 2494 1398 Galli
2536 1338 2596 1399 et
2641 1332 2987 1416 Vipsaniae
3015 1331 3257 1415 Ayrip-

669 1438 886 1519 pinae.
969 1436 1070 1517 Cf.
1117 1457 1179 1503 n.
1216 1438 1384 1501 1017
1423 1440 1580 1501 extr.

549 1539 713 1605 1009
759 1549 837 1604 M.
898 1548 1196 1604 ASINIVS
1257 1548 1613 1617 AGRIPPA,
1681 1539 1907 1605 consul
1973 1562 2030 1606 a.
2082 1540 2164 1604 25
2225 1562 2285 1625 p.
2347 1539 2421 1606 O.
2484 1561 2628 1603 cum
2691 1537 2893 1604 Cosso
2954 1538 3254 1605 Cornelio

671 1641 972 1707 Lentulo.
1047 1642 1131 1706 In
1175 1641 1542 1706 consulatu:
1581 1642 1672 1707 M.
1706 1641 1974 1707 Asinius
2004 1641 2304 1728 Agrippa
2339 1642 2504 1724 fasti
2538 1641 2895 1720 Arvalium,
2937 1641 3061 1707 XI
3075 1644 3257 1719 3613,

672 1743 805 1809 Dio
849 1744 981 1809 ind.
1034 1744 1072 1809 l.
1117 1748 1206 1809 57
1215 1764 1235 1821 ,·
1290 1744 1380 1809 M.
1426 1744 1654 1810 Asinio
1698 1744 1758 1810 A
1784 1795 1799 1810 .
1828 1795 1842 1810 .
1872 1795 1885 1810 .
1914 1795 1929 1810 .
1978 1745 2106 1827 (AV
2154 1744 2463 1828 traditur)
2527 1745 2814 1823 V5594‚·
2855 1745 2944 1812 M.
2991 1743 3258 1809 Asinius

587 1848 592 1853 ’
673 1845 794 1911 IV
809 1851 1000 1924 2552,
1049 1846 1151 1911 VI
1169 1850 1390 1924 10051,
1435 1847 1832 1925 Cassiodor.,·
1863 1847 2133 1913 Asinius
2165 1846 2461 1935 Agrippa
2498 1848 2644 1913 Tae.
2679 1870 2737 1913 a.
2769 1854 2830 1926 4,
2858 1852 2959 1924 34,
2991 1852 3260 1913 ceterum

672 1950 970 2036 Agrippa
1012 1950 1188 2032 fasti.

808 2054 1203 2134 Quamquam
1246 2053 1454 2118 Marci
1500 2052 1671 2118 filius
1717 2052 1953 2118 dieitur
1986 2052 2118 2119 Dio
2150 2052 2281 2121 ind.
2316 2053 2356 2119 l.
2394 2058 2495 2131 57,
2540 2059 2751 2118 tamen
2791 2057 2956 2118 reete
2984 2056 3261 2137 putatur

670 2156 846 2241 filius
903 2175 1032 2220 esse
1086 2154 1157 2220 0.
1203 2155 1428 2222 Asinii
1475 2154 1690 2234 Galli,
1760 2156 1842 2238 ef.
1896 2155 2045 2224 Tae.
2094 2178 2154 2221 a.
2201 2161 2274 2234 4,
2320 2161 2435 2234 61,
2495 2156 2610 2221 ubi
2664 2155 2965 2239 Ayrippa
3024 2155 3259 2220 dicitur

673 2258 889 2324 ‘claris
948 2260 1298 2326 maioribus
1357 2281 1553 2346 quam
1613 2254 1887 2324 vetustis
1949 2261 2219 2346 vitaque
2278 2282 2405 2324 non
2459 2258 2766 2343 degener’
2832 2263 2891 2323 et
2935 2279 2995 2323 a.
3042 2262 3101 2336 6,
3148 2262 3254 2335 23,

663 2363 778 2427 ubi
816 2362 1048 2428 Gallus
1091 2364 1201 2447 (cf.
1245 2384 1308 2428 n.
1340 2360 1526 2443 1017)
1576 2371 1696 2428 ‘tot
1739 2360 2178 2427 consularium
2223 2371 2505 2448 parens‘.
2582 2362 2882 2426 Mortuus
2926 2370 3026 2425 est
3068 2383 3125 2425 a.
3174 2361 3258 2426 26

676 2466 820 2531 Tac.
856 2487 1003 2532 ann.
1032 2472 1093 2544 4,
1128 2471 1226 2531 61.

546 2570 711 2635 1010
756 2567 1024 2633 Asinius
1067 2567 1426 2651 Amiantus,
1474 2577 1856 2655 procurator
1903 2566 1975 2633 O.
2008 2565 2221 2632 Asinii
2251 2566 2630 2632 Nicomachi
2658 2565 2897 2632 Iuliani
2926 2566 2978 2630 I
2978 2565 3094 2631 GI
3109 2566 3257 2631 283.

544 2673 706 2738 1011
756 2681 1055 2736 ASINIVS
1101 2681 1396 2753 BASSVS,
1443 2673 1767 2735 maximus
1814 2693 1898 2735 ex
1941 2669 2167 2735 liberis
2199 2670 2414 2735 Asinii
2450 2670 2597 2735 Rufi
2642 2669 2978 2734 familiaris
3023 2667 3257 2751 Plinii3

670 2773 923 2839 Plinius
947 2796 986 2838 a
1010 2774 1330 2857 (Minicio)
1354 2774 1675 2839 Fundano
1694 2771 1842 2854 (cos.
1870 2795 1929 2840 a.
1948 2771 2116 2856 107),
2140 2776 2245 2838 cui
2268 2772 2672 2838 consulatum
2697 2772 3090 2837 destinatum
3121 2793 3259 2835 esse

670 2876 992 2959 credebat,
1041 2879 1245 2962 petiit,
1279 2888 1354 2942 ut
1383 2877 1659 2942 Bassum
1691 2888 2096 2963 quaestorem
2131 2876 2397 2960 eligeret
2424 2875 2605 2941 Plin.
2638 2876 2814 2958 epist.
2846 2880 2907 2953 4,
2939 2878 3034 2952 15,
3067 2874 3256 2939 6-13.

547 2982 712 3047 1012
761 2989 923 3046 SEX.
957 2988 1255 3044 ASINIVS
1295 2988 1561 3062 CELER,
1610 2978 1833 3044 consul
1867 2976 2191 3058 (suffectus
2230 2976 2498 3043 seeundo
2540 2978 2848 3062 semestri)
2892 2999 2950 3042 a.
2981 2977 3061 3042 38
3109 2997 3258 3042 cum

673 3131 866 3147 .....
892 3082 1061 3146 tonio
1126 3081 1603 3164 Quinctilian03
1663 3082 1815 3147 Sex.
1859 3081 2090 3147 Asinio
2137 3080 2366 3147 Celere
2413 3130 2428 3146 .
2457 3130 2472 3145 .
2499 3130 2514 3146 .
2543 3130 2558 3146 .
2584 3131 2599 3146 .
2626 3083 2799 3146 tonio
2853 3078 3258 3160 Quintiliano

670 3183 971 3251 Frontin.
1033 3184 1108 3249 de
1166 3186 1350 3267 aquis
1407 3189 1568 3261 102,
1633 3234 1904 3250 .......
1929 3187 2039 3249 nio
2087 3182 2532 3265 Quinctiliano
2591 3188 2739 3248 aeta
2780 3183 3008 3247 Arval.
3072 3203 3133 3246 a.
3176 3184 3260 3246 38

673 3286 775 3352 VI
789 3286 1023 3353 202Βά
1050 3291 1150 3352 18.
1186 3324 1262 3334 -
1299 3288 1705 3352 Memoratur
1747 3287 1816 3352 in
1849 3292 1890 3351 t.
1921 3288 2090 3352 servi
2115 3287 2294 3371 filiae
2340 3286 2443 3353 VI
2461 3291 2624 3352 9901
2656 3286 2744 3370 (1)
2776 3291 2834 3351 et
2870 3285 2941 3350 in
2971 3290 3013 3350 t.
3049 3283 3263 3350 liberti

587 3442 594 3451 .
670 3390 926 3455 matris
947 3388 1048 3455 VI
1069 3394 1231 3456 9901
1250 3412 1291 3454 a
1336 3391 1468 3477 (2);
1512 3390 1602 3454 ad
1647 3411 1786 3455 eum
1815 3391 2143 3473 pertinere
2181 3410 2218 3452 i
2206 3389 2429 3454 idetur
2465 3390 2892 3472 fraymentum
2929 3384 3260 3453 Teatinum

673 3490 825 3557 Sex.
873 3492 1118 3558 Asin.
1147 3492 1483 3561 UCeler.
1553 3493 1734 3558 ,ΙΧ
1772 3498 1944 3558 3017
1985 3490 2093 3574 (3).

798 3594 1192 3660 Praenomen
1238 3595 1529 3661 exhibent
1571 3594 1928 3660 Frontinus
1973 3601 2031 3660 et
2076 3601 2118 3660 t.
2165 3600 2224 3671 3,
2287 3600 2557 3660 ceterum
2609 3593 2876 3659 Asinius
2923 3591 3129 3659 Celer.
3179 3628 3259 3639 —

672 3696 842 3764 Galli
909 3697 1083 3762 filius
1144 3703 1187 3763 t.
1247 3703 1295 3763 2
1363 3698 1602 3763 seilicet
1663 3696 1729 3763 Ο.
1790 3698 2015 3762 Asinii
2068 3697 2253 3764 Galli
2316 3704 2375 3763 et
2434 3696 2777 3781 Vi'p3aniae
2834 3696 3255 3780 Ayrippinae.

671 3799 916 3865 Consul
961 3824 1019 3866 a.
1066 3801 1149 3866 38
1190 3821 1245 3864 v.
1290 3821 1509 3884 supra,
1553 3799 1911 3867 consularis
1959 3801 2201 3868 Seneca
2246 3800 2670 3884 apocoloeynt.
2715 3803 2824 3876 13,
2872 3797 3046 3863 Ptin.
3090 3819 3153 3863 n.
3196 3796 3256 3862 h.

671 3908 730 3981 9,
762 3908 861 3980 67,
911 3904 1208 3968 Macrob.
1254 3908 1376 3968 sat.
1418 3908 1477 3980 3,
1529 3910 1628 3982 16,
1676 3909 1732 3969 9.
1813 3902 1874 3969 A
1922 3904 2089 3970 Gaio
2128 3904 2430 3990 'principe
2474 3904 2715 3989 piscem
2761 3903 3007 3986 ingenti
3051 3903 3258 3987 pretio

673 4016 995 4070 mercatus
1057 4005 1271 4083 Plin.,
1335 4005 1632 4071 Maerob.
1689 4006 1729 4073 l.
1778 4006 1852 4084 l.,
1929 4005 2302 4072 Tertullian.
2361 4006 2436 4071 cle
2475 4005 2685 4088 pallio
2743 4007 2820 4083 5;
2884 4027 2924 4068 a
2982 4003 3258 4069 Claudio

672 4109 920 4173 occisus
967 4110 1212 4173 Seneca
1258 4108 1297 4172 l.
1343 4107 1382 4172 l.
1432 4148 1509 4156 —-
1559 4108 1791 4173 Asinia
1834 4107 2202 4195 Agrippina
2245 4107 2381 4174 filia
2424 4113 2467 4174 t.
2506 4114 2564 4176 1.

550 4211 713 4276 1013
759 4209 1026 4276 Asinius
1087 4210 1448 4297 Epicadus,
1508 4233 1593 4276 ex
1648 4221 1843 4295 gente
1888 4210 2203 4276 Parthina
2261 4210 2572 4296 hybrida,
2634 4231 2784 4276 cum
2837 4207 3129 4274 Audasio
3189 4210 3256 4272 in

670 4311 1038 4396 Augustum
1085 4313 1206 4378 sub
1250 4314 1445 4379 finem
1491 4315 1744 4400 imperii
1792 4316 2177 4397 coniuravit,
2212 4324 2285 4378 ut
2312 4313 2547 4379 Iuliam
2573 4312 2773 4377 filiam
2805 4322 2869 4378 et
2896 4311 3255 4397 Agrippam

672 4428 972 4501 nepotem
1037 4438 1118 4481 ex
1184 4415 1446 4500 insulis,
1516 4415 1755 4503 quibus
1824 4417 2359 4499 continebantur,
2429 4416 2512 4482 ad
2573 4418 2897 4482 exercitus
2955 4423 3259 4501 raperent

676 4518 936 4585 Sueten.
967 4519 1135 4602 Auy.
1168 4524 1267 4587 19.
1343 4518 1651 4584 Fortasse
1698 4519 1961 4584 libertus
2000 4519 2070 4584 0.
2116 4520 2341 4585 Asinii
2378 4520 2708 4585 Pollionis.

552 4621 714 4686 1014
759 4631 1057 4685 ASINIVS
1106 4631 1415 4704 GALLVS,
1463 4620 1663 4686 Drusi
1711 4622 1911 4687 frater
1956 4624 2248 4688 uterinus
2291 4621 2427 4688 Dio
2472 4627 2572 4701 60,
2604 4627 2711 4699 27,
2759 4619 3072 4686 Pollionis
3116 4640 3255 4684 ora·

675 4726 832 4788 toris
877 4746 1076 4811 nepos
1123 4724 1381 4791 Sueton.
1431 4725 1662 4790 Claud.
1709 4730 1824 4805 13,-
1880 4726 2059 4810 filius
2102 4747 2247 4810 erqo
2302 4725 2372 4791 C.
2418 4726 2642 4791 Asinii
2694 4724 2877 4790 Galli
2918 4729 2979 4789 et
3017 4722 3258 4807 Ayrip-

666 4828 887 4910 pinae.
980 4827 1148 4893 Cum
1206 4827 1461 4893 Statilio
1514 4827 1802 4894 Corvino
1860 4851 1917 4893 a.
1965 4831 2049 4895 46
2110 4831 2173 4893 ἰιι
2237 4828 2584 4896 Claudium
2644 4828 3012 4892 coniuravit
3068 4835 3132 4891 et
3190 4825 3257 4888 in

667 4928 934 4994 exilium
981 4942 1164 4995 actus
1225 4942 1354 5014 est,
1417 4932 1506 4997 ὅτι
1551 4935 1650 4997 καὶ
1696 4931 2077 5019 σμικρότατος
2122 4936 2220 4998 καὶ
2269 4932 2713 5003 δυσειδέστατος
2754 4933 2838 4997 ὢν
2884 4934 3002 4998 κάκ
3047 4929 3255 4995 τοῦτου

669 5035 1147 5122 καταφρονηθεὶς
1188 5035 1425 5123 γέλωτα
1472 5039 1701 5122 μᾶλλον
1747 5037 1785 5121 ἢ
1831 5038 2102 5102 κίνδυνον
2136 5039 2340 5122 ὦφλεν
2370 5034 2524 5113 Di0‚
2559 5034 2815 5102 Sueton.
2851 5032 2893 5099 l.
2925 5032 2968 5100 l.
3034 5030 3257 5099 Nomi-

668 5142 865 5201 natur
906 5142 979 5201 ut
1022 5138 1224 5202 frater
1267 5137 1478 5203 Asinii
1526 5135 1770 5202 Celeris
1825 5137 1928 5203 VI
1960 5143 2142 5205 9901.
