3859 5992
1756 634 1833 642 —
1928 597 2078 661 VIII
2169 634 2251 642 —

814 769 914 834 Ex
955 767 1208 852 legibus
1260 775 1478 836 autem
1525 769 1757 852 quibus
1801 774 1870 833 ut
1916 766 2198 834 editores
2241 768 2307 834 in
2355 789 2551 856 opere
2607 769 2946 835 tractando
3000 776 3380 836 tenerentur

641 887 996 954 Academia
1039 887 1348 973 decrevit,
1394 887 1560 954 haec
1602 887 1738 954 fere
1782 887 1870 954 ad
1914 889 2208 973 syllogen
2243 895 2417 955 recte
2449 889 2886 956 adhibendam
2926 887 3125 973 digna
3154 888 3379 956 viden-

642 1012 743 1072 tur
788 1027 957 1092 quae
1002 1007 1226 1092 paucis
1269 1005 1394 1074 hoc
1438 1008 1581 1074 loco
1627 1014 2033 1092 repetantur:

812 1126 1149 1195 Terminos
1218 1127 1433 1211 operis
1481 1126 1835 1193 Academia
1900 1129 2230 1197 constituit
2295 1151 2542 1196 annum
2609 1149 2870 1215 pugnae
2921 1129 3231 1197 Actiacae
3303 1137 3376 1197 et

640 1246 891 1313 initium
958 1246 1212 1333 imperii
1279 1247 1689 1313 Diocletiani.
1807 1247 1938 1314 Sed
2005 1249 2202 1315 etiam
2271 1273 2491 1319 eorum
2569 1271 2839 1336 quorum
2904 1255 3089 1316 aetas
3157 1256 3374 1314 utrum

638 1368 860 1452 paullo
905 1367 1198 1452 superior
1241 1387 1324 1432 an
1371 1366 1637 1434 inferior
1679 1366 1873 1433 fuerit
1916 1388 2048 1434 non
2094 1377 2270 1438 certe
2314 1371 2670 1438 diiudicare
2712 1370 2866 1437 licet
2908 1388 3374 1453 nonnunquam

639 1488 803 1555 ratio
850 1486 1077 1554 habita
1121 1494 1238 1554 est.

810 1609 1246 1675 Romanorum
1299 1607 1545 1693 recepti
1590 1614 1738 1673 sunt
1790 1608 2088 1676 homines
2135 1611 2379 1678 ordinis
2424 1610 2732 1679 senatorii
2779 1609 3142 1695 quicunque
3185 1609 3374 1676 inno-

640 1734 919 1814 tuerunt,
991 1727 1234 1796 ordinis
1287 1727 1603 1811 equestris
1655 1727 1699 1792 ii
1758 1728 1865 1812 qui
1921 1730 2387 1815 imperatorum
2453 1729 2718 1813 negotia
2782 1735 3141 1815 gesserunt,
3212 1729 3371 1796 item

641 1870 864 1916 eorum
919 1847 1179 1933 cognati
1230 1846 1731 1931 familiaresque.
1823 1848 2051 1933 Neque
2111 1850 2322 1915 minus
2366 1850 2801 1921 Romanorum
2855 1872 3126 1936 quorum
3185 1870 3373 1936 prae·

639 1977 821 2037 terea
886 1970 1063 2055 apud
1125 1969 1471 2055 scriptores
1535 1967 1776 2034 mentio
1847 1966 1917 2032 fit
1982 1969 2274 2054 plerique
2328 1969 2663 2038 memorati
2727 1979 2897 2056 sunt,
2969 1970 3264 2057 inprimis
3320 1971 3370 2036 ii

639 2111 910 2174 quorum
976 2089 1241 2156 nomina
1312 2088 1490 2175 apud
1556 2108 1770 2154 rerum
1847 2088 2196 2173 scriptores
2275 2090 2707 2159 inveniuntur.
2827 2090 2962 2158 Sed
3032 2090 3366 2158 hominnm

637 2208 1038 2294 plebeiorum
1083 2208 1334 2274 infinita
1376 2209 1490 2274 illa
1536 2207 1726 2274 turba
1770 2228 1900 2292 qua
1945 2208 2188 2294 scripta
2239 2210 2679 2277 ecclesiastica
2723 2218 2789 2278 et
2832 2218 3167 2279 auctorum
3209 2211 3369 2277 iuris

641 2328 882 2396 referta
928 2336 1075 2394 sunt
1128 2329 1354 2414 procul
1408 2335 1659 2395 semota
1703 2335 1821 2395 est.
1915 2328 2094 2395 Haec
2139 2330 2222 2396 de
2278 2330 2605 2397 Romanis.
2696 2330 3091 2399 Graecorum
3147 2340 3368 2397 autem

641 2454 706 2515 et
750 2448 1170 2516 barbarorum
1215 2449 1547 2516 hominum
1590 2448 1813 2515 selecti
1880 2455 2130 2514 tantum
2197 2450 2436 2537 recepti
2504 2455 2655 2515 sunt
2708 2457 2775 2517 et
2829 2450 2874 2515 ii
2930 2451 3189 2535 quidem
3256 2451 3367 2536 qui

638 2591 780 2635 cum
825 2571 1135 2636 Romanis
1178 2572 1283 2638 vel
1330 2572 1521 2638 rebus
1565 2570 1671 2635 vel
1716 2568 2085 2636 hominibus
2131 2570 2411 2654 quodam
2456 2570 2648 2636 modo
2694 2571 3016 2637 coniuncti
3061 2571 3339 2638 fuerunt.

810 2689 992 2769 Quae
1039 2711 1120 2757 ex
1166 2690 1585 2776 scriptoribus
1629 2688 1833 2755 titulis
1878 2688 2155 2755 nummis
2202 2690 2285 2756 de
2328 2688 2409 2755 iis
2463 2710 2733 2773 quorum
2790 2691 3053 2757 nomina
3104 2698 3369 2775 recepta

637 2818 786 2877 sunt
829 2810 1043 2876 adhuc
1086 2810 1525 2891 innotuerunt,
1572 2830 1655 2876 ea
1698 2811 1910 2894 plene,
1961 2816 2269 2894 quantum
2316 2808 2383 2874 in
2430 2808 2705 2875 materia
2747 2809 3026 2877 maxime
3072 2810 3369 2895 dispersa

634 2931 773 2997 fieri
817 2931 1046 3016 potuit,
1091 2932 1296 2996 allata
1340 2937 1505 2995 sunt.
1597 2930 1730 2996 Sed
1775 2938 1841 2996 et
1882 2928 1952 2996 in
1995 2927 2490 3017 imperatoribus
2519 2929 2828 2994 Romanis
2874 2929 3128 2997 omissis
3173 2931 3366 2998 rebus

636 3071 797 3135 quas
841 3050 1179 3136 imperium
1228 3049 1448 3135 adepti
1495 3056 1835 3134 gesserunt
1890 3069 1972 3116 ea
2025 3068 2192 3132 quae
2238 3048 2325 3114 ad
2369 3047 2570 3114 vitam
2627 3048 3021 3133 privatorum
3067 3058 3368 3137 spectant

634 3176 993 3236 memorata
1037 3177 1186 3235 sunt
1230 3177 1295 3237 et
1337 3170 1420 3237 de
1464 3169 1723 3254 regibus
1768 3169 2191 3235 barbarorum
2238 3189 2407 3252 quae
2437 3168 2602 3234 scitu
2633 3169 2911 3235 maxime
2942 3169 3141 3254 digna
3182 3177 3368 3238 erant

634 3291 870 3358 afferre
914 3290 1073 3356 satis
1118 3289 1325 3357 visum
1371 3296 1488 3356 est.
1582 3290 1875 3374 Denique
1920 3290 2004 3355 de
2048 3288 2304 3373 scriptis
2352 3308 2574 3355 eorum
2619 3286 2726 3371 qui
2758 3287 3119 3356 litterarum
3166 3290 3362 3357 laude

636 3409 990 3477 floruerunt
1056 3411 1347 3497 pluribus
1410 3429 1607 3493 agere
1659 3429 1789 3474 non
1844 3408 1965 3474 fuit
2029 3408 2386 3493 consilium,
2455 3407 2762 3493 quoniam
2828 3408 2935 3492 qui
2998 3409 3361 3475 litterarum

634 3528 939 3597 historias
984 3529 1413 3598 condiderunt
1457 3531 1617 3596 satis
1665 3529 1924 3615 copiose
1970 3529 2053 3595 de
2097 3528 2177 3594 iis
2223 3527 2737 3614 disputaverunt.

805 3650 1241 3717 Romanorum
1289 3650 1615 3717 hominum
1662 3650 1925 3718 nomina
1970 3670 2085 3738 per
2131 3650 2488 3716 litterarum
2534 3647 2827 3715 ordinem
2872 3668 2955 3714 ex
3000 3646 3364 3733 gentiliciiS,

635 3759 956 3856 quatenus
999 3769 1418 3838 innotuerunt
1462 3774 1568 3839 vel
1614 3771 2035 3857 probabiliter
2087 3769 2338 3837 restitui
2393 3774 2762 3853 potuerunt,
2818 3775 2969 3835 sunt
3022 3768 3358 3854 disposita.

634 3893 735 3958 De
766 3889 1037 3958 Graecis
1067 3897 1286 3957 autem
1331 3898 1396 3957 et
1442 3891 1734 3959 barbaris
1774 3892 1854 3958 iis
1885 3890 1992 3975 qui
2039 3890 2302 3957 civitate
2332 3890 2628 3955 Romana
2674 3889 2883 3954 ornati
2930 3888 3055 3954 tria
3097 3888 3362 3954 nomina

634 4019 975 4096 gesserunt
1018 4013 1395 4096 plerumque
1441 4013 1560 4078 sub
1608 4010 2098 4095 cognominibus
2142 4017 2358 4077 actum
2412 4017 2528 4077 est.
2622 4007 2933 4074 Homines
2979 4007 3360 4093 polyonymi

633 4134 739 4201 vel
785 4134 902 4200 sub
950 4131 1155 4219 primo
1200 4132 1462 4217 nomine
1492 4132 1601 4197 vel
1646 4130 1765 4197 sub
1814 4152 1891 4197 eo
1924 4131 2096 4214 quod
2140 4129 2263 4195 fuit
2309 4129 2669 4215 principale
2713 4149 2793 4194 ac
2837 4149 2910 4196 re
2954 4148 3113 4195 vera
3158 4133 3368 4212 pater-

632 4275 786 4320 num
833 4252 1092 4320 tractati
1125 4258 1293 4318 sunt.
1387 4250 1765 4335 Quicunque
1796 4250 2088 4336 pluribus
2133 4248 2502 4317 nominibus
2533 4269 2712 4316 more
2744 4250 3036 4315 Romano
3067 4247 3363 4315 formatis

632 4375 732 4441 usi
796 4379 962 4459 sunt,
1039 4394 1259 4440 eorum
1325 4371 1590 4437 nomina
1640 4371 1818 4437 nuda
1869 4370 1989 4436 sub
2043 4392 2172 4437 uno
2220 4390 2476 4455 quoque
2542 4370 2803 4437 nomine
2856 4369 3138 4455 repetita
3199 4372 3365 4435 sunt.

633 4494 849 4560 Veluti
907 4493 990 4561 de
1056 4493 1123 4560 O.
1171 4492 1362 4559 Antio
1419 4490 1584 4558 Iulio
1642 4490 1973 4568 Quadrato
2042 4491 2162 4557 sub
2228 4490 2394 4557 Iulio
2449 4489 2848 4575 disputatum
2914 4494 3051 4587 est,
3101 4486 3366 4554 nomina

628 4614 914 4698 repetita
959 4620 1108 4680 sunt
1154 4612 1273 4680 sub
1321 4612 1517 4678 Antio
1564 4618 1629 4678 et
1674 4611 1794 4677 sub
1840 4610 2194 4688 Quadrato,

805 4735 905 4801 De
958 4734 1167 4800 forma
1212 4733 1492 4817 denique
1549 4732 1764 4818 operis
1810 4732 2200 4798 monendum
2248 4739 2347 4798 est
2417 4731 2647 4799 litteris
2714 4730 3050 4815 quadratis
3105 4730 3370 4798 nomina

632 4853 962 4920 hominum
1017 4854 1258 4920 ordinis
1303 4853 1612 4920 senatorii
1655 4853 1977 4938 impressa
2023 4872 2188 4931 esse,
2236 4852 2456 4920 titulos
2502 4852 2610 4937 qui
2657 4851 2949 4938 Corpore
2995 4849 3365 4936 Inscriptio-

631 4994 785 5039 num
857 4974 1237 5040 Latinarum
1306 4974 1716 5040 continentur
1778 4974 2161 5059 plerumque
2240 4993 2355 5057 per
2428 4993 2732 5039 numeros
2798 4971 3009 5037 nudos
3077 4969 3365 5037 indicari.

620 5094 855 5161 ‘Fasti’
911 5095 999 5161 ad
1043 5115 1205 5179 quos
1250 5095 1527 5161 lectores
1577 5114 1777 5180 saepe
1823 5093 1932 5159 ubi
1979 5094 2063 5161 de
2106 5094 2554 5159 consulatuum
2601 5090 3104 5158 indicationibus
3146 5091 3367 5174 agitur

631 5217 1027 5301 relegantur,
1081 5221 1230 5281 sunt
1271 5213 1423 5280 fasti
1469 5215 1845 5282 consulares
1890 5234 2052 5297 quos
2096 5213 2400 5279 volumen
2446 5218 2745 5297 quartum
2793 5210 3143 5279 exhibebit.
