3859 5992
657 575 976 632 CAELIVS
1943 565 2071 629 260
3043 572 3359 627 CAELIVS

781 796 840 838 a.
883 772 1008 837 213
1055 793 1201 835 eum
1252 771 1639 855 imperatore
1681 769 2014 836 Antonino
2059 771 2196 835 1111
2239 770 2427 851 fasti‚·
2476 768 2539 841 ἐς
2585 769 2863 856 δἐυτέραν
2907 770 3188 834 ὑπατείαν
3235 769 3366 855 ἐλη-

780 879 989 946 λακώς
1016 872 1372 939 Herodian.
1405 871 1446 939 l.
1477 872 1542 949 l„
1576 872 1935 937 consularis
1965 874 2070 937 vit.
2105 872 2293 939 Max.
2326 877 2386 937 et
2413 871 2606 940 Balb.
2638 877 2697 950 1,
2720 876 2787 949 2,
2831 871 3146 938 Gordian.
3170 875 3281 948 22,
3305 877 3362 938 1.

780 975 1020 1044 Ἐθνῶν
1074 979 1453 1062 ἡγησάμενος
1512 975 1838 1060 ἀμέμπτως
1882 974 2235 1040 Herodian.
2283 975 2322 1041 l.
2369 974 2432 1052 l„
2494 995 2654 1057 quas
2702 975 3076 1058 provincias
3130 975 3366 1038 rexerit

783 1081 1116 1146 nescimus.
1201 1077 1413 1145 Salius
1462 1076 1796 1142 Palatinus
1844 1088 2179 1163 cooptatus
2225 1075 2420 1157 (anno
2465 1078 2699 1143 incerto
2731 1082 2882 1161 post
2926 1099 2988 1141 a.
3019 1075 3172 1159 189)
3217 1081 3261 1141 t.
3307 1083 3362 1140 6.

911 1182 1107 1246 Anno
1138 1182 1283 1263 238,
1330 1191 1669 1266 postquam
1715 1192 1977 1246 senatus
2015 1182 2331 1266 comperit
2359 1180 2726 1245 Gordianos
2771 1181 2837 1244 in
2869 1179 3098 1245 Africa
3142 1190 3368 1244 eontra

784 1285 1220 1351 Maximinum
1268 1284 1608 1369 imperium
1653 1285 2033 1368 sumpsisse,
2097 1284 2331 1366 viginti
2391 1284 2566 1347 viros
2624 1304 2709 1347 ex
2760 1292 3023 1348 senatus
3071 1280 3364 1346 consulto

786 1388 879 1452 rei
939 1386 1242 1473 publicae
1304 1384 1629 1450 curandae
1685 1381 1793 1467 (ef.
1837 1385 1990 1451 CIL
2032 1385 2222 1451 XIV
2250 1390 2451 1469 2902)
2499 1387 2759 1467 creavit,
2809 1386 2979 1449 inter
3022 1406 3188 1471 quos
3233 1384 3365 1448 fue·

786 1500 943 1555 runt
992 1487 1311 1554 Balbinus
1362 1497 1427 1552 et
1469 1487 1792 1553 Maximus
1837 1488 2130 1553 Zosimus
2178 1493 2236 1566 1,
2283 1493 2380 1566 15,
2421 1489 2528 1555 vit.
2565 1487 2879 1553 Gordian.
2909 1493 3013 1565 10,
3049 1493 3124 1566 1,·
3167 1493 3283 1564 ,2.2,
3327 1494 3368 1553 1

786 1594 869 1675 ef.
900 1593 1083 1673 infra
1113 1590 1324 1658 adnot.
1356 1592 1542 1655 -Post
1571 1600 1840 1656 mortem
1873 1591 2149 1657 duorum
2182 1591 2665 1659 Gordianorum
2708 1601 2972 1656 senatus
3001 1590 3365 1656 Maximum

788 1706 852 1761 et
895 1693 1242 1760 Balbinum
1289 1695 1707 1778 imperatores
1751 1695 2003 1758 creavit
2039 1693 2393 1762 Herodian.
2423 1699 2481 1771 7,
2514 1700 2615 1771 10,
2661 1695 2768 1758 vit.
2812 1693 3129 1759 Gordian.
3161 1698 3275 1771 22,
3308 1701 3366 1769 1,

786 1799 894 1862 vit.
942 1795 1130 1861 Max.
1179 1800 1238 1860 et
1280 1794 1474 1859 Balb.
1506 1799 1655 1863 1-3.
1722 1794 1883 1859 Inde
1927 1796 2290 1880 Imperator
2333 1794 2576 1861 Caesar
2619 1794 2701 1862 D.
2748 1794 3010 1860 Caelius
3051 1794 3369 1861 Calvinus

788 1899 1103 1965 Balbinus
1150 1899 1484 1982 Augustus
1528 1899 1598 1963 in
1641 1896 1845 1962 titulis
1886 1900 2277 1981 nuntmisque
2319 1920 2373 1964 v.
2418 1920 2653 1982 supra;
2707 1901 2776 1963 in
2819 1920 3080 1982 papyro
3137 1899 3369 1965 titulis-

786 2025 902 2086 que
950 2006 1075 2068 1-5
1127 2002 1242 2067 ubi
1300 2000 1421 2065 duo
1466 1999 1745 2084 Auyusti
1800 2002 2241 2078 nominantur,
2290 2003 2506 2085 primo
2564 2001 2697 2066 loeo
2756 2022 2998 2084 semper
3041 2000 3372 2085 Pupienus

782 2107 1036 2189 positus
1080 2109 1187 2172 est.
1276 2104 1542 2169 Aestate
1586 2103 1721 2168 fere
1766 2127 1823 2168 a.
1871 2105 1996 2168 238
2044 2113 2314 2189 uterque
2359 2104 2695 2189 Augustus
2739 2104 2931 2169 simul
2971 2127 3011 2168 a
3053 2104 3372 2169 militibus

787 2209 1037 2271 occisus
1068 2216 1166 2271 est
1196 2205 1546 2272 Herodian.
1573 2211 1633 2284 8,
1658 2211 1755 2283 10,
1784 2207 1892 2273 vit.
1928 2205 2116 2270 Mam.
2149 2206 2341 2273 Balb.
2373 2211 2603 2284 13-14,
2635 2208 2741 2271 vit.
2769 2207 3082 2272 Gordian.
3107 2211 3223 2273 22.
3268 2205 3374 2272 De

791 2315 1063 2393 tempore
1105 2311 1328 2375 mortis
1371 2314 1430 2373 et
1473 2309 1548 2374 de
1591 2311 1801 2392 spatio
1844 2310 2099 2391 imperii
2141 2309 2223 2389 ef.
2253 2330 2414 2390 quae
2454 2329 2653 2392 supra
2697 2309 3001 2374 adnotavi
3028 2308 3117 2373 ad
3142 2308 3209 2372 A
3233 2314 3374 2373 664.

1106 2410 1363 2465 Zosimus
1400 2417 1450 2477 1,
1490 2416 1557 2465 14
1593 2416 1879 2479 postquam
1916 2409 2116 2464 rettulit
2151 2416 2398 2464 senatum
2427 2410 2791 2478 populumque
2823 2427 3111 2464 romanum
3135 2409 3374 2465 Gordia·

935 2514 1036 2553 nos
1072 2497 1360 2566 amovisse
1395 2502 1444 2551 et
1478 2502 1663 2551 eontra
1688 2495 2063 2549 Maximinum
2099 2512 2258 2549 arma
2296 2497 2511 2564 cepisse,
2543 2496 2718 2564 peryit
2753 2497 2876 2550 ἐπεὶ
2913 2498 2976 2551 δὲ
3013 2500 3157 2552 πᾶσι
3195 2507 3372 2549 ταῦτα

936 2580 1138 2650 ἐδόκει,
1173 2588 1620 2656 προχειρίζονῐαι
1646 2585 1740 2648 τῆς
1761 2586 1965 2649 βουλῆς
1987 2579 2199 2655 ἄνδρας
2221 2587 2399 2637 εἴκοσι
2424 2588 2760 2652 στρατηγίας
2783 2584 3112 2655 ἐμπείρους·
3148 2584 3210 2637 ἐκ
3243 2579 3375 2635 τού·

937 2690 1049 2724 των
1085 2664 1499 2740 αὐτοκράτορας
1534 2665 1791 2737 ἑλόμενοι
1829 2664 1934 2721 δύο
1965 2670 2246 2735 Βαλβῖνον
2267 2670 2362 2720 καὶ
2390 2663 2680 2738 Μάξιμον,
2719 2664 3242 2738 προκαταλαβόντες
3278 2668 3376 2728 τὰς

939 2758 1033 2810 ἐπὶ
1072 2750 1172 2820 τήν
1194 2752 1411 2825 Ῥώμης
1448 2751 1727 2825 φερούσας
1751 2750 1920 2813 ὁδούς
1955 2756 2065 2805 κτλ.
2103 2751 2163 2805 id
2196 2756 2273 2805 est
2308 2752 2505 2821 vifinti
2539 2751 2650 2805 illis
2687 2752 2840 2818 viris,
2879 2753 2975 2820 qui
3006 2769 3113 2819 pro
3138 2750 3375 2806 Gordia·

938 2841 1030 2895 nis
1080 2844 1266 2894 contra
1314 2838 1685 2892 Maximinum
1729 2854 1836 2892 rem
1884 2839 2164 2905 publicam
2219 2836 2579 2904 defenderent,
2630 2837 2932 2892 Balbinum
2975 2844 3026 2892 et
3066 2837 3378 2891 Maximum

931 2928 1306 2994 praefecerunt
1339 2939 1458 2978 cum
1492 2940 1701 2979 summa
1735 2928 2008 2991 potestate.
2055 2922 2325 2992 (Minime
2358 2923 2496 2976 enim
2526 2922 2678 2992 apud
2700 2923 2976 2978 Zosimum
3013 2920 3378 2996 αὐτοκράτωρ

942 3010 1078 3064 idem
1102 3010 1244 3063 valet
1271 3014 1429 3076 atque
1452 3010 1737 3079 Auyustus
1762 3010 1869 3063 sive
1894 3010 2196 3077 imperator,
2235 3007 2293 3061 id
2316 3007 2460 3075 quod
2485 3007 2569 3062 illi
2599 3025 2872 3076 nusquam
2904 3025 3017 3064 non
3053 3010 3382 3078 eapn'mitur

935 3112 1034 3163 per
1064 3110 1231 3149 vocem
1267 3095 1576 3163 βασιλεὺς.)
1648 3094 1890 3164 Quocum
1929 3111 2163 3161 prorsus
2212 3094 2476 3148 consentit
2512 3094 2844 3164 biographus
2891 3094 2954 3147 in
2989 3095 3102 3148 vita
3139 3092 3379 3149 Gordia-

940 3197 1131 3235 norum
1174 3186 1368 3243 10,1,·
1400 3184 1557 3245 22,1
1599 3184 1669 3248 ef.
1710 3184 1795 3245 14,
1825 3185 1876 3233 4.
1944 3180 2308 3233 veniesimum
2344 3184 2518 3233 autem
2555 3184 2634 3234 est
2668 3180 2728 3231 in
2762 3180 2866 3232 hac
2899 3180 3011 3233 vita
3046 3197 3160 3235 non
3194 3198 3380 3248 pauca

943 3283 1009 3320 ae
1048 3268 1193 3333 poti.
1187 3283 1394 3320 semum
1442 3266 1651 3334 quidem
1702 3266 1764 3318 in
1807 3283 1870 3320 ea
1908 3270 2069 3333 parte
2111 3283 2248 3333 quae
2281 3265 2356 3318 ad
2397 3264 2741 3319 Gordianum
2775 3264 2888 3317 HI
2914 3270 3116 3334 spectat
3148 3266 3310 3331 (inde
3345 3285 3381 3321 a

944 3369 1061 3421 cap.
1086 3355 1187 3417 22)
1216 3358 1431 3420 sumpta
1454 3368 1569 3406 esse
1593 3369 1659 3406 ex
1694 3352 1867 3406 codem
1892 3356 2108 3406 auctore
2135 3352 2418 3418 primario,
2456 3369 2492 3404 a
2528 3368 2632 3418 quo
2659 3350 2858 3419 pendet
2884 3350 3156 3419 Zosimus,
3193 3370 3381 3420 quam·

941 3457 1103 3508 quam
1131 3455 1408 3508 perperam
1439 3439 1494 3490 id
1517 3441 1731 3507 neyam't
1758 3437 2162 3492 Mendelssohn.
2209 3439 2388 3505 Atque
2419 3437 2766 3505 probabiliter
2801 3439 2851 3492 is
2890 3442 3080 3491 auctor
3111 3454 3148 3489 a
3177 3438 3378 3506 fieris-

942 3544 1042 3594 que
1070 3531 1303 3594 putatur
1327 3525 1501 3594 fuisse
1524 3523 1832 3591 Deaeippus.
1868 3523 2063 3591 Itaque
2093 3525 2144 3577 si
2171 3525 2518 3594 biographus,
2543 3541 2696 3591 quem
2719 3525 2829 3578 sibi
2851 3525 3038 3593 ipsum
3061 3524 3383 3593 saepissime

944 3627 1244 3681 repugynare
1277 3615 1461 3665 notum
1499 3614 1588 3673 est,
1625 3625 1736 3664 uno
1774 3612 1885 3663 loeo
1920 3610 2012 3663 eit.
2039 3609 2341 3663 Maximini
2361 3613 2453 3674 32,
2479 3615 2513 3663 3
2550 3609 2774 3677 scripsit
2809 3608 3046 3662 ‘addidit
3081 3607 3382 3679 Dexippus

944 3702 1167 3752 tantum
1204 3695 1392 3749 odium
1421 3692 1596 3749 fuisse
1622 3694 1934 3759 Maximini,
1961 3698 2023 3748 ut
2050 3692 2370 3748 interfectis
2398 3693 2703 3748 Gordianis
2729 3695 2937 3764 viginti
2962 3694 3117 3749 viros
3143 3699 3383 3748 senatus

944 3780 1242 3847 creaverit,
1281 3797 1422 3850 quos
1458 3784 1770 3849 opponeret
1805 3778 2131 3833 Maximino’
2169 3780 2350 3832 minus
2386 3786 2635 3833 accurate
2671 3780 2755 3833 hie
2779 3797 2940 3847 Quam
2973 3781 3111 3834 alibi
3134 3781 3384 3849 Deoeippi

942 3866 1257 3923 sententiam
1298 3866 1572 3934 repetiisse
1606 3864 1826 3931 ridetur,
1868 3871 1951 3919 ita
1992 3871 2052 3920 ut
2087 3864 2343 3919 standum
2377 3865 2451 3919 sit
2487 3866 2548 3918 in
2595 3866 2665 3919 iis
2705 3864 2770 3919 de
2805 3866 3001 3933 quibus
3040 3864 3296 3921 Zosimus
3333 3871 3382 3920 et

945 3954 1277 4025 bfoyraphus
1314 3952 1667 4007 consentiunt.

674 4047 796 4111 100
843 4041 1101 4109 Caelius
1163 4040 1433 4131 Cursor,
1499 4060 1693 4124 eques
1762 4039 2122 4120 Romanus,
2186 4037 2268 4102 ob
2330 4037 2494 4101 falsa
2557 4038 2907 4103 maiestatis
2974 4039 3248 4103 erimina
3315 4039 3384 4103 in

799 4146 1091 4228 Magium
1135 4140 1576 4209 Caecilianum
1636 4150 2000 4227 praetorem
2058 4150 2323 4206 auctore
2369 4141 2661 4226 principe
2706 4151 2772 4205 et
2814 4139 3074 4206 deereto
3121 4150 3386 4206 senatus

799 4250 1066 4335 punitus
1108 4269 1164 4314 a.
1201 4247 1278 4312 21
1339 4246 1486 4311 Tae.
1534 4267 1593 4313 a.
1639 4252 1698 4322 3,
1745 4250 1845 4309 37.

675 4355 789 4418 101
842 4350 1103 4417 Caelius
1134 4347 1594 4431 FelieissimuS,
1638 4350 1744 4412 vir
1788 4349 2107 4432 egregius,
2155 4348 2424 4411 maritus
2459 4346 2696 4412 Luriae
2727 4347 3071 4412 Ianuariae
3104 4345 3382 4411 clarissi-

799 4478 941 4520 mae
998 4453 1276 4518 feminae
1321 4454 1415 4516 tit.
1462 4453 1572 4534 qui
1613 4455 1787 4516 extat
1830 4453 1899 4515 in
1944 4451 2305 4529 coemeterio
2359 4448 2629 4531 quodam
2687 4448 3182 4513 christianorum
3237 4449 3384 4514 sub-

798 4558 1067 4635 urbano,
1115 4556 1319 4622 editus
1364 4556 1445 4621 ab
1474 4554 1858 4619 Armelle'ne'o
1897 4553 2306 4619 Croniehetta
2332 4557 2496 4618 1879
2525 4574 2600 4635 p.
2634 4557 2732 4619 76.
2796 4550 3058 4616 Videtur
3085 4551 3383 4617 christia.-

797 4682 919 4729 nus
960 4662 1178 4743 fuisse.

676 4769 797 4833 102
844 4775 1162 4829 CAELIVS
1209 4773 1457 4845 FELIX,
1506 4760 1729 4825 consul
1761 4756 2087 4841 (suffectus
2134 4781 2301 4824 anno
2345 4756 2608 4841 incerto)
2653 4781 2692 4822 a
2737 4755 3089 4822 Commodo
3137 4760 3385 4822 oeeisus

801 4872 976 4958 (post
1018 4893 1076 4939 a.
1126 4868 1278 4950 189)
1322 4868 1430 4932 vit.
1472 4864 1797 4932 Commodi
1844 4870 1898 4939 7,
1941 4870 1999 4928 6.
2078 4862 2233 4929 Gum
2278 4866 2499 4926 auetor
2541 4864 2708 4925 vitae
2747 4860 2990 4925 scribat
3038 4860 3390 4924 ‘interemit

805 5016 879 5025 —
930 5012 1011 5021 —
1072 4996 1189 5038 sex
1248 4968 1438 5036 simul
1498 4992 1579 5034 ex
1640 4966 2065 5048 consulibus‘,
2125 4968 2195 5030 in
2239 4966 2463 5048 quibus
2517 4963 2804 5029 Caelium
2842 4962 3122 5027 Felicem
3173 4961 3387 5041 affert,

801 5100 879 5143 ea
920 5079 1113 5143 verba
1155 5074 1491 5141 seeundum
1523 5071 1775 5137 dicendi
1806 5092 1991 5136 usum
2036 5068 2528 5153 be‘oyraphorum
2571 5066 2730 5130 mihi
2769 5066 2866 5129 ita
2910 5063 3392 5148 interpretanda

800 5204 929 5249 esse
972 5180 1280 5257 videntur,
1328 5183 1399 5244 ut
1439 5175 1845 5244 Commodum
1890 5195 2001 5239 sex
2042 5172 2406 5237 consulares
2448 5170 2836 5253 interfecisse
2878 5170 3252 5252 siqnifieent.
