3859 5992
616 522 984 579 BRVTTIVS
1910 516 2036 580 242
2847 523 3330 581 BRYONIANVS

619 719 743 786 142
790 730 852 789 C.
904 729 1270 784 BRVTTIVS
1331 728 1715 783 PRAESENS
1776 720 1986 785 nescio
2044 721 2188 802 quis
2240 722 2311 785 in
2366 720 2600 804 fistulis
2644 720 2964 802 plumbeis
3011 721 3129 786 IX
3163 727 3336 786 4906

744 822 829 904 ef.
868 822 1200 887 Additam.
1233 844 1306 906 p.
1339 827 1460 887 686
1503 826 1561 887 et
1601 823 1673 887 in
1717 823 1941 907 teyulis
1983 822 2105 888 IX
2133 845 2205 907 p.
2239 827 2378 900 686,
2423 822 2497 887 X
2509 823 2708 887 V331
2750 826 3016 906 repertis
3059 826 3128 888 in
3172 847 3332 908 ayro

751 924 1061 991 Trebulae
1116 926 1508 993 Mutueseae.
1615 924 1723 991 Vel
1781 926 1870 990 ad
1925 926 2187 991 eundem
2243 925 2338 991 vel
2397 926 2486 990 ad
2538 926 2850 991 hominem
2907 930 3332 1011 eoynominem

741 1028 1015 1093 eiusdem
1071 1029 1295 1112 stirpis
1332 1029 1656 1113 pertinere
1704 1029 1997 1093 videntur
2041 1033 2084 1093 t.
2139 1029 2491 1094 Trebulani
2528 1049 2848 1095 servorum-
2891 1030 3332 1096 libertorumve

739 1130 958 1196 B‘rutti
1005 1131 1374 1196 Praesentis
1419 1131 1541 1197 IX
1575 1136 1767 1208 4920,
1810 1130 1882 1196 C.
1930 1133 2067 1197 Bru
2094 1182 2109 1197 .
2136 1182 2152 1197 .
2179 1182 2196 1198 .
2238 1138 2416 1209 4915,
2467 1131 2729 1217 [Br]utti
2776 1183 2792 1198 .
2819 1183 2834 1198 .
2863 1182 2880 1198 .
2905 1186 2920 1201 .
2965 1140 3145 1200 4943.

616 1234 738 1298 143
781 1243 848 1301 L.
894 1243 1260 1298 BRVTTIVS
1307 1244 1713 1318 PRAESENS,
1764 1234 2158 1301 clarissimus
2203 1236 2323 1319 vir,
2373 1246 2684 1321 patronus
2729 1235 3023 1301 coloniae
3059 1237 3326 1303 Canusii

741 1335 862 1401 IX
897 1340 1023 1400 338
1066 1337 1280 1401 album
1321 1337 1714 1402 Canusinam
1757 1360 1817 1405 a.
1863 1343 2016 1406 223.

619 1439 736 1503 144
783 1449 849 1503 L.
895 1448 1260 1504 BRVTTIVS
1309 1449 1660 1518 QVINTIVS
1713 1450 2126 1525 CRISPINVS‚
2189 1440 2414 1506 consul
2471 1465 2530 1507 a.
2579 1443 2698 1507 187
2760 1465 2907 1507 cum
2968 1442 3045 1509 L.
3093 1443 3325 1507 Roscio

740 1540 1034 1607 Aeliano.
1084 1543 1491 1607 Memoratur
1521 1545 1589 1609 in
1627 1544 1812 1608 titulo
1842 1544 2060 1609 liberti
2089 1547 2309 1627 patris
2354 1544 2456 1610 VI
2476 1549 2661 1622 7582,
2693 1547 2808 1609 ubi
2835 1545 3040 1628 plena
3064 1547 3328 1609 nomina

741 1650 980 1710 eatant.
1026 1646 1113 1710 In
1141 1646 1506 1711 consulatu:
1548 1646 1625 1711 L.
1658 1648 1954 1711 Bruttius
1986 1646 2327 1733 Crispinus
2354 1647 2429 1713 X
2454 1651 2636 1724 1784,
2681 1653 2950 1712 ceterum
2984 1647 3325 1733 Crispinus

738 1747 919 1828 fasti,
965 1749 1097 1812 nisi
1123 1748 1289 1831 quod
1324 1750 1598 1830 sortasse
1635 1749 1723 1813 ad
1763 1749 1929 1814 hunc
1971 1753 2212 1832 spectat
2255 1750 2466 1834 teyula
2501 1750 2814 1833 inscripta
2843 1773 2945 1815 ex.
2979 1750 3087 1833 fig.
3119 1751 3324 1835 Cuspi

742 1849 967 1914 Rufini
1011 1851 1247 1915 Brittio
1296 1874 1425 1916 cos,
1468 1850 1659 1917 XIV
1686 1857 1870 1929 4091,
1916 1856 2016 1917 35.
2076 1889 2161 1898 —
2224 1851 2442 1917 Filius
2503 1852 2575 1918 G.
2635 1852 2897 1917 Bruttii
2952 1854 3326 1919 Praesentis

738 1953 1012 2018 consulis
1054 1954 1147 2018 II
1180 1974 1240 2018 α.
1277 1957 1402 2019 180
1444 1956 1527 2037 ef.
1572 1955 1755 2036 infra
1797 1953 1872 2018 F
1902 1958 2043 2020 355.

627 2090 716 2102 —
779 2066 846 2120 L.
914 2065 1235 2121 FVLVIVS
1319 2104 1336 2120 .
1362 2103 1421 2122 ..
1446 2104 1463 2122 .
1546 2065 1608 2122 C.
1676 2066 2044 2121 BRVTTIVS
2134 2066 2520 2123 PRAESENS
2595 2067 2740 2122 MIN
2766 2107 2783 2123 .
2808 2107 2825 2124 .
2849 2106 2867 2124 .
2945 2067 3322 2123 VALERIVS

735 2168 1082 2223 MAXIMVS
1142 2168 1516 2223 POMPEIVS
1575 2168 1624 2223 L
1650 2208 1834 2226 .....
1876 2169 2176 2224 VALENS
2224 2169 2646 2226 CORNELIVS
2706 2170 3089 2226 PROCVLVS
3135 2208 3322 2226 .....

734 2271 1086 2340 AQVILIVS
1130 2270 1490 2325 VEIENTO.

613 2364 733 2428 145
779 2364 1160 2445 (BRVTTIA)
1181 2374 1523 2428 CRISPINA
1538 2394 1623 2418 =
1642 2373 1987 2429 CRISPINA
2011 2375 2375 2432 AVGVSTA.
2407 2366 2580 2431 Filia
2596 2366 2671 2432 C.
2692 2368 2930 2432 Bruttii
2952 2368 3321 2444 Praesentis

738 2489 867 2531 cos
896 2468 964 2531 Π
993 2490 1051 2535 a.
1081 2469 1203 2532 180
1231 2469 1341 2531 vit.
1380 2468 1607 2532 Marci
1629 2474 1737 2545 27,
1763 2472 1808 2532 8
1836 2469 1919 2551 ef.
1954 2471 2049 2533 tit.
2069 2471 2288 2552 patris
2308 2469 2382 2534 X
2405 2474 2532 2535 408
2561 2475 2622 2535 et
2647 2491 2850 2553 supra
2877 2492 2938 2535 n.
2966 2475 3106 2537 141.
3153 2470 3320 2536 Cum

735 2567 975 2634 bellum
1008 2569 1560 2634 Marcomanicum
1583 2569 1800 2635 denuo
1835 2573 2199 2656 exarsisset,
2228 2572 2489 2636 Marcus
2520 2573 2929 2658 profecturus
2964 2596 3106 2638 eam
3131 2573 3318 2640 Com·

734 2671 923 2736 modo
949 2672 1082 2737 filio
1108 2672 1385 2737 celerius
1410 2695 1604 2759 quam
1628 2671 1926 2738 voluerat
1954 2676 2020 2737 in
2053 2677 2536 2740 matrimonium
2572 2674 2916 2740 collocavit
2937 2676 3069 2740 Dio
3099 2682 3195 2754 71,
3217 2681 3316 2754 33,

733 2776 841 2840 vit.
877 2775 1105 2839 Marci
1145 2775 1184 2841 l.
1226 2775 1267 2839 l.
1317 2796 1482 2839 anno
1528 2777 1725 2858 iyitur
1755 2780 1896 2853 178,
1941 2798 2070 2841 non
2112 2782 2240 2841 177
2277 2783 2348 2842 ut
2389 2778 2586 2842 voluit
2612 2778 2856 2843 Eckhel
2900 2778 3043 2845 VII
3059 2802 3134 2862 p.
3167 2784 3323 2856 107,-

734 2898 930 2959 neque
973 2876 1075 2940 illi
1119 2897 1288 2940 anno
1332 2876 1751 2942 adversantur
1791 2879 2035 2942 nummi
2071 2877 2409 2961 Crispinae
2444 2883 2503 2943 et
2548 2879 2876 2944 Commodi
2910 2879 3123 2945 Cohen
3158 2882 3289 2946 III
3294 2880 3320 2917 ⁹

730 3000 805 3061 p.
837 2983 966 3043 388
993 2999 1104 3061 sq„
1150 2979 1265 3043 ubi
1303 2978 1676 3044 Commodus
1722 2980 1957 3044 dieitur
1999 2982 2159 3066 Imp.
2193 2980 2587 3046 Commodus
2623 2980 2795 3066 Aug.
2830 2984 3053 3050 Germ.
3094 2984 3322 3066 Sarm.,

736 3086 795 3145 et
841 3081 1319 3164 adstipulantur
1361 3084 1607 3146 nummi
1636 3082 2073 3148 Alexandrini
2110 3083 2448 3167 Crispinae
2492 3086 2575 3167 (v.
2609 3086 2815 3172 infra)
2860 3086 2971 3167 qui
3011 3087 3326 3168 incipiunt

739 3186 819 3249 ab
866 3206 927 3249 a.
970 3205 1136 3250 nono
1181 3184 1415 3249 decimo
1463 3185 1696 3250 Marci
1736 3186 1808 3250 id
1859 3190 1952 3251 est
1995 3208 2054 3252 a.
2101 3188 2388 3251 178s179.
2472 3186 2633 3252 Inde
2679 3186 2983 3272 Crispina
3026 3186 3326 3269 Augusta

750 3286 934 3353 VIII
978 3292 1164 3371 2366,
1241 3286 1425 3353 VIII
1468 3287 1538 3354 S.
1584 3293 1805 3366 16530,
1854 3290 2106 3372 passim
2172 3290 2240 3354 in
2300 3290 2575 3354 nummis
2632 3289 2841 3355 Cohen
2887 3310 2960 3371 p.
3011 3293 3143 3356 382
3189 3310 3321 3372 sqq.

734 3389 1062 3455 Adulterii
1122 3389 1493 3456 insimulata
1550 3392 1618 3455 in
1663 3390 1950 3478 Capreas
2011 3391 2286 3457 insulam
2347 3392 2649 3475 relegata,
2703 3392 2940 3457 deinde
2986 3393 3326 3457 interfecta

740 3503 840 3557 est
880 3492 1014 3559 Dio
1059 3497 1160 3570 72,
1207 3498 1265 3560 4.
1311 3530 1397 3540 -
1445 3494 1849 3558 Memoratur
1891 3494 2248 3560 Herodian.
2291 3501 2348 3572 1,
2392 3499 2451 3579 8,
2498 3500 2556 3560 4.

863 3595 1241 3679 Releyatam
1281 3615 1410 3661 esse
1449 3618 1588 3661 eam
1625 3595 1835 3661 eodem
1878 3598 2014 3679 fere
2060 3602 2349 3680 tempore,
2390 3618 2513 3679 quo
2545 3597 2901 3662 coniuratio
2932 3596 3220 3663 Lucillae
3263 3602 3324 3661 et

743 3697 1043 3764 meidii
1079 3698 1404 3780 Quadrati
1433 3700 1777 3782 patefacta
1808 3704 1916 3776 est,
1950 3721 2028 3764 eoe
2053 3698 2266 3765 Dione
2298 3704 2584 3783 apparet.
2651 3699 3041 3765 Aceuratius
3084 3701 3327 3765 nummi

728 3801 1167 3867 Aleoeandrini
1195 3800 1529 3884 Crispinae
1561 3806 1798 3884 temffles
1829 3801 2139 3885 definiunt
2178 3822 2378 3867 annos
2405 3803 2743 3885 inscriptos
2771 3802 3070 3869 habentes
3102 3804 3327 3868 Marci

728 3926 966 3969 nonum
996 3904 1303 3969 decimum
1330 3924 1524 3985 usque
1569 3904 1658 3969 ad
1696 3905 2058 3969 vicesimum
2101 3905 2434 3970 seeundum
2465 3906 2575 3988 (Ξ
2604 3904 2936 3987 1811’182),·
2977 3927 3130 3971 nam
3158 3905 3325 3988 quod

732 4007 807 4072 de
865 4007 981 4072 hoc
1037 4008 1260 4072 ultimo
1318 4006 1723 4071 dubitaverat
1778 4027 1899 4071 von
1956 4007 2192 4085 Sallet,
2260 4007 2480 4072 Daten
2540 4008 2651 4072 der
2707 4008 3322 4073 Aleoeandrinischen

731 4110 1239 4174 Kaisermunzm
1271 4130 1343 4191 p.
1375 4115 1480 4186 42,
1541 4113 1779 4174 eertum
1837 4131 2051 4192 exemp
2059 4109 2187 4174 lum
2229 4133 2304 4174 ea
2347 4130 2556 4174 museo
2599 4110 2985 4175 Britannico
3027 4111 3320 4187 innotuit,

730 4211 1022 4294 Cataloy.
1063 4211 1472 4276 Alexandria
1496 4233 1569 4295 p.
1600 4217 1724 4276 180
1767 4234 1830 4280 n.
1863 4218 2046 4280 1417.
2118 4213 2348 4296 Itaque
2393 4210 2695 4295 (hispina
2740 4235 2801 4277 a.
2847 4216 2977 4279 182
3021 4214 3176 4279 aula
3217 4233 3321 4278 ea:-

720 4314 922 4397 pulsa
968 4318 1076 4379 est.

607 4417 730 4482 146
776 4417 1038 4497 BrutuS,
1090 4417 1336 4480 amicus
1382 4414 1619 4497 Ovidii,
1669 4416 1749 4480 ad
1796 4439 1990 4503 quem
2042 4419 2300 4502 scripsit
2340 4439 2418 4482 ex
2459 4416 2664 4483 Ponto
2708 4422 2768 4495 1,
2813 4423 2889 4496 1,·
2927 4421 2989 4495 3,
3034 4421 3111 4496 9,·
3152 4422 3212 4495 4,
3247 4420 3324 4495 6,·

730 4518 1009 4582 Brutum
1063 4519 1133 4581 in
1193 4519 1404 4613 causis
1464 4518 1727 4600 ayendis
1769 4524 2088 4584 versatum
2133 4540 2261 4584 esse
2305 4525 2576 4602 apparet
2619 4541 2694 4585 ea:
2736 4525 2794 4597 4,
2843 4525 2901 4584 6.
2947 4524 3033 4585 29
3060 4540 3188 4601 sqq.
3237 4556 3316 4606 ἡ

728 4620 1028 4685 Absurde
1071 4620 1332 4701 quidam
1373 4619 1537 4707 hunc
1567 4620 1848 4685 Brutum
1878 4622 2136 4687 eundem
2167 4642 2294 4686 esse
2323 4627 2680 4687 statuerunt
2708 4627 2895 4704 atque
2927 4623 3024 4688 M.
3057 4623 3322 4687 Iunium

729 4723 1031 4789 Silanum
1078 4742 1203 4787 008.
1250 4743 1310 4789 a.
1347 4726 1428 4788 15
1459 4744 1532 4806 p.
1577 4721 1685 4802 0.‚·
1728 4726 2004 4809 eoyitari
2031 4729 2248 4809 potest
2291 4725 2367 4790 de
2407 4725 2747 4790 Bruttedio
2789 4725 3018 4790 Bruto.

617 4863 705 4873 —
768 4824 1151 4891 Bruttedius
1196 4825 1456 4890 Brutus.

603 4928 723 4994 147
768 4928 1185 5013 Bryonianus
1217 4925 1552 4992 Lollianus
1584 4928 1845 5011 publice
1873 4929 2223 4995 honoratus
2250 4933 2291 4993 t.
2326 4929 2526 4995 Sidae
2553 4930 2624 4994 in
2657 4928 3042 5012 Pamphylia
3069 4933 3320 5011 reperto

726 5031 1225 5107 Lanekororlski,
1289 5030 1517 5095 Stadte
1560 5030 2015 5114 Pamphyliens
2055 5031 2192 5097 und
2233 5030 2557 5096 Pisidiens
2600 5033 2650 5096 Ι
2670 5054 2743 5114 p.
2783 5035 2902 5096 185
2944 5052 3007 5098 n.
3038 5036 3168 5096 107
3205 5032 3318 5115 (1),

721 5135 838 5198 ubi
894 5134 1177 5198 traditur
1242 5131 1607 5218 Βριωνιανὸν
1667 5133 2000 5200 Λολλιανὸν
2060 5134 2185 5217 τ[ὸν
2248 5133 2576 5219 κράτιστον]
2651 5137 3033 5220 δουκηνάριον
3099 5159 3322 5219 πρειμι-
