<?xml version="1.0" encoding="UTF-8"?>
<!DOCTYPE html PUBLIC "-//W3C//DTD XHTML 1.0 Transitional//EN"
    "http://www.w3.org/TR/xhtml1/DTD/xhtml1-transitional.dtd">
<html xmlns="http://www.w3.org/1999/xhtml" xml:lang="en" lang="en">
 <head>
  <title>
</title>
<meta http-equiv="Content-Type" content="text/html;charset=utf-8" />
  <meta name='ocr-system' content='tesseract 3.04.00' />
  <meta name='ocr-capabilities' content='ocr_page ocr_carea ocr_par ocr_line ocrx_word'/>
</head>
<body>
  <div class='ocr_page' id='page_1' title='image "./prosopographiai01dessgoog_0367.png"; bbox 0 0 3859 5992; ppageno 0'>
   <div class='ocr_carea' id='block_1_1' title="bbox 617 563 3326 630">
    <p class='ocr_par' dir='ltr' id='par_1_1' title="bbox 617 563 3326 630">
     <span class='ocr_line' id='line_1_1' title="bbox 617 563 3326 630; baseline 0.001 -5"><span class='ocrx_word' id='word_1_1' title='bbox 617 566 984 626; x_wconf 81' lang='lat' dir='ltr'><em>cLAvmvs</em></span> <span class='ocrx_word' id='word_1_2' title='bbox 1906 563 2034 630; x_wconf 82' lang='lat'><em>349</em></span> <span class='ocrx_word' id='word_1_3' title='bbox 2956 570 3326 629; x_wconf 80' lang='lat' dir='ltr'><em>cLAvmvs</em></span> 
     </span>
    </p>
   </div>
   <div class='ocr_carea' id='block_1_2' title="bbox 691 668 860 676">
    <p class='ocr_par' dir='ltr' id='par_1_2' title="bbox 691 668 860 676">
     <span class='ocr_line' id='line_1_2' title="bbox 691 668 860 676; baseline 0 0"><span class='ocrx_word' id='word_1_4' title='bbox 691 668 860 676; x_wconf 95' lang='lat' dir='ltr'><em> </em></span> 
     </span>
    </p>
   </div>
   <div class='ocr_carea' id='block_1_3' title="bbox 599 767 3328 3733">
    <p class='ocr_par' dir='ltr' id='par_1_3' title="bbox 740 767 3328 1063">
     <span class='ocr_line' id='line_1_3' title="bbox 740 767 3328 854; baseline 0.002 -24"><span class='ocrx_word' id='word_1_5' title='bbox 740 767 1077 833; x_wconf 73' lang='lat' dir='ltr'><em>indulsisse</em></span> <span class='ocrx_word' id='word_1_6' title='bbox 1122 791 1198 833; x_wconf 67' lang='grc' dir='ltr'><em>ατ</em></span> <span class='ocrx_word' id='word_1_7' title='bbox 1235 770 1440 834; x_wconf 78' lang='lat' dir='ltr'><em>titulis</em></span> <span class='ocrx_word' id='word_1_8' title='bbox 1469 769 1854 853; x_wconf 77' lang='lat' dir='ltr'><em>dispicimus,</em></span> <span class='ocrx_word' id='word_1_9' title='bbox 1902 774 1960 835; x_wconf 82' lang='lat' dir='ltr'><em>et</em></span> <span class='ocrx_word' id='word_1_10' title='bbox 2004 770 2138 853; x_wconf 79' lang='lat' dir='ltr'><em>ipse</em></span> <span class='ocrx_word' id='word_1_11' title='bbox 2180 772 2252 835; x_wconf 89' lang='lat' dir='ltr'><em>in</em></span> <span class='ocrx_word' id='word_1_12' title='bbox 2292 772 2653 836; x_wconf 83' lang='lat' dir='ltr'><em>nominibus</em></span> <span class='ocrx_word' id='word_1_13' title='bbox 2696 768 3136 854; x_wconf 73' lang='lat' dir='ltr'><em>componendis</em></span> <span class='ocrx_word' id='word_1_14' title='bbox 3174 790 3328 836; x_wconf 84' lang='lat' dir='ltr'><em>usus</em></span> 
     </span>
     <span class='ocr_line' id='line_1_4' title="bbox 741 872 2676 957; baseline 0.002 -23"><span class='ocrx_word' id='word_1_15' title='bbox 741 890 886 935; x_wconf 88' lang='lat' dir='ltr'><em>esse.</em></span> <span class='ocrx_word' id='word_1_16' title='bbox 935 909 1016 917; x_wconf 90' lang='lat'>—</span> <span class='ocrx_word' id='word_1_17' title='bbox 1062 872 1320 938; x_wconf 86' lang='lat' dir='ltr'><em>Atticus</em></span> <span class='ocrx_word' id='word_1_18' title='bbox 1366 873 1542 955; x_wconf 76' lang='lat' dir='ltr'><em>apud</em></span> <span class='ocrx_word' id='word_1_19' title='bbox 1584 872 1969 937; x_wconf 77' lang='lat' dir='ltr'><em>Philostrat.</em></span> <span class='ocrx_word' id='word_1_20' title='bbox 2015 875 2123 939; x_wconf 82' lang='lat' dir='ltr'><em>vit.</em></span> <span class='ocrx_word' id='word_1_21' title='bbox 2168 873 2344 957; x_wconf 76' lang='lat' dir='ltr'><em>soph.</em></span> <span class='ocrx_word' id='word_1_22' title='bbox 2376 879 2441 951; x_wconf 91' lang='grc'><em>2,</em></span> <span class='ocrx_word' id='word_1_23' title='bbox 2476 881 2531 952; x_wconf 89' lang='grc'><em>1,</em></span> <span class='ocrx_word' id='word_1_24' title='bbox 2562 878 2676 940; x_wconf 90' lang='grc'><em>22.</em></span> 
     </span>
     <span class='ocr_line' id='line_1_5' title="bbox 868 973 3323 1063; baseline 0 -26"><span class='ocrx_word' id='word_1_25' title='bbox 868 973 1076 1039; x_wconf 88' lang='lat' dir='ltr'><em>Filius</em></span> <span class='ocrx_word' id='word_1_26' title='bbox 1129 975 1233 1041; x_wconf 87' lang='lat' dir='ltr'><em>Ti.</em></span> <span class='ocrx_word' id='word_1_27' title='bbox 1284 974 1544 1041; x_wconf 83' lang='lat' dir='ltr'>Claudii</span> <span class='ocrx_word' id='word_1_28' title='bbox 1603 976 1806 1042; x_wconf 81' lang='lat' dir='ltr'><em>Attici</em></span> <span class='ocrx_word' id='word_1_29' title='bbox 1863 976 2149 1041; x_wconf 88' lang='lat' dir='ltr'><em>Herodis</em></span> <span class='ocrx_word' id='word_1_30' title='bbox 2210 976 2535 1063; x_wconf 79' lang='lat' dir='ltr'><em>sophistae</em></span> <span class='ocrx_word' id='word_1_31' title='bbox 2591 987 2655 1040; x_wconf 89' lang='lat' dir='ltr'><em>et</em></span> <span class='ocrx_word' id='word_1_32' title='bbox 2715 977 2971 1041; x_wconf 78' lang='lat' dir='ltr'><strong>Anniae</strong></span> <span class='ocrx_word' id='word_1_33' title='bbox 3033 973 3323 1058; x_wconf 87' lang='lat' dir='ltr'><em>Regillae</em></span> 
     </span>
    </p>

    <p class='ocr_par' dir='ltr' id='par_1_4' title="bbox 726 1076 3326 3516">
     <span class='ocr_line' id='line_1_6' title="bbox 740 1076 3325 1161; baseline 0.002 -22"><span class='ocrx_word' id='word_1_34' title='bbox 740 1080 781 1140; x_wconf 87' lang='lat' dir='ltr'><em>t.</em></span> <span class='ocrx_word' id='word_1_35' title='bbox 825 1081 889 1153; x_wconf 83' lang='lat'><em>2,</em></span> <span class='ocrx_word' id='word_1_36' title='bbox 947 1077 1229 1160; x_wconf 77' lang='lat' dir='ltr'><em>filiorum</em></span> <span class='ocrx_word' id='word_1_37' title='bbox 1274 1077 1538 1142; x_wconf 79' lang='lat' dir='ltr'><em>duorum</em></span> <span class='ocrx_word' id='word_1_38' title='bbox 1583 1076 1690 1159; x_wconf 84' lang='lat' dir='ltr'><em>(ef.</em></span> <span class='ocrx_word' id='word_1_39' title='bbox 1736 1080 1919 1161; x_wconf 80' lang='lat' dir='ltr'><em>infra</em></span> <span class='ocrx_word' id='word_1_40' title='bbox 1960 1101 2022 1146; x_wconf 90' lang='lat' dir='ltr'><em>n.</em></span> <span class='ocrx_word' id='word_1_41' title='bbox 2060 1084 2202 1161; x_wconf 84' lang='lat'><em>655)</em></span> <span class='ocrx_word' id='word_1_42' title='bbox 2253 1083 2412 1144; x_wconf 77' lang='lat' dir='ltr'><em>natu</em></span> <span class='ocrx_word' id='word_1_43' title='bbox 2456 1080 2682 1155; x_wconf 84' lang='lat' dir='ltr'><em>maior,</em></span> <span class='ocrx_word' id='word_1_44' title='bbox 2728 1084 2801 1143; x_wconf 81' lang='lat' dir='ltr'><em>ut</em></span> <span class='ocrx_word' id='word_1_45' title='bbox 2847 1101 2923 1144; x_wconf 70' lang='lat' dir='ltr'><em>ea:</em></span> <span class='ocrx_word' id='word_1_46' title='bbox 2962 1081 3325 1146; x_wconf 81' lang='lat' dir='ltr'><em>nominibus</em></span> 
     </span>
     <span class='ocr_line' id='line_1_7' title="bbox 738 1179 3326 1264; baseline 0.003 -24"><span class='ocrx_word' id='word_1_47' title='bbox 738 1185 1026 1260; x_wconf 76' lang='lat' dir='ltr'><em>apparet.</em></span> <span class='ocrx_word' id='word_1_48' title='bbox 1073 1179 1540 1264; x_wconf 86' lang='lat' dir='ltr'><em>Marathonius,</em></span> <span class='ocrx_word' id='word_1_49' title='bbox 1574 1181 1646 1246; x_wconf 80' lang='lat' dir='ltr'><em>id</em></span> <span class='ocrx_word' id='word_1_50' title='bbox 1670 1185 1760 1245; x_wconf 75' lang='lat' dir='ltr'><em>est</em></span> <span class='ocrx_word' id='word_1_51' title='bbox 1789 1204 1821 1245; x_wconf 90' lang='lat' dir='ltr'><em>e</em></span> <span class='ocrx_word' id='word_1_52' title='bbox 1850 1181 2025 1246; x_wconf 82' lang='lat' dir='ltr'><em>demo</em></span> <span class='ocrx_word' id='word_1_53' title='bbox 2055 1181 2535 1246; x_wconf 78' lang='lat' dir='ltr'><em>Atheniensium</em></span> <span class='ocrx_word' id='word_1_54' title='bbox 2567 1180 2987 1247; x_wconf 71' lang='lat' dir='ltr'><em>Marathonio</em></span> <span class='ocrx_word' id='word_1_55' title='bbox 3020 1183 3326 1248; x_wconf 82' lang='lat' dir='ltr'><em>oriundus</em></span> 
     </span>
     <span class='ocr_line' id='line_1_8' title="bbox 739 1281 3322 1370; baseline 0.002 -27"><span class='ocrx_word' id='word_1_56' title='bbox 739 1285 780 1344; x_wconf 81' lang='lat' dir='ltr'><em>t.</em></span> <span class='ocrx_word' id='word_1_57' title='bbox 811 1286 876 1348; x_wconf 89' lang='grc'><em>2.</em></span> <span class='ocrx_word' id='word_1_58' title='bbox 908 1286 968 1348; x_wconf 86' lang='grc'><em>3.</em></span> <span class='ocrx_word' id='word_1_59' title='bbox 1044 1281 1268 1346; x_wconf 78' lang='lat' dir='ltr'>Infans</span> <span class='ocrx_word' id='word_1_60' title='bbox 1301 1281 1541 1348; x_wconf 90' lang='lat' dir='ltr'><em>dicitur</em></span> <span class='ocrx_word' id='word_1_61' title='bbox 1570 1305 1698 1369; x_wconf 90' lang='lat' dir='ltr'><em>quo</em></span> <span class='ocrx_word' id='word_1_62' title='bbox 1730 1295 2020 1369; x_wconf 85' lang='lat' dir='ltr'><em>tempore</em></span> <span class='ocrx_word' id='word_1_63' title='bbox 2049 1296 2256 1348; x_wconf 88' lang='lat' dir='ltr'><em>mater</em></span> <span class='ocrx_word' id='word_1_64' title='bbox 2285 1295 2541 1348; x_wconf 90' lang='lat' dir='ltr'><em>mortua</em></span> <span class='ocrx_word' id='word_1_65' title='bbox 2569 1294 2667 1349; x_wconf 90' lang='lat' dir='ltr'><em>est</em></span> <span class='ocrx_word' id='word_1_66' title='bbox 2696 1284 2791 1367; x_wconf 86' lang='lat' dir='ltr'><em>(id</em></span> <span class='ocrx_word' id='word_1_67' title='bbox 2818 1290 2907 1349; x_wconf 79' lang='lat' dir='ltr'><em>est</em></span> <span class='ocrx_word' id='word_1_68' title='bbox 2939 1306 2999 1349; x_wconf 90' lang='grc' dir='ltr'><em>α.</em></span> <span class='ocrx_word' id='word_1_69' title='bbox 3030 1284 3322 1370; x_wconf 77' lang='grc'><em>1601161)</em></span> 
     </span>
     <span class='ocr_line' id='line_1_9' title="bbox 737 1385 3325 1475; baseline 0.003 -29"><span class='ocrx_word' id='word_1_70' title='bbox 737 1388 779 1447; x_wconf 80' lang='lat' dir='ltr'><em>t.</em></span> <span class='ocrx_word' id='word_1_71' title='bbox 810 1389 851 1447; x_wconf 81' lang='lat'><em>4</em></span> <span class='ocrx_word' id='word_1_72' title='bbox 893 1405 947 1448; x_wconf 89' lang='lat' dir='ltr'><em>v.</em></span> <span class='ocrx_word' id='word_1_73' title='bbox 978 1388 1058 1449; x_wconf 88' lang='lat'><em>15</em></span> <span class='ocrx_word' id='word_1_74' title='bbox 1083 1405 1174 1467; x_wconf 76' lang='lat' dir='ltr'><em>sq.</em></span> <span class='ocrx_word' id='word_1_75' title='bbox 1215 1389 1356 1451; x_wconf 82' lang='grc' dir='ltr'>δοιὼ</span> <span class='ocrx_word' id='word_1_76' title='bbox 1406 1385 1459 1451; x_wconf 79' lang='grc' dir='ltr'><em>δ’</em></span> <span class='ocrx_word' id='word_1_77' title='bbox 1483 1386 1566 1452; x_wconf 84' lang='grc' dir='ltr'><em>ἔτι</em></span> <span class='ocrx_word' id='word_1_78' title='bbox 1610 1390 1783 1452; x_wconf 81' lang='grc' dir='ltr'>παῖδε</span> <span class='ocrx_word' id='word_1_79' title='bbox 1821 1387 2112 1472; x_wconf 57' lang='lat' dir='ltr'><em>nussim</em></span> <span class='ocrx_word' id='word_1_80' title='bbox 2162 1390 2457 1473; x_wconf 81' lang='grc' dir='ltr'><em>νηπιάχω,</em></span> <span class='ocrx_word' id='word_1_81' title='bbox 2508 1389 2737 1473; x_wconf 76' lang='grc' dir='ltr'>ἀγνῶτε</span> <span class='ocrx_word' id='word_1_82' title='bbox 2779 1396 3000 1467; x_wconf 83' lang='grc' dir='ltr'>κακῶν,</span> <span class='ocrx_word' id='word_1_83' title='bbox 3047 1387 3129 1453; x_wconf 85' lang='grc' dir='ltr'><em>ἔτι</em></span> <span class='ocrx_word' id='word_1_84' title='bbox 3173 1392 3325 1475; x_wconf 79' lang='grc' dir='ltr'>ποίμ-</span> 
     </span>
     <span class='ocr_line' id='line_1_10' title="bbox 735 1488 3321 1573; baseline 0.003 -25"><span class='ocrx_word' id='word_1_85' title='bbox 735 1511 849 1551; x_wconf 84' lang='grc' dir='ltr'><em>παν</em></span> <span class='ocrx_word' id='word_1_86' title='bbox 883 1488 1126 1553; x_wconf 78' lang='grc' dir='ltr'>ἀπόστω</span> <span class='ocrx_word' id='word_1_87' title='bbox 1160 1495 1284 1554; x_wconf 88' lang='grc' dir='ltr'><strong>κτλ.</strong></span> <span class='ocrx_word' id='word_1_88' title='bbox 1376 1488 1532 1573; x_wconf 79' lang='lat' dir='ltr'><em>(Sed</em></span> <span class='ocrx_word' id='word_1_89' title='bbox 1573 1489 1726 1553; x_wconf 76' lang='lat' dir='ltr'><em>haee</em></span> <span class='ocrx_word' id='word_1_90' title='bbox 1772 1510 1815 1552; x_wconf 84' lang='lat' dir='ltr'><em>a</em></span> <span class='ocrx_word' id='word_1_91' title='bbox 1845 1494 2043 1571; x_wconf 79' lang='lat' dir='ltr'><em>poeta</em></span> <span class='ocrx_word' id='word_1_92' title='bbox 2091 1511 2176 1553; x_wconf 77' lang='lat' dir='ltr'><em>an</em></span> <span class='ocrx_word' id='word_1_93' title='bbox 2218 1490 2427 1553; x_wconf 75' lang='lat' dir='ltr'><em>minus</em></span> <span class='ocrx_word' id='word_1_94' title='bbox 2473 1494 2768 1553; x_wconf 76' lang='lat' dir='ltr'><em>accurate</em></span> <span class='ocrx_word' id='word_1_95' title='bbox 2812 1494 2975 1555; x_wconf 81' lang='lat' dir='ltr'><em>certe</em></span> <span class='ocrx_word' id='word_1_96' title='bbox 3009 1490 3084 1555; x_wconf 84' lang='lat' dir='ltr'><em>de</em></span> <span class='ocrx_word' id='word_1_97' title='bbox 3113 1511 3321 1572; x_wconf 76' lang='lat' dir='ltr'><em>puero</em></span> 
     </span>
     <span class='ocr_line' id='line_1_11' title="bbox 734 1587 3324 1676; baseline 0.002 -26"><span class='ocrx_word' id='word_1_98' title='bbox 734 1587 906 1653; x_wconf 83' lang='lat' dir='ltr'><em>dieta</em></span> <span class='ocrx_word' id='word_1_99' title='bbox 935 1592 1080 1666; x_wconf 82' lang='lat' dir='ltr'><em>sint,</em></span> <span class='ocrx_word' id='word_1_100' title='bbox 1127 1590 1418 1655; x_wconf 77' lang='lat' dir='ltr'><em>dubitari</em></span> <span class='ocrx_word' id='word_1_101' title='bbox 1432 1596 1679 1673; x_wconf 75' lang='lat' dir='ltr'><em>potest‚·</em></span> <span class='ocrx_word' id='word_1_102' title='bbox 1721 1612 1872 1655; x_wconf 83' lang='lat' dir='ltr'><em>nam</em></span> <span class='ocrx_word' id='word_1_103' title='bbox 1903 1593 1973 1656; x_wconf 82' lang='lat' dir='ltr'><em>in</em></span> <span class='ocrx_word' id='word_1_104' title='bbox 2002 1612 2199 1656; x_wconf 80' lang='lat' dir='ltr'><em>eausa</em></span> <span class='ocrx_word' id='word_1_105' title='bbox 2223 1592 2606 1675; x_wconf 77' lang='lat' dir='ltr'><em>yravisse&#39;ma</em></span> <span class='ocrx_word' id='word_1_106' title='bbox 2631 1613 2822 1674; x_wconf 78' lang='lat' dir='ltr'><em>quam</em></span> <span class='ocrx_word' id='word_1_107' title='bbox 2856 1591 2979 1657; x_wconf 81' lang='lat' dir='ltr'><em>Pio</em></span> <span class='ocrx_word' id='word_1_108' title='bbox 3022 1598 3324 1676; x_wconf 62' lang='lat' dir='ltr'><em>regma-nte</em></span> 
     </span>
     <span class='ocr_line' id='line_1_12' title="bbox 735 1691 3326 1779; baseline 0.003 -26"><span class='ocrx_word' id='word_1_109' title='bbox 735 1696 956 1755; x_wconf 82' lang='lat' dir='ltr'><em>eontra</em></span> <span class='ocrx_word' id='word_1_110' title='bbox 1001 1692 1314 1757; x_wconf 78' lang='lat' dir='ltr'><em>Herodem</em></span> <span class='ocrx_word' id='word_1_111' title='bbox 1352 1691 1682 1757; x_wconf 83' lang='lat' dir='ltr'><em>Cornelius</em></span> <span class='ocrx_word' id='word_1_112' title='bbox 1710 1693 1964 1758; x_wconf 80' lang='lat' dir='ltr'><em>Fronto</em></span> <span class='ocrx_word' id='word_1_113' title='bbox 2006 1694 2131 1777; x_wconf 72' lang='lat' dir='ltr'><em>eyit</em></span> <span class='ocrx_word' id='word_1_114' title='bbox 2175 1694 2338 1777; x_wconf 81' lang='lat' dir='ltr'><em>(vide</em></span> <span class='ocrx_word' id='word_1_115' title='bbox 2382 1695 2565 1775; x_wconf 82' lang='lat' dir='ltr'><em>infra</em></span> <span class='ocrx_word' id='word_1_116' title='bbox 2604 1695 2674 1757; x_wconf 76' lang='lat' dir='ltr'><em>in</em></span> <span class='ocrx_word' id='word_1_117' title='bbox 2708 1699 2944 1779; x_wconf 75' lang='lat' dir='ltr'><em>pat-re),</em></span> <span class='ocrx_word' id='word_1_118' title='bbox 2992 1697 3050 1758; x_wconf 89' lang='lat' dir='ltr'><em>ei</em></span> <span class='ocrx_word' id='word_1_119' title='bbox 3087 1695 3326 1760; x_wconf 83' lang='lat' dir='ltr'><em>‘dicen-</em></span> 
     </span>
     <span class='ocr_line' id='line_1_13' title="bbox 729 1792 3323 1881; baseline 0.002 -24"><span class='ocrx_word' id='word_1_120' title='bbox 729 1792 882 1857; x_wconf 86' lang='lat' dir='ltr'><em>dum</em></span> <span class='ocrx_word' id='word_1_121' title='bbox 938 1795 1135 1877; x_wconf 74' lang='lat' dir='ltr'><em>(erat)</em></span> <span class='ocrx_word' id='word_1_122' title='bbox 1179 1795 1260 1859; x_wconf 87' lang='lat' dir='ltr'><em>de</em></span> <span class='ocrx_word' id='word_1_123' title='bbox 1306 1794 1436 1859; x_wconf 87' lang='lat' dir='ltr'><em>filio</em></span> <span class='ocrx_word' id='word_1_124' title='bbox 1493 1797 1689 1881; x_wconf 90' lang='lat' dir='ltr'><em>impio</em></span> <span class='ocrx_word' id='word_1_125' title='bbox 1751 1806 1815 1860; x_wconf 91' lang='lat' dir='ltr'><em>et</em></span> <span class='ocrx_word' id='word_1_126' title='bbox 1858 1808 2275 1880; x_wconf 86' lang='lat' dir='ltr'><em>paternarum</em></span> <span class='ocrx_word' id='word_1_127' title='bbox 2326 1818 2589 1880; x_wconf 86' lang='lat' dir='ltr'><em>precum</em></span> <span class='ocrx_word' id='word_1_128' title='bbox 2634 1798 3024 1862; x_wconf 84' lang='lat' dir='ltr'><em>immemore‘</em></span> <span class='ocrx_word' id='word_1_129' title='bbox 3073 1797 3323 1863; x_wconf 82' lang='lat' dir='ltr'><em>Fronto</em></span> 
     </span>
     <span class='ocr_line' id='line_1_14' title="bbox 731 1897 3321 1981; baseline 0.002 -23"><span class='ocrx_word' id='word_1_130' title='bbox 731 1918 803 1977; x_wconf 75' lang='lat'><em>1²·</em></span> <span class='ocrx_word' id='word_1_131' title='bbox 835 1902 925 1962; x_wconf 77' lang='grc'><em>42</em></span> <span class='ocrx_word' id='word_1_132' title='bbox 954 1897 1047 1964; x_wconf 87' lang='lat' dir='ltr'><em>ed.</em></span> <span class='ocrx_word' id='word_1_133' title='bbox 1084 1898 1327 1973; x_wconf 62' lang='lat' dir='ltr'><em>Nam,</em></span> <span class='ocrx_word' id='word_1_134' title='bbox 1374 1920 1534 1979; x_wconf 77' lang='lat' dir='ltr'><em>quae</em></span> <span class='ocrx_word' id='word_1_135' title='bbox 1575 1899 1766 1963; x_wconf 78' lang='lat' dir='ltr'><em>rerba</em></span> <span class='ocrx_word' id='word_1_136' title='bbox 1809 1904 1880 1962; x_wconf 74' lang='lat' dir='ltr'><em>ut</em></span> <span class='ocrx_word' id='word_1_137' title='bbox 1923 1898 1999 1962; x_wconf 84' lang='lat' dir='ltr'><em>de</em></span> <span class='ocrx_word' id='word_1_138' title='bbox 2041 1898 2179 1981; x_wconf 75' lang='lat' dir='ltr'><em>filio</em></span> <span class='ocrx_word' id='word_1_139' title='bbox 2212 1899 2489 1963; x_wconf 80' lang='lat' dir='ltr'><em>Herodis</em></span> <span class='ocrx_word' id='word_1_140' title='bbox 2531 1897 2949 1980; x_wconf 69' lang='lat' dir='ltr'><em>intelleyenda</em></span> <span class='ocrx_word' id='word_1_141' title='bbox 2991 1901 3137 1976; x_wconf 81' lang='lat' dir='ltr'><em>sint,</em></span> <span class='ocrx_word' id='word_1_142' title='bbox 3183 1921 3321 1965; x_wconf 81' lang='lat' dir='ltr'><em>cum</em></span> 
     </span>
     <span class='ocr_line' id='line_1_15' title="bbox 734 1999 3322 2082; baseline 0.002 -21"><span class='ocrx_word' id='word_1_143' title='bbox 734 1999 821 2061; x_wconf 82' lang='lat' dir='ltr'><em>ad</em></span> <span class='ocrx_word' id='word_1_144' title='bbox 871 2004 1152 2063; x_wconf 80' lang='lat' dir='ltr'><em>nostrum</em></span> <span class='ocrx_word' id='word_1_145' title='bbox 1203 2002 1570 2082; x_wconf 72' lang='lat' dir='ltr'><em>pertineant</em></span> <span class='ocrx_word' id='word_1_146' title='bbox 1617 2021 1860 2065; x_wconf 81' lang='lat' dir='ltr'><em>neeesse</em></span> <span class='ocrx_word' id='word_1_147' title='bbox 1918 2002 2029 2077; x_wconf 80' lang='lat' dir='ltr'><em>sit,</em></span> <span class='ocrx_word' id='word_1_148' title='bbox 2101 2001 2318 2065; x_wconf 72' lang='lat' dir='ltr'><em>docent</em></span> <span class='ocrx_word' id='word_1_149' title='bbox 2375 2023 2515 2065; x_wconf 80' lang='lat' dir='ltr'><em>eum</em></span> <span class='ocrx_word' id='word_1_150' title='bbox 2574 2006 2720 2065; x_wconf 79' lang='lat' dir='ltr'><em>ante</em></span> <span class='ocrx_word' id='word_1_151' title='bbox 2776 2007 3037 2066; x_wconf 81' lang='lat' dir='ltr'><em>mortem</em></span> <span class='ocrx_word' id='word_1_152' title='bbox 3093 2005 3322 2067; x_wconf 77' lang='lat' dir='ltr'><em>matris</em></span> 
     </span>
     <span class='ocr_line' id='line_1_16' title="bbox 730 2102 3322 2187; baseline 0.003 -26"><span class='ocrx_word' id='word_1_153' title='bbox 730 2102 1078 2183; x_wconf 72' lang='lat' dir='ltr'><em>infantiam</em></span> <span class='ocrx_word' id='word_1_154' title='bbox 1109 2107 1271 2167; x_wconf 74' lang='lat' dir='ltr'><em>certe</em></span> <span class='ocrx_word' id='word_1_155' title='bbox 1309 2122 1622 2185; x_wconf 71' lang='lat' dir='ltr'><em>eyressum</em></span> <span class='ocrx_word' id='word_1_156' title='bbox 1651 2122 1814 2179; x_wconf 86' lang='lat' dir='ltr'><em>esse,·</em></span> <span class='ocrx_word' id='word_1_157' title='bbox 1855 2123 2235 2184; x_wconf 74' lang='lat' dir='ltr'><em>quamquam</em></span> <span class='ocrx_word' id='word_1_158' title='bbox 2277 2108 2336 2167; x_wconf 78' lang='lat' dir='ltr'><em>et</em></span> <span class='ocrx_word' id='word_1_159' title='bbox 2378 2103 2452 2167; x_wconf 86' lang='lat' dir='ltr'><em>de</em></span> <span class='ocrx_word' id='word_1_160' title='bbox 2495 2103 2749 2167; x_wconf 84' lang='lat' dir='ltr'><em>Herode</em></span> <span class='ocrx_word' id='word_1_161' title='bbox 2788 2105 2927 2186; x_wconf 78' lang='lat' dir='ltr'><em>ipso</em></span> <span class='ocrx_word' id='word_1_162' title='bbox 2977 2105 3322 2187; x_wconf 80' lang='lat' dir='ltr'><em>impietatis</em></span> 
     </span>
     <span class='ocr_line' id='line_1_17' title="bbox 727 2204 3319 2289; baseline 0.003 -24"><span class='ocrx_word' id='word_1_163' title='bbox 727 2205 800 2266; x_wconf 85' lang='lat' dir='ltr'><em>in</em></span> <span class='ocrx_word' id='word_1_164' title='bbox 846 2209 1102 2286; x_wconf 81' lang='lat' dir='ltr'><em>patrem</em></span> <span class='ocrx_word' id='word_1_165' title='bbox 1159 2210 1478 2269; x_wconf 81' lang='lat' dir='ltr'><em>mortuum</em></span> <span class='ocrx_word' id='word_1_166' title='bbox 1535 2204 1904 2269; x_wconf 70' lang='lat' dir='ltr'><em>insimulato</em></span> <span class='ocrx_word' id='word_1_167' title='bbox 1965 2206 2244 2287; x_wconf 70' lang='lat' dir='ltr'><em>eoyitare</em></span> <span class='ocrx_word' id='word_1_168' title='bbox 2304 2205 2448 2270; x_wconf 74' lang='lat' dir='ltr'><em>lieet-</em></span> <span class='ocrx_word' id='word_1_169' title='bbox 2506 2207 2588 2286; x_wconf 78' lang='lat' dir='ltr'><em>es.</em></span> <span class='ocrx_word' id='word_1_170' title='bbox 2638 2205 2940 2272; x_wconf 78' lang='lat' dir='ltr'><em>Philostr.</em></span> <span class='ocrx_word' id='word_1_171' title='bbox 2994 2208 3100 2271; x_wconf 73' lang='lat' dir='ltr'><em>m‘t.</em></span> <span class='ocrx_word' id='word_1_172' title='bbox 3145 2207 3319 2289; x_wconf 76' lang='lat' dir='ltr'><em>soph.</em></span> 
     </span>
     <span class='ocr_line' id='line_1_18' title="bbox 728 2307 3317 2395; baseline 0.001 -24"><span class='ocrx_word' id='word_1_173' title='bbox 728 2310 795 2382; x_wconf 96' lang='grc'><em>2,</em></span> <span class='ocrx_word' id='word_1_174' title='bbox 843 2311 899 2382; x_wconf 93' lang='grc'><em>1,</em></span> <span class='ocrx_word' id='word_1_175' title='bbox 946 2308 1030 2379; x_wconf 90' lang='grc'><em>6.)</em></span> <span class='ocrx_word' id='word_1_176' title='bbox 1120 2307 1331 2373; x_wconf 86' lang='lat' dir='ltr'><em>Matre</em></span> <span class='ocrx_word' id='word_1_177' title='bbox 1380 2319 1638 2371; x_wconf 88' lang='lat' dir='ltr'><em>mortua</em></span> <span class='ocrx_word' id='word_1_178' title='bbox 1691 2309 2040 2392; x_wconf 88' lang='lat' dir='ltr'><em>imperator</em></span> <span class='ocrx_word' id='word_1_179' title='bbox 2099 2308 2256 2372; x_wconf 90' lang='lat' dir='ltr'><em>Pius</em></span> <span class='ocrx_word' id='word_1_180' title='bbox 2315 2330 2460 2372; x_wconf 89' lang='lat' dir='ltr'><em>eum</em></span> <span class='ocrx_word' id='word_1_181' title='bbox 2523 2310 2603 2379; x_wconf 81' lang='grc' dir='ltr'><em>εἰς</em></span> <span class='ocrx_word' id='word_1_182' title='bbox 2660 2310 2795 2379; x_wconf 71' lang='grc' dir='ltr'>τοὺς</span> <span class='ocrx_word' id='word_1_183' title='bbox 2854 2310 3204 2395; x_wconf 80' lang='grc' dir='ltr'>εὐπατρίδας</span> <span class='ocrx_word' id='word_1_184' title='bbox 3255 2310 3317 2374; x_wconf 84' lang='grc' dir='ltr'><em>ἐν</em></span> 
     </span>
     <span class='ocr_line' id='line_1_19' title="bbox 732 2407 3320 2496; baseline 0.001 -24"><span class='ocrx_word' id='word_1_185' title='bbox 732 2407 945 2495; x_wconf 78' lang='grc' dir='ltr'>Ῥώμῃ</span> <span class='ocrx_word' id='word_1_186' title='bbox 992 2410 1314 2495; x_wconf 72' lang='grc' dir='ltr'>ἐνέγραψεν</span> <span class='ocrx_word' id='word_1_187' title='bbox 1362 2412 1629 2495; x_wconf 71' lang='grc' dir='ltr'>ἁνεγκὼν</span> <span class='ocrx_word' id='word_1_188' title='bbox 1685 2411 1766 2480; x_wconf 75' lang='grc' dir='ltr'><em>εἰς</em></span> <span class='ocrx_word' id='word_1_189' title='bbox 1815 2411 1922 2495; x_wconf 80' lang='grc' dir='ltr'><em>τὴν</em></span> <span class='ocrx_word' id='word_1_190' title='bbox 1972 2411 2190 2496; x_wconf 82' lang='grc' dir='ltr'>βουλὴν</span> <span class='ocrx_word' id='word_1_191' title='bbox 2238 2413 2563 2491; x_wconf 80' lang='grc' dir='ltr'>συνκλήτου</span> <span class='ocrx_word' id='word_1_192' title='bbox 2612 2409 2855 2496; x_wconf 74' lang='grc' dir='ltr'>δόγματι</span> <span class='ocrx_word' id='word_1_193' title='bbox 2901 2416 2943 2475; x_wconf 85' lang='lat' dir='ltr'><em>t.</em></span> <span class='ocrx_word' id='word_1_194' title='bbox 2986 2417 3025 2476; x_wconf 84' lang='lat'><em>5</em></span> <span class='ocrx_word' id='word_1_195' title='bbox 3071 2412 3152 2493; x_wconf 83' lang='lat' dir='ltr'><em>cf.</em></span> <span class='ocrx_word' id='word_1_196' title='bbox 3200 2416 3241 2476; x_wconf 80' lang='lat' dir='ltr'><em>t.</em></span> <span class='ocrx_word' id='word_1_197' title='bbox 3280 2417 3320 2475; x_wconf 80' lang='lat'><em>4</em></span> 
     </span>
     <span class='ocr_line' id='line_1_20' title="bbox 729 2512 3319 2598; baseline 0.003 -25"><span class='ocrx_word' id='word_1_198' title='bbox 729 2532 784 2578; x_wconf 73' lang='lat' dir='ltr'><em>r.</em></span> <span class='ocrx_word' id='word_1_199' title='bbox 813 2515 903 2576; x_wconf 83' lang='lat'><em>23</em></span> <span class='ocrx_word' id='word_1_200' title='bbox 930 2531 1058 2592; x_wconf 79' lang='lat' dir='ltr'><em>sqq.</em></span> <span class='ocrx_word' id='word_1_201' title='bbox 1108 2513 1289 2597; x_wconf 82' lang='grc' dir='ltr'>αὐτὰρ</span> <span class='ocrx_word' id='word_1_202' title='bbox 1335 2515 1367 2577; x_wconf 86' lang='grc' dir='ltr'><strong>ὁ</strong></span> <span class='ocrx_word' id='word_1_203' title='bbox 1414 2512 1679 2592; x_wconf 78' lang='lat' dir='ltr'><em>(scilieet</em></span> <span class='ocrx_word' id='word_1_204' title='bbox 1724 2513 2024 2598; x_wconf 78' lang='grc' dir='ltr'>βασιλεύς)</span> <span class='ocrx_word' id='word_1_205' title='bbox 2073 2512 2425 2597; x_wconf 81' lang='grc' dir='ltr'>ἀστερόεντα</span> <span class='ocrx_word' id='word_1_206' title='bbox 2471 2515 2600 2597; x_wconf 81' lang='grc' dir='ltr'>περὶ</span> <span class='ocrx_word' id='word_1_207' title='bbox 2646 2513 2843 2598; x_wconf 75' lang='grc' dir='ltr'>σφυρὰ</span> <span class='ocrx_word' id='word_1_208' title='bbox 2896 2516 3054 2579; x_wconf 78' lang='grc' dir='ltr'>παιδὶ</span> <span class='ocrx_word' id='word_1_209' title='bbox 3108 2515 3319 2579; x_wconf 79' lang='grc' dir='ltr'>πέδιλα</span> 
     </span>
     <span class='ocr_line' id='line_1_21' title="bbox 733 2614 3321 2698; baseline 0.001 -21"><span class='ocrx_word' id='word_1_210' title='bbox 733 2616 923 2679; x_wconf 80' lang='grc' dir='ltr'>δῶκεν</span> <span class='ocrx_word' id='word_1_211' title='bbox 959 2614 1118 2698; x_wconf 82' lang='grc' dir='ltr'>ἔχειν</span> <span class='ocrx_word' id='word_1_212' title='bbox 1149 2620 1296 2691; x_wconf 77' lang='grc' dir='ltr'><em>κτλ..</em></span> <span class='ocrx_word' id='word_1_213' title='bbox 1340 2616 1455 2677; x_wconf 78' lang='lat' dir='ltr'><em>ubi</em></span> <span class='ocrx_word' id='word_1_214' title='bbox 1499 2614 1686 2678; x_wconf 86' lang='lat' dir='ltr'><em>lunae</em></span> <span class='ocrx_word' id='word_1_215' title='bbox 1729 2614 1874 2696; x_wconf 67' lang='lat' dir='ltr'><em>ipw</em></span> <span class='ocrx_word' id='word_1_216' title='bbox 1917 2616 2148 2679; x_wconf 60' lang='lat' dir='ltr'><em>nuntio</em></span> <span class='ocrx_word' id='word_1_217' title='bbox 2181 2614 2441 2692; x_wconf 75' lang='lat' dir='ltr'><em>(seilicet</em></span> <span class='ocrx_word' id='word_1_218' title='bbox 2480 2615 2788 2679; x_wconf 78' lang='lat' dir='ltr'><em>eburneae</em></span> <span class='ocrx_word' id='word_1_219' title='bbox 2819 2615 3083 2679; x_wconf 83' lang='lat' dir='ltr'><em>adsutae</em></span> <span class='ocrx_word' id='word_1_220' title='bbox 3113 2616 3321 2680; x_wconf 79' lang='lat' dir='ltr'><em>ealeeo</em></span> 
     </span>
     <span class='ocr_line' id='line_1_22' title="bbox 730 2716 3321 2800; baseline 0.001 -22"><span class='ocrx_word' id='word_1_221' title='bbox 730 2717 1069 2792; x_wconf 53' lang='lat' dir='ltr'><em>senatoria</em></span> <span class='ocrx_word' id='word_1_222' title='bbox 1101 2716 1269 2797; x_wconf 81' lang='lat' dir='ltr'><em>quod</em></span> <span class='ocrx_word' id='word_1_223' title='bbox 1280 2717 1710 2798; x_wconf 73' lang='lat' dir='ltr'><em>patriciorum</em></span> <span class='ocrx_word' id='word_1_224' title='bbox 1742 2721 1882 2779; x_wconf 81' lang='lat' dir='ltr'><em>erat</em></span> <span class='ocrx_word' id='word_1_225' title='bbox 1911 2717 2157 2798; x_wconf 69' lang='lat' dir='ltr'><em>ins-iyne</em></span> <span class='ocrx_word' id='word_1_226' title='bbox 2184 2720 2569 2800; x_wconf 77' lang='lat' dir='ltr'><em>senatorum)</em></span> <span class='ocrx_word' id='word_1_227' title='bbox 2606 2717 2768 2780; x_wconf 77' lang='lat' dir='ltr'><em>satis</em></span> <span class='ocrx_word' id='word_1_228' title='bbox 2815 2717 3030 2782; x_wconf 80' lang='lat' dir='ltr'><em>docere</em></span> <span class='ocrx_word' id='word_1_229' title='bbox 3059 2723 3321 2800; x_wconf 76' lang='lat' dir='ltr'><em>poterat</em></span> 
     </span>
     <span class='ocr_line' id='line_1_23' title="bbox 728 2817 3318 2906; baseline 0.002 -26"><span class='ocrx_word' id='word_1_230' title='bbox 728 2817 935 2901; x_wconf 76' lang='lat' dir='ltr'><em>filium</em></span> <span class='ocrx_word' id='word_1_231' title='bbox 967 2818 1243 2883; x_wconf 81' lang='lat' dir='ltr'><em>Herodis</em></span> <span class='ocrx_word' id='word_1_232' title='bbox 1275 2820 1355 2881; x_wconf 85' lang='lat' dir='ltr'><em>ab</em></span> <span class='ocrx_word' id='word_1_233' title='bbox 1389 2820 1767 2901; x_wconf 73' lang='lat' dir='ltr'><em>imperatore</em></span> <span class='ocrx_word' id='word_1_234' title='bbox 1799 2818 1920 2882; x_wconf 81' lang='lat' dir='ltr'><em>Pio</em></span> <span class='ocrx_word' id='word_1_235' title='bbox 1952 2820 2115 2882; x_wconf 82' lang='lat' dir='ltr'><em>inter</em></span> <span class='ocrx_word' id='word_1_236' title='bbox 2145 2817 2464 2900; x_wconf 78' lang='lat' dir='ltr'><em>patricios</em></span> <span class='ocrx_word' id='word_1_237' title='bbox 2501 2817 2806 2882; x_wconf 81' lang='lat' dir='ltr'><em>adlectum</em></span> <span class='ocrx_word' id='word_1_238' title='bbox 2849 2839 3012 2896; x_wconf 86' lang='lat' dir='ltr'><em>esse‚·</em></span> <span class='ocrx_word' id='word_1_239' title='bbox 3054 2822 3318 2906; x_wconf 82' lang='grc' dir='ltr'>εὐπατρί-</span> 
     </span>
     <span class='ocr_line' id='line_1_24' title="bbox 732 2918 3317 3008; baseline -0.001 -24"><span class='ocrx_word' id='word_1_240' title='bbox 732 2923 837 3008; x_wconf 81' lang='grc' dir='ltr'><em>δης</em></span> <span class='ocrx_word' id='word_1_241' title='bbox 889 2926 932 2984; x_wconf 78' lang='lat' dir='ltr'><em>t.</em></span> <span class='ocrx_word' id='word_1_242' title='bbox 973 2925 1031 2984; x_wconf 89' lang='lat'><em>3.</em></span> <span class='ocrx_word' id='word_1_243' title='bbox 1121 2919 1288 2985; x_wconf 86' lang='lat' dir='ltr'><em>Cum</em></span> <span class='ocrx_word' id='word_1_244' title='bbox 1336 2943 1498 3006; x_wconf 90' lang='lat' dir='ltr'><em>puer</em></span> <span class='ocrx_word' id='word_1_245' title='bbox 1548 2919 1844 2984; x_wconf 82' lang='lat' dir='ltr'><em>indocilis</em></span> <span class='ocrx_word' id='word_1_246' title='bbox 1896 2930 2082 3001; x_wconf 86' lang='lat' dir='ltr'><em>esset,</em></span> <span class='ocrx_word' id='word_1_247' title='bbox 2128 2918 2509 2984; x_wconf 83' lang='lat' dir='ltr'><em>adulescens</em></span> <span class='ocrx_word' id='word_1_248' title='bbox 2555 2921 2744 2984; x_wconf 88' lang='lat' dir='ltr'><em>nimis</em></span> <span class='ocrx_word' id='word_1_249' title='bbox 2789 2922 2940 2985; x_wconf 89' lang='lat' dir='ltr'><em>vino</em></span> <span class='ocrx_word' id='word_1_250' title='bbox 2987 2933 3052 2986; x_wconf 89' lang='lat' dir='ltr'><em>et</em></span> <span class='ocrx_word' id='word_1_251' title='bbox 3094 2920 3317 2985; x_wconf 87' lang='lat' dir='ltr'><em>veneri</em></span> 
     </span>
     <span class='ocr_line' id='line_1_25' title="bbox 731 3021 3317 3109; baseline 0 -22"><span class='ocrx_word' id='word_1_252' title='bbox 731 3022 1125 3106; x_wconf 81' lang='lat' dir='ltr'><em>indulgeret,</em></span> <span class='ocrx_word' id='word_1_253' title='bbox 1183 3022 1330 3088; x_wconf 89' lang='lat' dir='ltr'><em>odio</em></span> <span class='ocrx_word' id='word_1_254' title='bbox 1392 3035 1532 3087; x_wconf 90' lang='lat' dir='ltr'><em>erat</em></span> <span class='ocrx_word' id='word_1_255' title='bbox 1592 3025 1791 3109; x_wconf 85' lang='lat' dir='ltr'><em>patri,</em></span> <span class='ocrx_word' id='word_1_256' title='bbox 1856 3025 1966 3108; x_wconf 88' lang='lat' dir='ltr'><em>qui</em></span> <span class='ocrx_word' id='word_1_257' title='bbox 2027 3033 2317 3086; x_wconf 86' lang='lat' dir='ltr'><em>mortuus</em></span> <span class='ocrx_word' id='word_1_258' title='bbox 2356 3033 2627 3086; x_wconf 88' lang='lat' dir='ltr'><em>.tantum</em></span> <span class='ocrx_word' id='word_1_259' title='bbox 2685 3033 2978 3088; x_wconf 86' lang='lat' dir='ltr'><em>materna</em></span> <span class='ocrx_word' id='word_1_260' title='bbox 3033 3021 3200 3088; x_wconf 87' lang='lat' dir='ltr'><em>bona</em></span> <span class='ocrx_word' id='word_1_261' title='bbox 3259 3028 3317 3089; x_wconf 92' lang='lat' dir='ltr'><em>ei</em></span> 
     </span>
     <span class='ocr_line' id='line_1_26' title="bbox 730 3124 3317 3211; baseline 0 -22"><span class='ocrx_word' id='word_1_262' title='bbox 730 3125 1009 3211; x_wconf 87' lang='lat' dir='ltr'><em>reliquit.</em></span> <span class='ocrx_word' id='word_1_263' title='bbox 1086 3125 1399 3192; x_wconf 72' lang='lat' dir='ltr'><em>Philostr.</em></span> <span class='ocrx_word' id='word_1_264' title='bbox 1451 3127 1557 3192; x_wconf 72' lang='lat' dir='ltr'><em>vit.</em></span> <span class='ocrx_word' id='word_1_265' title='bbox 1611 3125 1785 3207; x_wconf 79' lang='lat' dir='ltr'><em>soph.</em></span> <span class='ocrx_word' id='word_1_266' title='bbox 1837 3130 1901 3207; x_wconf 80' lang='lat'><em>2,</em></span> <span class='ocrx_word' id='word_1_267' title='bbox 1961 3131 2017 3207; x_wconf 89' lang='lat'><em>1,</em></span> <span class='ocrx_word' id='word_1_268' title='bbox 2073 3131 2185 3201; x_wconf 88' lang='grc'><em>22,</em></span> <span class='ocrx_word' id='word_1_269' title='bbox 2238 3130 2346 3191; x_wconf 88' lang='grc'><em>23.</em></span> <span class='ocrx_word' id='word_1_270' title='bbox 2465 3124 2711 3189; x_wconf 85' lang='lat' dir='ltr'><em>Consul</em></span> <span class='ocrx_word' id='word_1_271' title='bbox 2769 3148 2939 3189; x_wconf 88' lang='lat' dir='ltr'><em>anno</em></span> <span class='ocrx_word' id='word_1_272' title='bbox 2990 3127 3109 3190; x_wconf 80' lang='lat'><em>185</em></span> <span class='ocrx_word' id='word_1_273' title='bbox 3169 3148 3317 3190; x_wconf 85' lang='lat' dir='ltr'><em>cum</em></span> 
     </span>
     <span class='ocr_line' id='line_1_27' title="bbox 726 3226 3319 3309; baseline 0.001 -17"><span class='ocrx_word' id='word_1_274' title='bbox 726 3227 1024 3292; x_wconf 88' lang='lat' dir='ltr'><em>Materno</em></span> <span class='ocrx_word' id='word_1_275' title='bbox 1056 3230 1233 3309; x_wconf 77' lang='lat' dir='ltr'><em>fasti.</em></span> <span class='ocrx_word' id='word_1_276' title='bbox 1303 3228 1565 3293; x_wconf 79' lang='lat' dir='ltr'><em>Archon</em></span> <span class='ocrx_word' id='word_1_277' title='bbox 1598 3227 1873 3293; x_wconf 81' lang='lat' dir='ltr'><em>Athenis</em></span> <span class='ocrx_word' id='word_1_278' title='bbox 1904 3226 2025 3292; x_wconf 88' lang='lat' dir='ltr'><em>sub</em></span> <span class='ocrx_word' id='word_1_279' title='bbox 2057 3226 2410 3292; x_wconf 84' lang='lat' dir='ltr'><em>Commodo</em></span> <span class='ocrx_word' id='word_1_280' title='bbox 2454 3232 2496 3292; x_wconf 86' lang='lat' dir='ltr'><em>t.</em></span> <span class='ocrx_word' id='word_1_281' title='bbox 2526 3232 2586 3292; x_wconf 87' lang='grc'><em>3.</em></span> <span class='ocrx_word' id='word_1_282' title='bbox 2624 3265 2699 3274; x_wconf 89' lang='grc'><strong>-</strong></span> <span class='ocrx_word' id='word_1_283' title='bbox 2750 3226 3042 3299; x_wconf 79' lang='grc' dir='ltr'>Κλαύδιος</span> <span class='ocrx_word' id='word_1_284' title='bbox 3072 3227 3319 3301; x_wconf 79' lang='grc' dir='ltr'>Ἀττικὸς</span> 
     </span>
     <span class='ocr_line' id='line_1_28' title="bbox 728 3329 3319 3417; baseline 0 -24"><span class='ocrx_word' id='word_1_285' title='bbox 728 3330 1128 3415; x_wconf 75' lang='grc' dir='ltr'>Μαραθώνιος</span> <span class='ocrx_word' id='word_1_286' title='bbox 1178 3332 1355 3416; x_wconf 72' lang='grc' dir='ltr'>κῆρυξ</span> <span class='ocrx_word' id='word_1_287' title='bbox 1411 3333 1631 3417; x_wconf 78' lang='grc' dir='ltr'>βουλῆς</span> <span class='ocrx_word' id='word_1_288' title='bbox 1680 3334 1776 3396; x_wconf 87' lang='grc' dir='ltr'><em>καὶ</em></span> <span class='ocrx_word' id='word_1_289' title='bbox 1843 3333 2034 3416; x_wconf 81' lang='grc' dir='ltr'>δήμου</span> <span class='ocrx_word' id='word_1_290' title='bbox 2094 3331 2162 3394; x_wconf 76' lang='lat' dir='ltr'><em>‘in</em></span> <span class='ocrx_word' id='word_1_291' title='bbox 2207 3330 2544 3412; x_wconf 75' lang='lat' dir='ltr'><em>plebiscito</em></span> <span class='ocrx_word' id='word_1_292' title='bbox 2587 3330 2804 3394; x_wconf 64' lang='lat' dir='ltr'><em>Attico</em></span> <span class='ocrx_word' id='word_1_293' title='bbox 2860 3329 3015 3396; x_wconf 81' lang='lat' dir='ltr'><em>CIA</em></span> <span class='ocrx_word' id='word_1_294' title='bbox 3066 3333 3198 3397; x_wconf 89' lang='lat' dir='ltr'><em>III</em></span> <span class='ocrx_word' id='word_1_295' title='bbox 3238 3339 3319 3396; x_wconf 84' lang='lat'><em>10</em></span> 
     </span>
     <span class='ocr_line' id='line_1_29' title="bbox 729 3432 2614 3516; baseline 0.002 -20"><span class='ocrx_word' id='word_1_296' title='bbox 729 3454 789 3499; x_wconf 85' lang='lat' dir='ltr'><em>a.</em></span> <span class='ocrx_word' id='word_1_297' title='bbox 820 3438 947 3497; x_wconf 87' lang='grc'><em>209</em></span> <span class='ocrx_word' id='word_1_298' title='bbox 991 3438 1063 3497; x_wconf 79' lang='lat' dir='ltr'><em>ut</em></span> <span class='ocrx_word' id='word_1_299' title='bbox 1104 3433 1352 3497; x_wconf 73' lang='lat' dir='ltr'><em>videtur</em></span> <span class='ocrx_word' id='word_1_300' title='bbox 1393 3436 1667 3515; x_wconf 76' lang='lat' dir='ltr'><em>sortasse</em></span> <span class='ocrx_word' id='word_1_301' title='bbox 1711 3432 1886 3516; x_wconf 73' lang='lat' dir='ltr'><em>filius</em></span> <span class='ocrx_word' id='word_1_302' title='bbox 1930 3438 2022 3497; x_wconf 80' lang='lat' dir='ltr'><em>est</em></span> <span class='ocrx_word' id='word_1_303' title='bbox 2066 3432 2338 3497; x_wconf 80' lang='lat' dir='ltr'><em>consulis</em></span> <span class='ocrx_word' id='word_1_304' title='bbox 2383 3454 2444 3501; x_wconf 82' lang='lat' dir='ltr'><em>a.</em></span> <span class='ocrx_word' id='word_1_305' title='bbox 2475 3436 2614 3500; x_wconf 86' lang='grc'><em>185.</em></span> 
     </span>
    </p>

    <p class='ocr_par' dir='ltr' id='par_1_5' title="bbox 599 3551 3314 3733">
     <span class='ocr_line' id='line_1_30' title="bbox 599 3551 3314 3638; baseline 0.003 -26"><span class='ocrx_word' id='word_1_306' title='bbox 599 3552 714 3616; x_wconf 79' lang='grc'><em>641</em></span> <span class='ocrx_word' id='word_1_307' title='bbox 770 3551 1084 3616; x_wconf 88' lang='lat' dir='ltr'><em>Claudius</em></span> <span class='ocrx_word' id='word_1_308' title='bbox 1130 3552 1532 3635; x_wconf 79' lang='lat' dir='ltr'><em>Arabianus,</em></span> <span class='ocrx_word' id='word_1_309' title='bbox 1597 3552 1783 3617; x_wconf 89' lang='lat' dir='ltr'><em>homo</em></span> <span class='ocrx_word' id='word_1_310' title='bbox 1845 3552 2081 3618; x_wconf 88' lang='lat' dir='ltr'><em>nobilis</em></span> <span class='ocrx_word' id='word_1_311' title='bbox 2141 3552 2223 3616; x_wconf 91' lang='lat' dir='ltr'><em>ab</em></span> <span class='ocrx_word' id='word_1_312' title='bbox 2280 3554 2668 3637; x_wconf 85' lang='lat' dir='ltr'><em>imperatore</em></span> <span class='ocrx_word' id='word_1_313' title='bbox 2713 3555 3025 3638; x_wconf 74' lang='lat' dir='ltr'><em>Septimio</em></span> <span class='ocrx_word' id='word_1_314' title='bbox 3074 3554 3314 3619; x_wconf 83' lang='lat' dir='ltr'><em>Severo</em></span> 
     </span>
     <span class='ocr_line' id='line_1_31' title="bbox 731 3654 1634 3733; baseline 0.004 -17"><span class='ocrx_word' id='word_1_315' title='bbox 731 3656 980 3719; x_wconf 88' lang='lat' dir='ltr'><em>occisus</em></span> <span class='ocrx_word' id='word_1_316' title='bbox 1024 3656 1130 3722; x_wconf 66' lang='lat' dir='ltr'><em>vit.</em></span> <span class='ocrx_word' id='word_1_317' title='bbox 1178 3654 1400 3721; x_wconf 73' lang='lat' dir='ltr'><em>Severi</em></span> <span class='ocrx_word' id='word_1_318' title='bbox 1441 3660 1540 3733; x_wconf 90' lang='lat'><em>13,</em></span> <span class='ocrx_word' id='word_1_319' title='bbox 1578 3661 1634 3720; x_wconf 89' lang='grc'><em>7.</em></span> 
     </span>
    </p>
   </div>
   <div class='ocr_carea' id='block_1_4' title="bbox 598 3773 3423 3859">
    <p class='ocr_par' dir='ltr' id='par_1_6' title="bbox 598 3773 3423 3859">
     <span class='ocr_line' id='line_1_32' title="bbox 598 3773 3423 3859; baseline 0.001 -23"><span class='ocrx_word' id='word_1_320' title='bbox 598 3775 725 3838; x_wconf 80' lang='grc'><em>642</em></span> <span class='ocrx_word' id='word_1_321' title='bbox 772 3775 1200 3856; x_wconf 84' lang='lat' dir='ltr'>CL(AVDIVS)</span> <span class='ocrx_word' id='word_1_322' title='bbox 1247 3783 1692 3839; x_wconf 83' lang='lat' dir='ltr'><em>ARCHELAVS</em></span> <span class='ocrx_word' id='word_1_323' title='bbox 1741 3783 2251 3855; x_wconf 84' lang='lat' dir='ltr'><em>CLAVDIANVS‚</em></span> <span class='ocrx_word' id='word_1_324' title='bbox 2314 3773 2674 3839; x_wconf 86' lang='lat' dir='ltr'><em>consularis</em></span> <span class='ocrx_word' id='word_1_325' title='bbox 2736 3774 2976 3859; x_wconf 80' lang='lat' dir='ltr'><em>(consu-l</em></span> <span class='ocrx_word' id='word_1_326' title='bbox 3016 3774 3318 3853; x_wconf 79' lang='lat' dir='ltr'><em>suffectus</em></span> <span class='ocrx_word' id='word_1_327' title='bbox 3418 3812 3423 3817; x_wconf 94' lang='lat'><em>-</em></span> 
     </span>
    </p>
   </div>
   <div class='ocr_carea' id='block_1_5' title="bbox 599 3876 3315 5203">
    <p class='ocr_par' dir='ltr' id='par_1_7' title="bbox 726 3876 3313 4069">
     <span class='ocr_line' id='line_1_33' title="bbox 726 3876 3313 3961; baseline 0.002 -22"><span class='ocrx_word' id='word_1_328' title='bbox 726 3896 894 3940; x_wconf 86' lang='lat' dir='ltr'><em>anno</em></span> <span class='ocrx_word' id='word_1_329' title='bbox 939 3876 1199 3957; x_wconf 50' lang='lat' dir='ltr'><em>monto)</em></span> <span class='ocrx_word' id='word_1_330' title='bbox 1247 3877 1505 3961; x_wconf 74' lang='lat' dir='ltr'><em>publice</em></span> <span class='ocrx_word' id='word_1_331' title='bbox 1557 3877 1901 3942; x_wconf 77' lang='lat' dir='ltr'><em>honoratus</em></span> <span class='ocrx_word' id='word_1_332' title='bbox 1948 3881 1990 3942; x_wconf 80' lang='lat' dir='ltr'><em>t.</em></span> <span class='ocrx_word' id='word_1_333' title='bbox 2039 3876 2531 3959; x_wconf 78' lang='lat' dir='ltr'><em>Philadelphiae</em></span> <span class='ocrx_word' id='word_1_334' title='bbox 2585 3882 2832 3959; x_wconf 75' lang='lat' dir='ltr'><em>reperto</em></span> <span class='ocrx_word' id='word_1_335' title='bbox 2877 3877 3174 3942; x_wconf 75' lang='grc' dir='ltr'>Μουσεῖον</span> <span class='ocrx_word' id='word_1_336' title='bbox 3219 3882 3313 3943; x_wconf 84' lang='grc' dir='ltr'><em>καὶ</em></span> 
     </span>
     <span class='ocr_line' id='line_1_34' title="bbox 729 3979 2486 4069; baseline -0.001 -25"><span class='ocrx_word' id='word_1_337' title='bbox 729 3981 1076 4069; x_wconf 75' lang='grc' dir='ltr'><strong>βιβλιοθήκῃ</strong></span> <span class='ocrx_word' id='word_1_338' title='bbox 1121 3988 1225 4065; x_wconf 76' lang='grc' dir='ltr'><em>τῆς</em></span> <span class='ocrx_word' id='word_1_339' title='bbox 1270 3982 1654 4067; x_wconf 54' lang='lat' dir='ltr'><em>sennenn-&#39;qe</em></span> <span class='ocrx_word' id='word_1_340' title='bbox 1697 3985 1926 4065; x_wconf 75' lang='grc' dir='ltr'>σχολῆς</span> <span class='ocrx_word' id='word_1_341' title='bbox 1976 3979 2118 4066; x_wconf 87' lang='grc' dir='ltr'>ΙΙερ.</span> <span class='ocrx_word' id='word_1_342' title='bbox 2167 3979 2218 4043; x_wconf 92' lang='grc' dir='ltr'><em>Ι</em></span> <span class='ocrx_word' id='word_1_343' title='bbox 2239 4001 2310 4061; x_wconf 81' lang='lat' dir='ltr'><em>p.</em></span> <span class='ocrx_word' id='word_1_344' title='bbox 2344 3984 2486 4043; x_wconf 87' lang='lat'><strong><em>119.</em></strong></span> 
     </span>
    </p>

    <p class='ocr_par' dir='ltr' id='par_1_8' title="bbox 599 4095 3313 4386">
     <span class='ocr_line' id='line_1_35' title="bbox 599 4095 3313 4183; baseline 0 -22"><span class='ocrx_word' id='word_1_345' title='bbox 599 4099 725 4163; x_wconf 81' lang='grc'><em>643</em></span> <span class='ocrx_word' id='word_1_346' title='bbox 771 4108 1141 4164; x_wconf 87' lang='lat' dir='ltr'>CLAVDIVS</span> <span class='ocrx_word' id='word_1_347' title='bbox 1201 4109 1661 4164; x_wconf 84' lang='lat' dir='ltr'><strong>ARISTOCLES</strong></span> <span class='ocrx_word' id='word_1_348' title='bbox 1723 4100 2070 4163; x_wconf 74' lang='lat' dir='ltr'><em>honoratus</em></span> <span class='ocrx_word' id='word_1_349' title='bbox 2114 4102 2157 4164; x_wconf 72' lang='lat' dir='ltr'><em>i.</em></span> <span class='ocrx_word' id='word_1_350' title='bbox 2201 4098 2556 4181; x_wconf 68' lang='lat' dir='ltr'><em>Olympico:</em></span> <span class='ocrx_word' id='word_1_351' title='bbox 2605 4096 2899 4163; x_wconf 79' lang='grc' dir='ltr'>Κλαύδιον</span> <span class='ocrx_word' id='word_1_352' title='bbox 2947 4095 3313 4183; x_wconf 73' lang='grc' dir='ltr'>Ἀριστοκλέα</span> 
     </span>
     <span class='ocr_line' id='line_1_36' title="bbox 727 4199 3307 4288; baseline -0 -22"><span class='ocrx_word' id='word_1_353' title='bbox 727 4201 991 4288; x_wconf 80' lang='grc' dir='ltr'>ρήτο[ρα]</span> <span class='ocrx_word' id='word_1_354' title='bbox 1025 4202 1302 4269; x_wconf 77' lang='grc' dir='ltr'>ὑπατικόν</span> <span class='ocrx_word' id='word_1_355' title='bbox 1320 4203 1855 4286; x_wconf 69' lang='lat' dir='ltr'><em>Arelcc&#39;ioloyisehe</em></span> <span class='ocrx_word' id='word_1_356' title='bbox 1878 4202 2150 4284; x_wconf 72' lang='lat' dir='ltr'><em>Zeituny</em></span> <span class='ocrx_word' id='word_1_357' title='bbox 2172 4200 2381 4266; x_wconf 88' lang='lat' dir='ltr'><em>XXX</em></span> <span class='ocrx_word' id='word_1_358' title='bbox 2394 4200 2534 4266; x_wconf 90' lang='lat' dir='ltr'><em>VII</em></span> <span class='ocrx_word' id='word_1_359' title='bbox 2549 4199 2766 4281; x_wconf 81' lang='grc'><em>(1879)</em></span> <span class='ocrx_word' id='word_1_360' title='bbox 2778 4204 2950 4282; x_wconf 76' lang='lat' dir='ltr'><em>p.36</em></span> <span class='ocrx_word' id='word_1_361' title='bbox 2976 4221 3040 4265; x_wconf 88' lang='lat' dir='ltr'><em>n.</em></span> <span class='ocrx_word' id='word_1_362' title='bbox 3063 4205 3212 4265; x_wconf 82' lang='grc'><em>266.</em></span> <span class='ocrx_word' id='word_1_363' title='bbox 3237 4240 3307 4247; x_wconf 91' lang='grc'><strong>-</strong></span> 
     </span>
     <span class='ocr_line' id='line_1_37' title="bbox 723 4303 1717 4386; baseline 0.005 -20"><span class='ocrx_word' id='word_1_364' title='bbox 723 4303 923 4386; x_wconf 72' lang='lat' dir='ltr'><em>Apud</em></span> <span class='ocrx_word' id='word_1_365' title='bbox 960 4305 1301 4386; x_wconf 71' lang='lat' dir='ltr'><em>scriptores</em></span> <span class='ocrx_word' id='word_1_366' title='bbox 1343 4303 1717 4371; x_wconf 87' lang='lat' dir='ltr'><em>Aristocles.</em></span> 
     </span>
    </p>

    <p class='ocr_par' dir='ltr' id='par_1_9' title="bbox 722 4403 3315 5203">
     <span class='ocr_line' id='line_1_38' title="bbox 859 4403 3312 4489; baseline -0.002 -17"><span class='ocrx_word' id='word_1_367' title='bbox 859 4409 1300 4489; x_wconf 80' lang='lat' dir='ltr'><em>Pergamenus</em></span> <span class='ocrx_word' id='word_1_368' title='bbox 1358 4431 1398 4470; x_wconf 89' lang='lat' dir='ltr'><em>a</em></span> <span class='ocrx_word' id='word_1_369' title='bbox 1457 4406 1903 4472; x_wconf 87' lang='lat' dir='ltr'><em>consularibus</em></span> <span class='ocrx_word' id='word_1_370' title='bbox 1966 4407 2280 4489; x_wconf 87' lang='lat' dir='ltr'><em>originem</em></span> <span class='ocrx_word' id='word_1_371' title='bbox 2325 4406 2569 4471; x_wconf 89' lang='lat' dir='ltr'><em>ducens</em></span> <span class='ocrx_word' id='word_1_372' title='bbox 2613 4428 2762 4469; x_wconf 91' lang='lat' dir='ltr'><em>cum</em></span> <span class='ocrx_word' id='word_1_373' title='bbox 2806 4403 3312 4469; x_wconf 81' lang='lat' dir='ltr'><em>adulescentiam</em></span> 
     </span>
     <span class='ocr_line' id='line_1_39' title="bbox 732 4506 3311 4594; baseline -0 -23"><span class='ocrx_word' id='word_1_374' title='bbox 732 4509 947 4574; x_wconf 86' lang='lat' dir='ltr'><em>studio</em></span> <span class='ocrx_word' id='word_1_375' title='bbox 996 4508 1376 4594; x_wconf 88' lang='lat' dir='ltr'><em>disciplinae</em></span> <span class='ocrx_word' id='word_1_376' title='bbox 1422 4510 1891 4594; x_wconf 87' lang='lat' dir='ltr'><em>Peripateticae</em></span> <span class='ocrx_word' id='word_1_377' title='bbox 1946 4508 2254 4591; x_wconf 86' lang='lat' dir='ltr'><em>dedisset,</em></span> <span class='ocrx_word' id='word_1_378' title='bbox 2304 4522 2649 4594; x_wconf 87' lang='lat' dir='ltr'><em>postquam</em></span> <span class='ocrx_word' id='word_1_379' title='bbox 2695 4510 2938 4573; x_wconf 88' lang='lat' dir='ltr'><em>Romae</em></span> <span class='ocrx_word' id='word_1_380' title='bbox 2981 4506 3311 4572; x_wconf 84' lang='lat' dir='ltr'><em>Herodem</em></span> 
     </span>
     <span class='ocr_line' id='line_1_40' title="bbox 728 4610 3307 4698; baseline -0.001 -22"><span class='ocrx_word' id='word_1_381' title='bbox 728 4613 1014 4676; x_wconf 87' lang='lat' dir='ltr'><em>Atticum</em></span> <span class='ocrx_word' id='word_1_382' title='bbox 1049 4611 1317 4695; x_wconf 87' lang='lat' dir='ltr'><em>audivit,</em></span> <span class='ocrx_word' id='word_1_383' title='bbox 1366 4610 1602 4676; x_wconf 86' lang='lat' dir='ltr'><em>scholis</em></span> <span class='ocrx_word' id='word_1_384' title='bbox 1633 4615 1773 4676; x_wconf 87' lang='lat' dir='ltr'><em>eius</em></span> <span class='ocrx_word' id='word_1_385' title='bbox 1805 4611 2102 4676; x_wconf 84' lang='lat' dir='ltr'><em>interfuit</em></span> <span class='ocrx_word' id='word_1_386' title='bbox 2131 4624 2195 4676; x_wconf 89' lang='lat' dir='ltr'><em>et</em></span> <span class='ocrx_word' id='word_1_387' title='bbox 2238 4611 2321 4675; x_wconf 88' lang='lat' dir='ltr'><em>ad</em></span> <span class='ocrx_word' id='word_1_388' title='bbox 2367 4612 2688 4698; x_wconf 85' lang='lat' dir='ltr'><em>sophistas</em></span> <span class='ocrx_word' id='word_1_389' title='bbox 2735 4612 3023 4693; x_wconf 81' lang='lat' dir='ltr'><em>transiit3</em></span> <span class='ocrx_word' id='word_1_390' title='bbox 3071 4611 3307 4692; x_wconf 86' lang='lat' dir='ltr'><em>Perga·</em></span> 
     </span>
     <span class='ocr_line' id='line_1_41' title="bbox 724 4713 3310 4797; baseline 0 -20"><span class='ocrx_word' id='word_1_391' title='bbox 724 4736 901 4777; x_wconf 87' lang='lat' dir='ltr'><em>mum</em></span> <span class='ocrx_word' id='word_1_392' title='bbox 945 4736 1244 4778; x_wconf 86' lang='lat' dir='ltr'><em>reversus</em></span> <span class='ocrx_word' id='word_1_393' title='bbox 1291 4713 1507 4777; x_wconf 87' lang='lat' dir='ltr'><em>rhetor</em></span> <span class='ocrx_word' id='word_1_394' title='bbox 1561 4724 1625 4777; x_wconf 86' lang='lat' dir='ltr'><em>et</em></span> <span class='ocrx_word' id='word_1_395' title='bbox 1669 4713 2031 4779; x_wconf 87' lang='lat' dir='ltr'><em>rhetoricae</em></span> <span class='ocrx_word' id='word_1_396' title='bbox 2076 4715 2386 4797; x_wconf 87' lang='lat' dir='ltr'><em>magister</em></span> <span class='ocrx_word' id='word_1_397' title='bbox 2430 4713 2734 4778; x_wconf 84' lang='lat' dir='ltr'><em>inclaruit</em></span> <span class='ocrx_word' id='word_1_398' title='bbox 2778 4713 3156 4781; x_wconf 66' lang='lat' dir='ltr'><em>Phaestrat.</em></span> <span class='ocrx_word' id='word_1_399' title='bbox 3202 4714 3310 4777; x_wconf 71' lang='lat' dir='ltr'><em>vit.</em></span> 
     </span>
     <span class='ocr_line' id='line_1_42' title="bbox 723 4814 3311 4900; baseline -0 -22"><span class='ocrx_word' id='word_1_400' title='bbox 723 4815 897 4898; x_wconf 74' lang='lat' dir='ltr'><em>soph.</em></span> <span class='ocrx_word' id='word_1_401' title='bbox 929 4821 994 4892; x_wconf 89' lang='grc'><em>2,</em></span> <span class='ocrx_word' id='word_1_402' title='bbox 1026 4821 1068 4880; x_wconf 86' lang='grc'><em>3</em></span> <span class='ocrx_word' id='word_1_403' title='bbox 1105 4814 1276 4896; x_wconf 67' lang='lat' dir='ltr'><em>(Inde</em></span> <span class='ocrx_word' id='word_1_404' title='bbox 1320 4815 1535 4880; x_wconf 80' lang='lat' dir='ltr'><em>eadem</em></span> <span class='ocrx_word' id='word_1_405' title='bbox 1578 4816 1714 4897; x_wconf 84' lang='lat' dir='ltr'><em>fere</em></span> <span class='ocrx_word' id='word_1_406' title='bbox 1755 4818 2013 4899; x_wconf 59' lang='lat' dir='ltr'><em>repetiit</em></span> <span class='ocrx_word' id='word_1_407' title='bbox 2047 4817 2350 4899; x_wconf 77' lang='lat' dir='ltr'><em>Synesius</em></span> <span class='ocrx_word' id='word_1_408' title='bbox 2379 4814 2511 4880; x_wconf 78' lang='lat' dir='ltr'><em>Dio</em></span> <span class='ocrx_word' id='word_1_409' title='bbox 2540 4816 2665 4897; x_wconf 85' lang='lat'><em>35).</em></span> <span class='ocrx_word' id='word_1_410' title='bbox 2734 4817 3003 4880; x_wconf 85' lang='lat' dir='ltr'><em>Romam</em></span> <span class='ocrx_word' id='word_1_411' title='bbox 3035 4814 3311 4900; x_wconf 88' lang='lat' dir='ltr'><em>epistula</em></span> 
     </span>
     <span class='ocr_line' id='line_1_43' title="bbox 724 4917 3315 5003; baseline 0 -22"><span class='ocrx_word' id='word_1_412' title='bbox 724 4920 1133 5003; x_wconf 86' lang='lat' dir='ltr'><em>imperatoris</em></span> <span class='ocrx_word' id='word_1_413' title='bbox 1179 4917 1306 4997; x_wconf 84' lang='lat' dir='ltr'><em>(M.</em></span> <span class='ocrx_word' id='word_1_414' title='bbox 1346 4918 1606 4981; x_wconf 70' lang='lat' dir='ltr'><em>Aurelii</em></span> <span class='ocrx_word' id='word_1_415' title='bbox 1644 4923 1716 4982; x_wconf 82' lang='lat' dir='ltr'><em>ut</em></span> <span class='ocrx_word' id='word_1_416' title='bbox 1757 4919 2031 5002; x_wconf 72' lang='lat' dir='ltr'><em>videtur)</em></span> <span class='ocrx_word' id='word_1_417' title='bbox 2078 4933 2383 4983; x_wconf 82' lang='lat' dir='ltr'><em>evocatus</em></span> <span class='ocrx_word' id='word_1_418' title='bbox 2428 4920 2491 4981; x_wconf 87' lang='lat' dir='ltr'><em>in</em></span> <span class='ocrx_word' id='word_1_419' title='bbox 2541 4929 2833 4982; x_wconf 87' lang='lat' dir='ltr'><em>senatum</em></span> <span class='ocrx_word' id='word_1_420' title='bbox 2878 4917 3167 4981; x_wconf 88' lang='lat' dir='ltr'><em>adlectus</em></span> <span class='ocrx_word' id='word_1_421' title='bbox 3214 4929 3315 4981; x_wconf 86' lang='lat' dir='ltr'><em>est</em></span> 
     </span>
     <span class='ocr_line' id='line_1_44' title="bbox 723 5019 3312 5103; baseline 0 -20"><span class='ocrx_word' id='word_1_422' title='bbox 723 5020 913 5090; x_wconf 60' lang='lat' dir='ltr'><em>Plaot.</em></span> <span class='ocrx_word' id='word_1_423' title='bbox 947 5019 1097 5085; x_wconf 77' lang='lat' dir='ltr'><em>bibl.</em></span> <span class='ocrx_word' id='word_1_424' title='bbox 1131 5021 1263 5086; x_wconf 81' lang='lat' dir='ltr'><em>eod.</em></span> <span class='ocrx_word' id='word_1_425' title='bbox 1299 5044 1369 5103; x_wconf 79' lang='lat' dir='ltr'><em>p.</em></span> <span class='ocrx_word' id='word_1_426' title='bbox 1403 5022 1584 5084; x_wconf 67' lang='lat'><strong><em>1001)</em></strong></span> <span class='ocrx_word' id='word_1_427' title='bbox 1619 5021 1711 5086; x_wconf 84' lang='lat' dir='ltr'><em>ed.</em></span> <span class='ocrx_word' id='word_1_428' title='bbox 1741 5022 2028 5100; x_wconf 53' lang='lat' dir='ltr'><em>Beki-er,-</em></span> <span class='ocrx_word' id='word_1_429' title='bbox 2066 5020 2423 5086; x_wconf 85' lang='lat' dir='ltr'><em>consularis</em></span> <span class='ocrx_word' id='word_1_430' title='bbox 2457 5021 2554 5085; x_wconf 71' lang='lat' dir='ltr'><em>tit.</em></span> <span class='ocrx_word' id='word_1_431' title='bbox 2619 5020 2810 5099; x_wconf 82' lang='lat' dir='ltr'><em>(Cum</em></span> <span class='ocrx_word' id='word_1_432' title='bbox 2846 5020 3112 5083; x_wconf 74' lang='lat' dir='ltr'><em>adlectio</em></span> <span class='ocrx_word' id='word_1_433' title='bbox 3146 5022 3312 5083; x_wconf 68' lang='lat' dir='ltr'><em>inter</em></span> 
     </span>
     <span class='ocr_line' id='line_1_45' title="bbox 722 5121 3312 5203; baseline 0 -16"><span class='ocrx_word' id='word_1_434' title='bbox 722 5121 1083 5187; x_wconf 79' lang='lat' dir='ltr'><em>consula-res</em></span> <span class='ocrx_word' id='word_1_435' title='bbox 1110 5124 1369 5203; x_wconf 78' lang='lat' dir='ltr'><em>nonnisi</em></span> <span class='ocrx_word' id='word_1_436' title='bbox 1397 5125 1582 5187; x_wconf 78' lang='lat' dir='ltr'><em>tertio</em></span> <span class='ocrx_word' id='word_1_437' title='bbox 1621 5123 1872 5188; x_wconf 82' lang='lat' dir='ltr'><em>saeculo</em></span> <span class='ocrx_word' id='word_1_438' title='bbox 1902 5125 2283 5199; x_wconf 74' lang='lat' dir='ltr'><em>inveniatur,</em></span> <span class='ocrx_word' id='word_1_439' title='bbox 2323 5144 2566 5186; x_wconf 85' lang='lat' dir='ltr'><em>neeesse</em></span> <span class='ocrx_word' id='word_1_440' title='bbox 2596 5127 2687 5185; x_wconf 82' lang='lat' dir='ltr'><em>est</em></span> <span class='ocrx_word' id='word_1_441' title='bbox 2716 5122 3065 5186; x_wconf 77' lang='lat' dir='ltr'><em>Aristocles</em></span> <span class='ocrx_word' id='word_1_442' title='bbox 3096 5123 3312 5187; x_wconf 84' lang='lat' dir='ltr'><em>consul</em></span> 
     </span>
    </p>
   </div>
  </div>
 </body>
</html>
