3859 5992
490 539 775 594 ANNIVS
1810 528 1897 594 64
2929 535 3211 592 ANNIVS

492 736 620 802 483
666 733 921 800 Annius
956 734 1256 816 Faustus,
1306 734 1624 820 equestris
1655 732 1919 816 ordinis,
1968 732 2082 818 qui
2122 728 2518 816 temporibus
2549 731 2825 796 Neronis
2847 720 3210 798 'delationes

623 839 1051 919 factitaverat,
1086 858 1255 900 anno
1280 836 1363 901 69
1397 859 1437 901 a
1460 834 1657 900 Vibio
1682 835 1915 922 Crispo
1947 843 2288 900 accusatus
2318 844 2384 899 et
2403 834 2747 900 damnatus
2780 836 2929 903 Tac.
2946 835 3008 900 h.
3025 840 3205 912 2,10.

491 942 621 1006 484
664 942 921 1007 Annius
965 937 1250 1022 Fetialis,
1299 948 1526 1003 auctor
1572 937 1767 1004 Plinii
1812 937 1993 1003 Plin.
2042 959 2106 1002 n.
2152 936 2213 1002 h.
2250 936 2381 1002 ind.
2422 937 2460 1002 l.
2492 943 2591 1004 16.
2621 942 2704 1002 33
2733 936 3079 1022 (Fetialis).
3125 943 3210 1003 36

618 1043 898 1128 (Annius
927 1041 1258 1122 Fetialis);
1297 1042 1533 1106 citatur
1560 1040 1817 1106 Annius
1846 1039 2115 1105 Fetialis
2147 1039 2221 1104 de
2252 1044 2470 1104 statua
2495 1038 2780 1105 Cloeliae
2809 1039 2939 1105 ibd.
2969 1045 3070 1118 34,
3101 1044 3206 1106 29.

491 1147 617 1213 485
662 1147 741 1211 L.
782 1145 1038 1210 Annius
1075 1142 1342 1209 Fetialis
1388 1144 1457 1207 in
1501 1142 1713 1226 teyula
1755 1143 2027 1225 oriqini's
2067 1142 2345 1207 incertae
2374 1141 2523 1207 XV
2545 1147 2683 1219 796,
2725 1164 2914 1225 quam
2939 1148 3210 1226 propter

618 1250 895 1332 formam
930 1248 1285 1312 litterarum
1313 1245 1561 1311 saeculo
1581 1247 1797 1329 primo
1830 1245 2057 1309 tribuit
2083 1243 2346 1309 Dressel
2359 1264 2381 1322 ,·
2417 1245 2692 1326 fortasse
2723 1250 2947 1310 auctor
2977 1244 3206 1310 Plinii.

491 1352 619 1418 486
665 1350 737 1417 C.
769 1351 1024 1417 Annius
1054 1349 1424 1415 Flavianus.
1501 1347 1749 1413 Titulus
1793 1349 1926 1413 eius
1973 1346 2160 1412 VIII
2193 1347 2263 1412 S.
2296 1350 2500 1412 17900
2529 1345 2624 1430 (1)
2666 1347 3210 1431 Thamugadensis

619 1454 911 1532 mutila-33
965 1454 1334 1518 nominatur
1392 1451 1461 1515 in
1521 1450 1702 1515 titulo
1761 1450 1888 1534 filii
1949 1449 2135 1515 VIII
2168 1450 2237 1518 S.
2268 1453 2471 1516 17899
2515 1449 2630 1533 (2).
2696 1486 2771 1497 —
2833 1449 2909 1516 C.
2954 1450 3209 1516 Annius

622 1555 977 1622 Flavianus
1010 1560 1052 1619 t.
1086 1561 1145 1623 1.
1176 1559 1241 1630 2,
1282 1575 1449 1640 equo
1484 1552 1740 1639 publico
1777 1558 1820 1617 t.
1853 1559 1918 1631 1;
1963 1552 2325 1643 praefectus
2357 1552 2639 1617 cohortis
2670 1552 2807 1618 1111
2838 1554 3205 1636 Raetorum,

623 1659 920 1725 tribunus
978 1658 1103 1742 leg.
1150 1658 1251 1722 111
1310 1656 1606 1738 Italicae,
1670 1655 2036 1742 praefectus
2096 1655 2238 1720 alae
2282 1657 2315 1721 I
2368 1654 2638 1720 Flaviae
2683 1654 3206 1739 Sabastenorum‚

625 1763 814 1827 donis
872 1758 1259 1826 militaribus
1319 1758 1594 1823 donatus
1653 1757 1820 1824 bello
1878 1759 2269 1825 Germanico
2315 1758 2383 1823 11
2431 1806 2659 1831 ......
2721 1757 3209 1844 subpraefectus

621 1863 845 1928 classis
890 1863 1253 1950 praetoriae
1296 1861 1701 1944 Misenensis,
1749 1870 2132 1947 procurator
2175 1859 2439 1946 Alpium
2486 1859 3014 1925 Atrectianarum
3062 1864 3104 1927 t.
3150 1865 3209 1937 1,

626 1975 1010 2054 procurator
1068 1965 1461 2051 (patrimonii
1526 1968 1567 2028 t.
1625 1968 1674 2030 2
1731 1986 1808 2027 ex
1864 1964 2284 2045 restitutione)
2344 1973 2586 2027 tractus
2645 1961 3211 2046 Karthaginiensis

626 2076 670 2135 t.
717 2076 772 2134 1.
818 2074 885 2137 2.
923 2106 1010 2115 —
1054 2066 1270 2132 Filius
1312 2066 1408 2132 vel
1446 2087 1636 2149 yener
1679 2065 1977 2151 [Annii‘i’]
2024 2065 2304 2130 Arminii
2350 2066 2613 2149 Donati,
2660 2074 2846 2151 pater
2888 2064 2963 2134 C.
3010 2065 3211 2130 Annii

625 2171 905 2238 Arminii
950 2171 1196 2235 Donati
1242 2175 1283 2234 t.
1320 2175 1386 2235 2.

496 2275 621 2341 487
667 2285 746 2342 Μ.
791 2282 1071 2338 ANNIVS
1118 2281 1437 2337 FLAVIVS
1484 2280 1680 2350 LIBO,
1727 2270 1952 2335 consul
1996 2294 2054 2336 a.
2087 2272 2213 2337 204
2258 2294 2405 2337 cum
2441 2272 2517 2337 L.
2553 2269 2753 2336 Fabio
2800 2269 3050 2336 Cilone.
3127 2269 3212 2334 In

629 2377 995 2443 consulam:
1038 2376 1126 2441 M.
1158 2375 1474 2458 Ann(ius)
1506 2373 1731 2457 Lib(o)
1765 2373 1838 2439 de
1868 2374 2066 2439 Rossi
2094 2376 2395 2456 Inscript.
2431 2372 2780 2440 Christian.
2813 2374 2865 2439 I
2885 2396 2956 2457 p.
2989 2376 3032 2435 8
3064 2392 3126 2438 n.
3150 2377 3208 2448 4,

629 2480 891 2568 [Ἀν]νίῳ
935 2477 1198 2567 Λίβων[ι]
1260 2477 1429 2542 Ross
1473 2477 1774 2560 Inscript.
1828 2499 1926 2561 qr.
1989 2478 2153 2546 ined.
2201 2478 2294 2543 II
2314 2501 2387 2562 p.
2433 2483 2514 2543 44
2571 2499 2633 2545 n.
2679 2481 2805 2544 152
2821 2477 2878 2554 b,
2940 2474 3211 2541 Flabius

627 2581 769 2667 (sie)
802 2581 967 2647 Libo
1014 2581 1117 2646 VI
1132 2584 1323 2658 2003,
1372 2584 1640 2645 ceterum
1671 2579 1840 2645 Libo
1880 2582 2060 2663 fasti.
2094 2619 2171 2626 —
2205 2581 2382 2646 Idem
2416 2586 2506 2645 est
2534 2580 2625 2645 M.
2656 2579 2912 2645 Annius
2943 2578 3209 2643 Flavius

624 2684 794 2751 Libo
825 2684 1020 2750 salius
1049 2683 1383 2750 Palatinus
1414 2682 1622 2748 factus
1653 2705 1712 2749 a.
1738 2684 1859 2749 178
1893 2683 1997 2748 VI
2014 2688 2194 2751 1979.
2265 2684 2483 2750 Potest
2512 2683 2688 2767 filius
2719 2703 2847 2748 esse
2878 2683 2977 2748 M.
3007 2681 3214 2746 Annii

624 2789 893 2854 Isibonis
934 2808 999 2852 n.
1036 2792 1179 2853 509.

498 2893 624 2958 488
672 2902 749 2957 Μ.
795 2898 1073 2954 ANNIVS
1132 2895 1559 2952 FLORIANVS
1619 2917 1703 2941 =
1765 2897 1917 2953 IMP.
1978 2895 2272 2950 CAESAR
2329 2898 2408 2952 M.
2454 2896 2734 2952 ANNIVS
2786 2895 3210 2953 FLORIANVS

626 3003 797 3061 AVG.
892 2990 1127 3057 Tituli:
1166 2990 1529 3074 Hispaniae
1572 2991 1665 3056 II
1696 2994 1857 3056 1115
1900 2991 2010 3075 (1),
2071 2988 2460 3054 Britanniae
2504 2988 2649 3055 VII
2678 2992 2836 3056 1156
2882 2987 2999 3073 (2),
3053 2989 3212 3055 Ger-

626 3097 885 3162 maniae
944 3093 1318 3160 Braanbach
1382 3094 1823 3176 inscriptiones
1881 3092 2236 3157 Rhenanae
2293 3096 2451 3158 1964
2511 3089 2598 3173 (3)
2619 3143 2633 3169 ‚
2702 3091 2961 3157 Galliae
3017 3092 3216 3159 Orelli

628 3203 790 3264 1036
849 3197 957 3283 (4),
1027 3195 1403 3261 Dalmatiae
1461 3196 1595 3261 III
1643 3196 1713 3264 S.
1767 3201 1972 3261 10061
2028 3194 2139 3280 (5).
2257 3194 2523 3260 Nummi
2577 3194 2827 3261 Eclchel
2883 3195 3026 3260 VII
3069 3199 3209 3271 499,

622 3301 830 3367 Cohen
876 3300 976 3366 VI
983 3299 1008 3338 ²
1052 3304 1201 3366 239.
1294 3297 1578 3364 Nomina
1624 3298 1824 3382 plena
1883 3297 2175 3363 eoehibent
2231 3297 2402 3362 tituli
2447 3299 2823 3381 nummique‚
2870 3296 3210 3362 Florianus

629 3403 803 3487 apud
839 3403 1199 3485 scriptores,

753 3506 986 3569 Frater
1030 3503 1120 3572 M.
1168 3502 1425 3569 Claudii
1472 3502 1682 3567 Taciti
1729 3503 1842 3588 qui
1904 3502 2253 3588 imperavit
2296 3504 2666 3585 scriptores‘,
2713 3524 3060 3584 germanus
3104 3503 3211 3568 vit.

636 3609 835 3674 Tacit.
881 3612 980 3684 14,
1025 3612 1063 3672 1
1081 3657 1096 3683 ,
1155 3605 1266 3671 sed
1320 3605 1486 3689 quod
1528 3604 1693 3669 idem
1738 3603 2125 3687 bioyraphus
2166 3609 2264 3680 17,
2313 3610 2353 3669 4
2399 3605 2474 3669 de
2528 3604 2746 3669 Tacito
2791 3609 2849 3670 et
2892 3604 3211 3670 Floriano

625 3713 851 3777 scribit
889 3711 1189 3776 ‘diversis
1233 3707 1529 3795 patribus
1576 3709 1707 3772 nati
1755 3706 2175 3790 ferebantur‘,
2214 3709 2448 3772 rectius
2483 3707 2730 3772 videtur
2774 3730 2850 3772 ex
2889 3709 3211 3773 nominum

626 3816 894 3882 ratione.
984 3813 1360 3878 Praefectus
1419 3812 1741 3897 praetorio
1796 3811 2010 3875 Taciti
2074 3812 2137 3874 in
2186 3810 2345 3875 Asia
2398 3832 2545 3875 cum
2593 3810 2852 3896 Scythis
2898 3812 3214 3897 pugnavit

630 3918 923 3984 Zosimus
954 3923 1012 3993 1,
1045 3921 1144 3993 63,
1193 3915 1490 3980 Zonaras
1518 3918 1625 3991 12,
1658 3917 1764 3979 28.
1828 3914 2061 3978 Fratre
2094 3912 2432 3978 interfecto
2467 3915 2813 4001 imperator
2843 3913 3052 3979 factus
3097 3922 3208 3994 est,

628 4029 747 4087 τῶν
793 4022 901 4106 μὲν
945 4019 1096 4084 κατὰ
1133 4020 1238 4103 τὴν
1270 4015 1429 4105 ἑῴαν
1463 4017 1710 4101 βασιλέα
1739 4016 1981 4106 Πρόβον
2012 4017 2334 4102 ἑλομένων,
2380 4024 2498 4082 τῶν
2530 4018 2597 4082 δὲ
2626 4017 2775 4082 κατὰ
2812 4019 2917 4102 τὴν
2947 4014 3211 4103 Ῥώμην,

629 4121 995 4210 Φλωριανόν.
1060 4122 1158 4186 καὶ
1208 4120 1449 4208 Πρόβος
1509 4123 1616 4206 μὲν
1677 4121 1839 4206 εἶχεν
1898 4119 2115 4207 Συρίαν
2171 4122 2268 4185 καὶ
2327 4120 2602 4207 Φοινίκην
2661 4122 2758 4185 καὶ
2811 4120 3211 4205 Παλαιστίνην

630 4228 729 4292 καὶ
772 4228 877 4312 τὴν
921 4222 1215 4309 Αἴγυπτον
1262 4224 1515 4299 ἅπασαν,
1576 4225 1648 4288 τὰ
1709 4221 1763 4287 δ’
1794 4224 1909 4287 ἀπὸ
1960 4220 2226 4294 Κιλικίας
2285 4223 2491 4309 μέχρις
2542 4221 2790 4294 Ἰταλίας
2836 4222 3214 4309 Φλωριανός·

632 4330 928 4414 ὑπήκουον
966 4328 1033 4391 δὲ
1077 4326 1245 4413 αὐτῷ’
1285 4327 1383 4391 καὶ
1426 4326 1498 4390 τὰ
1541 4327 1687 4413 ὑπὲρ
1732 4327 1835 4397 τὰς
1874 4322 2122 4397 Ἄλπεις
2162 4325 2328 4412 ἔθνη,
2376 4326 2638 4391 Γαλάται
2680 4327 2777 4391 καὶ
2813 4320 3047 4412 Ἴβηρες
3089 4324 3214 4410 ἅμα

632 4436 711 4515 τῇ
754 4427 1125 4517 Βρεττανικῇ
1166 4432 1350 4516 νήσῳ,
1395 4431 1494 4494 καὶ
1537 4430 1775 4516 προσέτι
1819 4455 1889 4516 γε
1937 4430 2139 4494 ἅπασα
2169 4429 2354 4518 Λιβύη
2401 4431 2498 4493 καὶ
2541 4430 2613 4494 τὰ
2659 4426 3010 4515 Μαυρούσια
3054 4431 3214 4514 φῦλα

635 4532 928 4598 Zosimus
961 4537 1017 4609 1,
1064 4536 1144 4597 64
1187 4561 1269 4585 =
1319 4533 1619 4597 Zonaras
1656 4537 1715 4609 1,
1762 4536 1847 4598 29
1905 4532 2008 4616 (ecc
2047 4531 2252 4597 eodem
2300 4529 2516 4614 fauts),
2576 4530 2648 4594 id
2687 4529 2853 4612 quod
2895 4530 3215 4617 probatur

629 4636 765 4718 fere
823 4640 883 4701 et
931 4634 1133 4699 titulis
1192 4640 1251 4699 et
1310 4656 1379 4700 eo
1435 4636 1603 4717 quod
1656 4656 1783 4700 non
1838 4639 2058 4699 extant
2115 4635 2360 4698 nummi
2403 4632 2838 4698 Alexandrini
2885 4632 3213 4697 Floriani.

638 4737 821 4820 Quod
875 4738 1072 4819 refert
1131 4737 1518 4820 bioyraphus
1577 4743 1683 4813 14,
1745 4743 1784 4801 1
1842 4735 2219 4801 Florianum
2277 4738 2625 4822 arripuisse
2686 4736 3022 4821 imperium
3084 4755 3215 4798 non

634 4850 896 4906 senatus
932 4841 1334 4921 auctoritate,
1382 4839 1495 4904 sed
1539 4861 1654 4904 suo
1700 4849 1894 4921 motu,
1946 4838 2307 4903 Florianus
2336 4861 2406 4903 re
2433 4860 2584 4904 vera
2610 4838 2857 4904 videtur
2882 4836 3217 4920 sumpsisse

631 4945 965 5027 imperium
1024 4948 1271 5007 tantum
1332 4965 1408 5006 ex
1464 4941 1735 5005 militum
1795 4962 2112 5006 consensu.
2208 4941 2516 5025 Aynitum
2575 4947 2784 5007 autem
2842 4960 2970 5006 esse
3023 4944 3096 5003 ut
3147 4941 3218 5003 in

632 5047 851 5111 ceteris
896 5045 1232 5110 occidentis
1263 5045 1569 5128 partibus
1611 5045 1706 5108 ita
1745 5044 1992 5108 Romae
2035 5045 2170 5109 veri
2210 5045 2415 5108 simile
2445 5045 2704 5109 ridetur.
2782 5045 2943 5129 Imp.
2973 5041 3217 5108 Caesar

632 5148 719 5212 M.
786 5147 1037 5213 Annius
1096 5145 1441 5213 Florianus
1500 5147 1647 5233 pius
1706 5144 1862 5210 felix
1925 5147 2208 5211 invictus
2263 5144 2455 5229 Aug„
2520 5145 2817 5232 pontifex
2872 5145 3213 5228 maximus,
