3859 5992
579 589 983 646 COSSONIVS
1875 580 1997 644 475
3046 584 3288 641 ΟΟΤΤΑ

580 788 744 854 1255
791 798 858 853 L.
892 787 1361 872 COSSO[NIVS],
1411 788 1618 852 [Hvir
1657 809 1808 852 aere
1854 788 2146 872 [argento
2192 809 2352 852 auro
2397 784 2617 852 flando
2662 783 3006 868 feriundOJ,
3053 785 3285 869 pont[i-

701 890 837 975 fex]
882 890 1004 957 IX
1045 896 1222 957 1122
1265 895 1308 957 t.
1353 890 1769 956 Aeclanensis
1810 890 2091 955 mutilus

580 996 744 1059 1256
787 1003 855 1061 L.
892 1002 1293 1059 COSSONIVS
1324 1002 1594 1057 EGGIVS
1625 1003 2050 1076 MARVLLVS,
2084 992 2312 1058 consul
2341 1015 2511 1057 anno
2539 993 2663 1057 184
2691 1013 2838 1056 cum
2868 990 2988 1058 Cn.
3022 991 3284 1077 Papirio

702 1097 995 1162 Aelian0.
1108 1099 1192 1163 In
1258 1098 1624 1162 consulatu:
1688 1097 1765 1162 L.
1827 1096 2181 1162 Cossonius
2240 1097 2489 1180 Eggius
2548 1093 2867 1160 Marullus
2935 1094 3038 1160 VI
3083 1099 3288 1173 2099,-

699 1200 778 1265 L.
840 1201 1088 1283 Eggius
1147 1199 1463 1265 Marullus
1525 1199 1629 1265 VI
1674 1205 1802 1266 723
1861 1199 2256 1284 (Maryllus).
2321 1204 2504 1276 1993,
2567 1198 2687 1263 IX
2735 1201 2916 1274 4686,
2980 1197 3054 1262 Χ
3102 1202 3282 1274 5160,

702 1302 864 1369 ΧΙΙ
895 1307 1084 1381 1782,
1137 1302 1327 1369 XIV
1354 1308 1533 1385 3663,
1583 1308 1851 1368 ceterum
1893 1301 2213 1368 Marullus
2258 1303 2431 1385 fasti.

830 1408 909 1471 In
968 1405 1179 1471 locum
1237 1407 1313 1473 L.
1364 1406 1660 1472 Cossonii
1704 1406 1898 1489 Eggii
1946 1403 2243 1488 Marulli,
2305 1404 2447 1470 salii
2503 1404 2813 1486 Palatini,
2878 1405 2988 1490 qui
3049 1402 3283 1467 flamen

705 1508 914 1574 factus
980 1508 1251 1593 collegio
1321 1510 1602 1592 exierat,
1683 1508 1846 1574 alius
1915 1517 2257 1595 cooptatur
2319 1530 2487 1573 anno
2559 1507 2681 1573 170
2746 1506 2850 1572 VI
2901 1511 3066 1573 1978
3128 1508 3291 1588 fasti

701 1612 1028 1678 saliorum.

629 1749 701 1758 ·-
746 1724 808 1779 G.
855 1725 1293 1781 PASSIENIVS
1340 1724 1743 1781 COSSONIVS
1791 1725 2030 1781 SCIPIO
2077 1724 2412 1780 ORFITVS.

615 1853 703 1862 —
746 1816 1060 1883 Claudius
1103 1817 1361 1884 Cossus.

580 1919 740 1985 1257
790 1929 1292 1987 COSSVTIANVS
1341 1932 1625 2005 CAPITO,
1674 1922 1926 2005 legatus
1961 1921 2230 1987 Ciliciae
2268 1943 2437 1986 anno
2470 1920 2548 1986 57
2599 1943 2681 1984 ex
2726 1919 3065 2005 provincia
3108 1940 3286 2003 repe-

706 2023 1056 2090 tundarum
1086 2024 1428 2090 damnatus
1468 2026 1615 2091 Tae.
1649 2048 1710 2093 a.
1740 2031 1842 2103 13,
1874 2030 1996 2102 33,·
2041 2030 2138 2108 16,
2174 2030 2280 2101 21,
2327 2046 2448 2107 quo
2472 2024 2793 2107 pertinent
2819 2041 3032 2086 versus
3067 2032 3285 2107 ‘quam

706 2125 977 2190 fulmine
1019 2128 1187 2191 iusto
1234 2137 1300 2192 et
1343 2127 1575 2212 Capito
1622 2138 1687 2191 et
1729 2127 2033 2191 Numitor
2077 2128 2330 2192 ruerint
2373 2126 2719 2190 damnante
2764 2133 2990 2188 senatu
3036 2125 3286 2208 piratae

704 2228 1002 2294 Cilicum'
1036 2229 1324 2297 Juvenal.
1356 2233 1417 2299 8.
1447 2234 1704 2308 92-94;
1747 2229 1953 2293 verba
1997 2229 2315 2315 quaedam
2360 2229 2751 2293 accusatoris
2796 2227 2984 2291 affert
3023 2226 3283 2306 Quintil.

705 2334 848 2396 inst.
897 2338 953 2414 6,
997 2338 1057 2411 1,
1101 2339 1197 2398 14.
1292 2335 1515 2401 Gener
1556 2332 1865 2417 Tigellini
1911 2333 2059 2400 Tac.
2095 2354 2156 2397 a.
2187 2337 2286 2410 14,
2316 2336 2435 2411 48,·
2475 2337 2575 2408 16,
2606 2335 2705 2408 17,
2753 2332 2937 2394 cuius
2983 2326 3287 2414 precibus

703 2433 895 2520 paulo
943 2445 1087 2520 post
1132 2436 1611 2501 damnationem
1656 2437 2049 2500 senatorium
2098 2435 2391 2499 ordinem
2434 2435 2683 2519 recepit
2727 2443 2793 2497 et
2835 2454 3005 2497 anno
3037 2433 3117 2496 61
3152 2430 3283 2495 An-

705 2538 952 2601 tistium
999 2538 1342 2604 Sosianum
1405 2540 1737 2604 accusavit
1777 2538 1908 2606 ibd.
1955 2543 2054 2615 14,
2102 2543 2219 2616 48;
2272 2560 2442 2603 anno
2488 2539 2572 2602 66
2616 2537 2889 2601 Paetum
2930 2535 3285 2599 Thraseam

705 2639 831 2705 ibd.
866 2646 963 2718 16,
996 2645 1101 2707 21.
1133 2648 1245 2708 22.
1279 2645 1529 2719 27-28,
1577 2640 1661 2706 ob
1707 2642 1774 2706 id
1819 2643 2127 2727 praemiis
2171 2642 2447 2706 donatus
2487 2639 2615 2705 ibd.
2654 2645 2751 2716 16,
2783 2643 2881 2703 33.
2918 2677 2995 2687 —
3043 2637 3284 2703 Memo-

698 2748 888 2807 ratur
929 2744 1058 2810 ibd.
1091 2751 1185 2828 11,
1221 2750 1261 2810 6
1276 2765 1296 2823 ,·
1338 2749 1436 2829 16,
1469 2749 1574 2812 26.

616 2882 702 2890 —
745 2855 1119 2910 PEDANIVS
1169 2856 1420 2914 COSTA.

577 2950 742 3013 1258
789 2948 1138 3015 Costunius
1155 2949 1243 3033 (‘?)
1299 2950 1573 3015 Rufinus
1632 2951 1753 3016 sub
1810 2950 2142 3015 Antonino
2195 2951 2315 3014 Pio
2368 2950 2674 3033 Pergami
2736 2947 3047 3033 templum
3108 2948 3284 3012 Iovis

703 3052 991 3138 Asclepii
1037 3054 1331 3118 extruxit
1371 3053 1656 3119 Galenus
1692 3055 1785 3120 II
1803 3076 1874 3136 p.
1907 3059 2043 3120 224
2073 3053 2164 3119 K.

613 3192 701 3202 —
747 3165 1129 3220 SERVENIA
1190 3165 1539 3221 CORNVTA
1607 3166 1990 3221 CORNELIA
2051 3165 2478 3220 CALPVRNIA
2535 3164 2872 3219 VALERIA
2935 3164 3281 3219 SECVNDA

703 3258 1035 3341 coTIA(?)
1079 3267 1453 3323 PRoolLLA
1645 3268 2013 3324 LVCVLLA.

577 3361 741 3426 1259
786 3360 1025 3445 Cotis0,
1066 3384 1186 3426 rex
1224 3363 1556 3428 Dacorum
1591 3362 1784 3428 Flor.
1820 3368 1886 3439 2,
1923 3367 2033 3439 28,
2071 3384 2192 3426 rex
2229 3363 2575 3443 Getarum,
2626 3362 2729 3425 cui
2769 3359 3116 3426 Caesarem
3150 3360 3287 3442 (qui

696 3469 924 3547 postea
952 3464 1305 3549 Auqastus)
1334 3464 1568 3530 Iuliam
1598 3465 1799 3530 filiam
1826 3465 2267 3551 despondisse,
2292 3486 2421 3550 quo
2450 3475 2735 3551 tempore
2764 3464 2884 3528 sibi
2918 3486 3176 3549 quoque
3212 3465 3276 3526 in

701 3569 910 3631 vicem
941 3567 1143 3632 filiam
1175 3570 1348 3652 regis
1379 3571 1445 3632 in
1479 3570 1954 3633 matrimonium
1985 3570 2293 3654 petiisset,
2331 3567 2824 3632 insimulaverat
2843 3567 2932 3631 M.
2955 3566 3281 3632 Antonius

698 3669 953 3736 Sueten.
985 3671 1258 3754 Anyust.
1290 3676 1404 3750 63;
1435 3671 1672 3736 occidit
1699 3672 1867 3737 Daci
1900 3671 2226 3737 Cotisonis
2258 3691 2492 3754 agmen
2524 3671 2757 3736 Horat.
2791 3692 2986 3735 carm.
3008 3676 3067 3747 3,
3093 3675 3154 3747 8,
3178 3676 3277 3747 18,

697 3773 866 3856 qaod
906 3775 1165 3856 scripsit
1206 3775 1278 3838 in
1320 3774 1448 3839 kal.
1498 3775 1791 3839 Martias
1836 3797 1896 3840 a.
1929 3780 2057 3841 725
2087 3804 2171 3828 ==
2196 3779 2304 3851 29,
2353 3796 2490 3839 cum
2538 3773 2638 3839 M.
2678 3775 2971 3838 Ia'einias
3009 3772 3283 3839 Crassus

695 3875 841 3961 (eos.
890 3898 949 3940 a.
986 3876 1134 3960 724)
1167 3877 1517 3961 proconsul
1559 3879 1629 3941 in
1661 3878 2117 3943 Macedoniam
2158 3879 2387 3943 missus
2426 3883 2647 3942 eontra
2682 3876 2963 3942 Thraces
2993 3883 3051 3941 et
3084 3877 3284 3943 Getas

701 3980 934 4044 bellam
971 3985 1216 4063 gereret
1252 3979 1386 4045 Dio
1426 3983 1524 4058 51,
1571 3985 1659 4048 23
1686 4000 1813 4063 sqq.
1898 3980 1999 4063 Cf.
2035 3981 2410 4058 Mommsen,
2449 3982 2579 4045 Res
2604 3985 2818 4063 qestae
2847 3981 2979 4044 divi
3003 3980 3284 4063 Augusti

695 4105 767 4165 p.
815 4088 942 4147 130
959 4082 1005 4146 2.

574 4187 739 4250 1260
786 4194 1030 4250 COTTA
1063 4183 1167 4251 VI
1181 4188 1342 4251 1395
1378 4187 1802 4269 fraymentwm
1839 4187 2014 4251 tituli
2052 4188 2307 4263 urbani,
2354 4186 2523 4268 quod
2558 4187 2725 4251 nihil
2754 4191 3020 4269 praeter
3057 4207 3280 4249 nomen

699 4288 981 4367 exhibet‚·
1021 4309 1173 4353 num
1217 4293 1382 4353 recte
1425 4290 1592 4353 inter
1623 4290 1839 4354 titulos
1874 4290 2195 4355 hominum
2226 4289 2471 4354 ordinis
2511 4290 2820 4354 senatorii
2859 4289 3134 4353 relatum
3178 4290 3276 4364 sit,

695 4412 824 4455 non
867 4391 1074 4474 magis
1118 4396 1386 4474 apparet
1425 4414 1616 4475 qaam
1661 4393 1802 4474 qais
1843 4392 2292 4476 intelleyendus
2333 4394 2435 4460 sit.

576 4495 724 4558 126]
784 4493 992 4577 Cotta,
1044 4516 1241 4579 eques
1284 4496 1615 4560 Romanus
1654 4494 1912 4560 Claudii
1960 4497 2141 4560 iussu
2186 4519 2225 4560 a
2266 4495 2569 4560 Narcisso
2616 4495 2993 4559 interfectus
3041 4495 3281 4560 Seneca

701 4597 942 4679 apocal.
988 4603 1092 4663 13.

577 4701 735 4765 1262
784 4699 992 4783 Cotta,
1039 4722 1233 4786 quem
1261 4700 1568 4766 Lucanus
1600 4711 1791 4787 poeta
1829 4701 2170 4767 adlocutus
2217 4711 2313 4766 est
2354 4721 2538 4766 versu
2582 4701 2846 4767 laudato
2886 4725 2928 4766 a
2962 4702 3279 4768 Martiale

697 4808 799 4879 10,
845 4808 943 4880 64,
989 4809 1046 4870 6.

580 4906 737 4970 1263
784 4905 990 4989 Cotta,
1041 4928 1242 4971 senex
1283 4907 1648 4993 impudicus
1691 4908 1993 4973 Martial.
2042 4913 2100 4985 6,
2151 4912 2250 4986 70,
2296 4914 2362 4974 2.

620 5044 699 5053 --
743 5019 1117 5073 AVRELIVS
1166 5019 1429 5077 COTTA.

612 5148 698 5156 —
742 5121 820 5176 M.
867 5122 1239 5177 AVRELIVS
1289 5123 1530 5178 COTTA
1577 5124 1924 5181 MAXIMVS
1972 5146 2056 5168 =
2099 5125 2178 5179 Μ.
2224 5123 2598 5180 AVRELIVS
2647 5125 2887 5180 COTTA
2927 5126 3275 5183 MAXIMVS

697 5224 1191 5281 MESSALINVS.
