3859 5992
495 541 971 599 APOLLONIVS
1793 535 1822 599 l
1836 533 1918 598 14
2735 540 3208 599 APOLLONIVS

752 736 915 803 Inde
958 738 1039 803 ab
1088 742 1295 803 aetate
1325 736 1624 820 Septimii
1652 738 1874 804 Severi
1898 738 2284 822 Apollonius
2314 737 2526 803 divino
2556 737 2829 820 quodam
2859 738 3032 804 cultu
3061 738 3213 804 cele-

628 842 851 907 bratus
880 845 991 906 est.
1058 839 1226 906 Iulia
1257 840 1517 905 Domna
1549 839 2010 906 Philostratum
2041 842 2242 905 vitam
2280 843 2420 905 eius
2451 839 2733 905 scribere
2762 842 2950 906 iussit
2975 843 3111 908 vita
3137 845 3214 922 3;

622 941 997 1009 Antoninus
1042 944 1339 1008 Domnae
1383 941 1553 1007 filius
1600 944 1657 1006 ei
1702 943 1907 1008 veluti
1955 943 2136 1008 heroi
2188 943 2411 1008 fanum
2457 945 2749 1009 extruxit
2791 943 2925 1009 Dio
2965 950 3067 1023 77,
3109 948 3210 1022 18,

628 1043 941 1131 templum
973 1046 1220 1131 Tyenis
1267 1055 1531 1131 sumptu
1570 1045 1913 1132 principali
1946 1046 2186 1111 factum
2216 1049 2349 1111 vita
2377 1050 2438 1125 8,
2471 1052 2588 1125 31,·
2621 1048 2908 1114 Severus
2931 1047 3213 1113 Alexan-

627 1146 742 1213 der
787 1171 933 1213 eum
981 1149 1050 1213 in
1093 1146 1329 1213 larario
1376 1147 1602 1213 habuit
1644 1151 1753 1213 vit.
1784 1149 2153 1215 Alexandri
2177 1154 2284 1227 29,
2317 1155 2381 1216 2.
2474 1149 2898 1215 Aurelianum
2944 1172 3027 1215 ne
3058 1151 3213 1214 civi-

627 1260 822 1316 tatem
860 1251 1157 1336 Tyanam
1190 1247 1331 1333 (sic)
1379 1261 1718 1335 everteret,
1751 1253 1900 1316 visu
1934 1251 2284 1335 deterruit3
2321 1263 2536 1317 ‘norat
2563 1252 2812 1318 vultum
2847 1251 3211 1339 philosophi

626 1351 1015 1418 venerabilis
1046 1353 1439 1419 Aurelianus
1484 1364 1681 1440 atque
1727 1355 1791 1419 in
1838 1355 2060 1420 multis
2099 1356 2236 1419 eius
2268 1357 2614 1438 imaginem
2646 1355 2903 1420 viderat
2934 1354 3212 1441 templis,

628 1456 910 1543 denique
972 1458 1189 1522 statim
1248 1456 1575 1522 adtonitus
1636 1468 1700 1523 et
1752 1458 2097 1542 imaginem
2144 1469 2209 1522 et
2250 1469 2497 1523 statuas
2544 1468 2609 1523 et
2652 1458 2964 1544 templum
3005 1457 3213 1522 eidem

629 1560 946 1644 promisit‘
1005 1561 1112 1626 vit.
1167 1559 1519 1625 Aureliani
1574 1566 1678 1628 24.
1769 1560 2003 1625 Aetate
2060 1560 2453 1626 Diocletiani
2501 1560 2838 1626 Hierocles
2896 1563 2963 1624 in
3023 1559 3211 1644 libro,

631 1684 821 1748 quem
867 1663 1222 1750 Φιλαλήθης
1267 1662 1442 1748 λόγος
1487 1663 1833 1749 inscripsit,
1883 1663 2301 1750 Apollonium
2349 1686 2495 1728 cum
2526 1663 2785 1730 Christo
2834 1664 3212 1748 composuit,

629 1776 856 1830 contra
896 1787 1091 1852 quem
1131 1765 1456 1831 Eusebius
1491 1764 1811 1852 Pamphili
1858 1765 2149 1830 libellum
2181 1768 2245 1829 in
2280 1766 2607 1851 publicum
2645 1768 2857 1831 emisit
2892 1767 3002 1851 qui
3035 1776 3217 1831 extat

630 1866 729 1952 (p.
773 1873 897 1933 369
940 1888 1067 1951 sqq.
1115 1869 1208 1933 ed.
1259 1868 1586 1951 Kayser-i),
1651 1869 1733 1950 cf.
1783 1870 2080 1936 Laetant.
2128 1871 2395 1936 institut.
2441 1874 2500 1946 5,
2547 1876 2629 1949 2;
2678 1890 2948 1952 graecos
2992 1867 3210 1952 libros,

629 1970 846 2057 quide
869 1971 1008 2035 vita
1028 1970 1357 2057 Apollonii
1391 1972 1740 2057 conscripti
1770 1982 1939 2054 sunt,
1967 1982 2281 2036 memorat
2306 1972 2607 2055 Vopiscus
2631 1974 2740 2039 vit.
2759 1971 3076 2037 Aurelian
3107 1977 3213 2048 24,

626 2075 811 2138 ‘tanti
858 2074 985 2137 viri
1047 2073 1241 2138 facta‘
1295 2076 1361 2138 in
1420 2072 1665 2138 litteras
1723 2096 1792 2137 se
1851 2072 2209 2138 relaturum
2270 2096 2409 2138 esse
2469 2074 2811 2160 profitetur
2870 2073 3043 2138 idem
3085 2074 3214 2139 ibd.

628 2174 958 2261 Apollonii
989 2175 1410 2260 Pythagorici
1453 2178 1653 2240 vitam
1701 2199 1829 2241 non
1877 2187 1953 2241 ut
1986 2176 2422 2241 Nicomachus
2466 2178 2682 2241 senior
2727 2199 2761 2240 c
2805 2176 3216 2260 Philostrato,

631 2276 746 2342 sed
806 2289 880 2343 ut
921 2278 1197 2343 Tuscius
1241 2279 1660 2344 Victorianus
1720 2301 1756 2343 e
1815 2278 2193 2344 Nicomachi
2254 2278 2519 2345 schedio
2580 2282 2941 2366 exscripsit,
2989 2280 3217 2362 Leoni,

631 2382 787 2467 quia
817 2383 1108 2461 iusserat,
1143 2383 1319 2446 misit
1349 2382 1656 2447 Sidonius
1682 2381 2080 2467 Apollinaris
2112 2384 2290 2466 epist.
2318 2387 2380 2460 8,
2411 2386 2469 2450 3.
2531 2383 2609 2446 In
2640 2384 2848 2466 magis
2876 2381 3217 2465 gentilium

631 2498 1007 2548 numeratur
1034 2483 1281 2551 Arnob.
1312 2489 1371 2561 1,
1402 2488 1509 2550 52.
1558 2484 1765 2550 Οὐκέτι
1798 2484 2146 2571 φιλόσοφος,
2193 2483 2330 2550 ἀλλ’
2362 2485 2432 2571 ἦν
2467 2510 2521 2550 τι
2551 2486 2710 2550 θεῶν
2748 2509 2812 2550 τε
2855 2489 2953 2550 καὶ
2983 2486 3218 2573 ἀνθρώ-

629 2612 759 2653 πων
806 2587 985 2673 μέσον
1030 2587 1373 2669 Eunapias
1417 2588 1525 2651 vit.
1570 2587 1830 2670 sophist.
1880 2587 1973 2654 ed.
2013 2588 2106 2653 ΙΙ
2139 2586 2536 2652 Boissonade
2567 2609 2641 2670 p.
2671 2592 2792 2653 454
2836 2587 2920 2670 cf.
2953 2609 3026 2671 p.
3070 2591 3215 2664 500,

630 2687 1067 2775 amplissimus
1098 2688 1520 2776 philosophus
1551 2689 1934 2754 Ammianus
1966 2690 2394 2755 Marcellinus
2420 2695 2525 2767 23,
2558 2695 2616 2767 6,
2651 2695 2732 2755 19
2778 2693 2861 2773 cf.
2890 2694 2997 2768 21,
3028 2695 3126 2768 14,
3157 2695 3217 2755 5.

634 2792 1038 2858 Memoratur
1081 2792 1458 2857 Philostrat.
1509 2794 1618 2857 vit.
1663 2792 1839 2876 soph.
1874 2815 1946 2877 p.
1992 2797 2139 2859 206.
2186 2798 2338 2859 223.
2384 2798 2530 2871 247,
2592 2792 2960 2876 Hieronym.
3005 2793 3216 2859 chron.

632 2894 721 2959 ad
763 2918 824 2959 a.
871 2896 1036 2961 Abr.
1077 2899 1254 2962 2112
1289 2924 1373 2948 =
1414 2895 1686 2978 Syneell.
1725 2918 1798 2978 p.
1838 2902 1984 2973 652,
2033 2900 2134 2972 18,
2181 2895 2450 2977 Hesych.
2501 2894 2716 2962 Miles.
2766 2896 2846 2976 fr.
2881 2900 2938 2972 7,
2986 2897 3217 2961 Ioann.

630 2999 785 3067 Ant.
830 3001 916 3081 fr.
952 3004 1092 3066 105.
1139 3004 1266 3064 107
1306 2998 1532 3066 FHG.
1565 3000 1617 3064 Ι
1622 3000 1692 3077 V,-
1738 2998 2148 3086 [Ap]olonius
2194 2999 2548 3084 Thyaneus
2593 2997 2696 3062 VI
2720 3002 2945 3064 29828
2988 2990 3223 3082 clipeus

631 3104 701 3167 in
745 3104 1003 3168 tectorio
1036 3104 1271 3186 pictus

761 3204 1040 3287 Scripta,
1089 3226 1247 3287 quae
1288 3205 1404 3271 sab
1448 3206 1698 3270 nomine
1741 3205 2077 3288 Apollonii
2117 3204 2507 3286 ferebantur,
2555 3203 2941 3268 enumeravit
2984 3200 3227 3267 Suidas

629 3328 681 3375 S.
727 3328 782 3373 v.
831 3305 1252 3380 Ἀπολλώνιοςε
1316 3310 1381 3387 l)
1428 3310 1704 3394 διαθῆκαι
1759 3309 1841 3389 cf.
1882 3309 1992 3373 vit.
2038 3312 2110 3385 1,
2155 3313 2231 3385 3;
2277 3313 2334 3384 7,
2377 3311 2459 3372 35
2474 3326 2494 3384 ‚⁸
2552 3306 2621 3389 2)
2668 3308 2801 3393 περὶ
2846 3307 3121 3392 μαντείας
3164 3309 3225 3369 et

633 3413 701 3493 3)
745 3415 877 3498 περὶ
911 3414 1145 3477 ,θυσιῶν
1192 3412 1274 3493 cf.
1319 3413 1429 3475 vit.
1472 3415 1532 3488 3,
1578 3417 1658 3476 41
1715 3415 1811 3477 καὶ
1871 3413 2195 3498 ξυγγράψαι
2255 3412 2362 3495 μὲν
2424 3412 2554 3495 περὶ
2614 3413 2893 3495 μαντείας
2952 3407 3219 3496 ἀστέρων

633 3517 890 3605 βιβλίους
935 3515 1236 3601 τέτταρας,
1285 3518 1365 3579 ὧν
1409 3518 1505 3579 καὶ
1551 3514 1928 3601 Μοιραγένης
1966 3515 2339 3599 ἐπεμνήσθη,
2388 3513 2711 3599 ξυγγράψαι
2746 3514 2810 3576 δὲ
2841 3515 2970 3597 περὶ
3003 3512 3222 3577 θυσιῶν

630 3621 727 3683 καὶ
774 3621 858 3688 ὡς
899 3618 970 3684 ἄν
1014 3644 1096 3689 τις
1127 3620 1356 3704 ἑκάστῳ
1389 3619 1520 3705 θεῷ
1555 3618 1915 3705 προσφόρως
1957 3642 2018 3681 τε
2063 3621 2160 3681 καὶ
2204 3615 2652 3702 κεχαρισμένως
2695 3616 2847 3679 θύοι.
2890 3615 2964 3680 τὰ
3004 3615 3109 3700 μὲν
3152 3616 3223 3699 δὴ

632 3725 751 3785 τῶν
795 3719 1061 3806 ἀστέρων
1107 3723 1205 3785 καὶ
1245 3723 1351 3806 τὴν
1388 3722 1661 3807 τοιαύτην
1710 3723 1992 3805 μαντικὴν
2029 3756 2106 3764 -
2140 3756 2227 3766 —-
2258 3717 2382 3783 οὐδ’
2436 3720 2486 3782 εἰ
2522 3718 2806 3802 κέκτηταί
2843 3742 2927 3788 τις
2957 3719 3108 3795 οἶδα,
3153 3718 3220 3782 τὸ

635 3826 701 3889 δὲ
746 3825 877 3910 περὶ
913 3823 1134 3889 θυσιῶν
1182 3824 1245 3889 ἐν
1293 3828 1536 3894 πολλοῖς
1581 3825 1687 3908 μὲν
1735 3827 1913 3908 ἱεροῖς
1960 3822 2151 3907 εὖρον,
2201 3821 2265 3886 ἐν
2311 3825 2559 3891 πολλαῖς
2598 3822 2664 3885 δὲ
2711 3819 2948 3885 πόλεσιν
2981 3824 3227 3892 πολλοῖς

635 3929 701 3992 δὲ
745 3929 981 4011 ἀνδρῶν
1028 3934 1232 4013 σοφῶν
1281 3927 1462 3997 οἴκοις
1500 3931 1624 3990 κτλ.
1673 3927 1756 4007 cf.
1802 3925 1928 3989 iod.
1975 3930 2034 4002 4,
2069 3929 2184 4002 19,·
2228 3925 2294 4004 4)
2343 3926 2523 4008 ὕμνος
2566 3925 2647 3993 εἰς
2690 3922 3095 4008 Μνημοσύνην
3141 3924 3221 4004 cf.

632 4029 741 4096 vit.
784 4034 843 4105 1,
890 4033 1006 4107 14,·
1048 4031 1115 4111 5)
1165 4028 1519 4115 Πυθαγόρου
1570 4028 1729 4100 δόξαι
1775 4029 1857 4109 cf.
1903 4029 2012 4093 vit.
2055 4032 2115 4103 8,
2160 4032 2261 4104 19,
2307 4026 2423 4090 ubi
2450 4025 2831 4109 Apollonius
2872 4026 2987 4090 sub
3036 4026 3224 4090 terris

632 4151 772 4195 eum
823 4130 1183 4214 Tryphonio
1229 4131 1569 4195 collocutus
1624 4131 1713 4195 acl
1769 4131 1965 4195 lucem
2025 4131 2259 4195 librum
2314 4133 2670 4211 reportasse
2728 4127 2983 4205 elicitur,
3042 4129 3109 4193 τὸ
3158 4130 3223 4193 δὲ

639 4235 858 4322 βιβλίον
903 4234 1006 4304 τὰς
1040 4232 1394 4319 Πυθαγόρου
1441 4235 1570 4318 εἶχε
1605 4233 1774 4305 δόξας
1802 4270 1887 4279 -
1914 4270 2000 4278 -
2031 4236 2329 4299 ἀνάκειται
2366 4235 2433 4297 τὸ
2468 4233 2687 4319 βιβλίον
2718 4236 2886 4296 τοῦτο
2918 4230 2981 4296 ἐν
3016 4227 3223 4316 Ἀνθίῳ

638 4339 737 4402 καὶ
781 4338 1173 4408 σπουδάζεται
1221 4336 1313 4401 διὰ
1341 4337 1446 4423 τὴν
1481 4337 1664 4405 αἰτίαν
1697 4341 1859 4417 κτλ.;
1906 4336 1975 4413 6)
2008 4335 2365 4422 Πυθαγόρου
2399 4336 2538 4422 βίος,
2585 4334 2764 4397 cuius
2793 4331 3225 4397 Philostratus

637 4437 1009 4504 mentionem
1047 4457 1172 4501 non
1214 4438 1398 4518 fecit;
1441 4436 1606 4501 idem
1648 4436 1894 4501 videtur
1938 4438 2099 4502 liber
2143 4436 2216 4501 cle
2259 4438 2392 4501 vita
2436 4434 2843 4519 Pythayorae
2898 4434 2979 4499 ab
3024 4433 3224 4517 Apol-

639 4541 808 4606 lonio
853 4541 1145 4623 scr-ipius,
1191 4560 1371 4622 quem
1415 4539 1839 4605 adhibuerunt
1868 4539 2267 4623 Porphyrius
2296 4541 2401 4606 vit.
2436 4537 2622 4621 Pyth.
2652 4543 2700 4604 2
2742 4541 2804 4601 et
2832 4536 3234 4613 lamblichus

637 4645 746 4709 vit.
790 4642 978 4726 Pyth.
1024 4646 1360 4725 254-264,
1422 4663 1804 4725 quamquam
1844 4648 2064 4707 neuter
2109 4663 2246 4706 eum
2289 4647 2607 4706 auctorem
2650 4640 2846 4721 fuisse
2899 4639 3223 4722 Tyaneam

633 4746 1020 4829 siyniftcavit
1064 4745 1148 4827 cf.
1196 4744 1425 4822 Zeller,
1473 4744 1885 4828 Philosophie
1928 4744 2043 4809 cler
2095 4744 2405 4810 Griechen
2437 4743 2569 4808 III
2584 4743 2659 4808 2⁸
2693 4764 2765 4825 p.
2796 4747 2920 4806 143
2959 4741 3107 4807 adn.
3139 4779 3224 4789 —

635 4849 973 4933 Eln'stnlae
1016 4850 1269 4932 passim
1326 4849 1608 4914 citantur
1666 4870 1707 4913 a
1766 4847 2164 4913 Philostrato
2219 4849 2299 4930 cf.
2346 4847 2438 4911 vit
2479 4852 2538 4922 1,
2582 4850 2672 4912 32
2726 4842 3113 4917 Ἀπολλώνιος
3158 4845 3223 4909 δὲ

636 4952 1143 5039 ἐπιστολὴν.αὐτὰ
1188 4953 1517 5036 πεποίηται,
1565 4951 1761 5016 πολλὰ
1808 4953 1872 5016 δὲ
1911 4954 2009 5016 καὶ
2048 4951 2205 5016 ἄλλα
2248 4957 2367 5016 τῶν
2415 4952 2615 5036 ἑαυτῷ
2671 4950 2733 5019 ἐς
2777 4949 3025 5019 διάλεξιν
3073 4949 3223 5034 εἰρη-

638 5056 834 5142 μένων
879 5055 943 5128 ἐς
986 5054 1297 5126 ἐπιστολὰς
1338 5057 1781 5121 ἀνετυπώσατο.
1867 5053 2191 5130 Aliarum,
2239 5074 2399 5135 quae
2440 5053 2556 5117 sub
2601 5052 2851 5116 nomine
2893 5049 3227 5136 Apollonii

634 5160 823 5243 fictae
866 5178 995 5225 esse
1035 5157 1344 5235 videntur,
1391 5158 1755 5241 fraymenta
1799 5156 2046 5240 colleyit
2092 5158 2348 5239 Kayser
2378 5177 2452 5239 p.
2496 5158 2618 5221 345
2659 5174 2789 5237 sqq.
