3859 5992
639 523 993 583 ARcANVS
1945 513 2067 580 126
2906 520 3355 579 ARCHELAVS

659 759 747 770 —
809 721 1108 788 Arcanus
1148 721 1290 788 vide
1332 731 1401 788 L.
1445 730 1811 787 AEMILIVS
1855 729 2225 789 ARCANVS.

639 826 765 892 829
807 834 1295 909 ARCESILAVS‚
1344 824 1570 891 consul
1613 848 1671 892 a.
1718 825 1842 891 267
1890 846 2041 890 cum
2085 826 2366 891 Paterno
2410 824 2589 906 fasti.

639 928 766 994 830
811 928 1190 1012 Archelaus,
1240 951 1359 993 rex
1390 926 1861 1015 Cappadociae.
1962 927 2188 993 Tituli:
2231 926 2580 992 honoratus
2622 930 2715 992 est
2754 931 2797 997 t.
2829 925 3070 991 Atticis
3112 925 3353 991 mutilis

777 1030 936 1097 GIA
972 1032 1107 1097 III
1137 1035 1257 1097 545
1288 1032 1378 1120 (1)
1427 1080 1613 1099 .....
1662 1030 1935 1120 [βασιλέα
1981 1029 2434 1114 Καπ]παδοκίας
2479 1033 2575 1096 καὶ
2616 1035 2720 1115 τῆς
2760 1031 3044 1116 τραχείας
3088 1027 3353 1102 Κιλικίας

767 1132 1130 1222 Ἀ[ρχέλαον]
1170 1133 1561 1221 [φι]λόπατριν
1592 1182 1608 1199 .
1635 1183 1652 1200 .
1678 1184 1694 1200 .
1727 1138 1789 1199 et
1813 1138 1936 1200 546
1965 1136 2060 1220 (2)
2095 1182 2110 1198 .
2137 1183 2152 1198 .
2179 1183 2196 1198 .
2221 1183 2237 1197 .
2286 1133 2557 1221 [βασιλέα
2589 1129 2930 1219 Ἀρ]χέλαον
2962 1131 3349 1219 φιλ6[πατριν]

765 1285 954 1318 .....
1003 1243 1391 1302 memoratur
1445 1238 1517 1302 in
1571 1236 1775 1302 titulis
1815 1237 2054 1302 Atticis
2096 1235 2408 1302 Archelai
2446 1236 2575 1320 filii
2624 1234 2784 1309 C'IA
2827 1235 2961 1301 III
2989 1238 3117 1302 548
3159 1234 3248 1318 (3)
3292 1238 3352 1300 et

763 1338 1212 1424 [Glaphyrac]
1252 1340 1430 1424 filiae
1470 1345 1594 1406 549
1621 1339 1732 1423 (4).

897 1442 1191 1508 Nummi:
1235 1441 1312 1525 I)
1356 1442 1723 1509 Drachmae
1767 1446 2102 1526 arqeuteae
2146 1441 2500 1508 exhibentes
2539 1442 2610 1506 in
2639 1446 2835 1524 parte
2864 1440 3132 1507 adversa
3160 1445 3352 1525 caput

762 1544 933 1628 reqis
962 1544 1407 1623 diadematum,
1439 1548 1511 1612 in
1545 1566 1770 1611 aversa
1816 1545 2107 1632 βασιλέως
2139 1544 2460 1633 Ἀρχελάου
2510 1546 2924 1641 φιλοπάτριδος
2966 1550 3069 1610 τοῦ
3099 1546 3346 1622 κτίστου,

764 1647 833 1713 in
863 1668 1084 1731 campo
1112 1669 1406 1714 numeros
1434 1669 1747 1714 annorum
1767 1650 1965 1732 requi,
2000 1670 2265 1731 quorum
2292 1648 2553 1712 ultimus
2583 1648 2789 1715 adhuc
2816 1648 3104 1717 inventus
3126 1651 3217 1711 est
3247 1644 3348 1736 μβ’

762 1778 844 1804 =
874 1754 966 1816 42
997 1750 1241 1816 Eclchel
1269 1752 1403 1817 III
1407 1774 1481 1834 p.
1512 1756 1675 1828 201,
1724 1751 2020 1817 Mionnct
2058 1750 2178 1816 IV
2200 1774 2272 1834 p.
2317 1755 2457 1827 453,
2503 1755 2603 1815 67.
2649 1755 2747 1815 69.
2795 1754 2894 1827 70,
2943 1749 3169 1834 Suppl.
3217 1749 3360 1815 VII

767 1874 839 1937 p.
874 1857 1024 1930 722,
1057 1858 1178 1932 26,
1236 1854 1858 1937 Imhoof-Blumcr,
1904 1853 2362 1937 Portrtttkbpfe
2421 1854 2549 1936 auf
2596 1853 2856 1919 antilocn
2886 1852 3172 1917 Miinzen
3217 1852 3345 1917 tab.

764 1954 829 2021 V
856 1962 957 2023 31.
1032 1955 1146 2035 ΙΙ)
1194 1956 1461 2022 Nummi
1489 1957 1805 2023 Mazacae
1835 1958 1905 2023 in
1932 1957 2200 2022 adversa
2245 1977 2385 2021 cum
2428 1957 2633 2040 capite
2663 1954 2976 2032 Herculis,
3028 1955 3097 2020 in
3126 1974 3349 2020 aversa

761 2078 902 2123 cum
941 2065 1148 2124 monte
1189 2059 1403 2143 Aryeo
1449 2064 1510 2125 ct
1550 2061 1960 2144 inscmPtionc
2006 2059 2297 2146 βασιλέως
2343 2057 2664 2145 Ἀρχελάου
2710 2063 2768 2123 et
2813 2078 3126 2123 annorum
3166 2057 3349 2140 requi

760 2179 955 2242 usquc
984 2161 1074 2226 ad
1114 2160 1175 2249 μ’
1209 2192 1290 2216 =
1320 2168 1406 2228 40
1437 2163 1732 2229 Miounet
1760 2165 1810 2229 Ι
1818 2162 1880 2228 V
1881 2185 1956 2246 p.
1985 2167 2125 2239 443,
2160 2166 2260 2239 68,
2307 2161 2597 2227 Rcinach
2625 2161 2841 2228 Rcvue
2866 2161 3351 2243 numismatique

761 2265 926 2328 1886
950 2286 1014 2346 p.
1043 2269 1183 2331 463.

889 2365 1224 2451 Originem
1272 2368 1463 2433 duxit
1505 2367 1588 2433 ab
1629 2366 1951 2433 Archelao
1995 2366 2394 2432 Mithridatis
2438 2365 2622 2451 duce,
2670 2367 2785 2452 qui
2828 2375 3055 2431 contra
3098 2365 3346 2433 Sullam

761 2472 1114 2554 pugnavitz,
1147 2493 1345 2557 nepos
1377 2470 1680 2537 Archelai
1709 2471 1922 2535 mariti
1957 2470 2320 2552 Berenices,
2354 2470 2465 2555 qui
2499 2471 2567 2534 in
2595 2468 2897 2555 Aegypto
2929 2470 3181 2534 occisus
3213 2479 3343 2549 est3

763 2570 934 2635 filius
958 2571 1262 2638 Archelai
1288 2571 1723 2639 Comanorum
1755 2572 2128 2656 sacerdotis,
2154 2574 2268 2660 qui
2298 2596 2339 2637 a
2361 2571 2640 2638 Caesare
2667 2571 3027 2637 sacerdotio
3052 2572 3345 2656 privatus

760 2683 858 2738 est
885 2675 926 2759 (
921 2674 1051 2742 Cic.
1084 2675 1173 2740 acl
1195 2676 1511 2758 familiar.
1543 2682 1641 2754 15,
1678 2682 1737 2753 4,
1770 2681 1828 2754 6,
1859 2676 2146 2759 Appiam
2174 2674 2633 2741 Mithridatica
2662 2679 2839 2755 121),
2871 2684 2935 2739 et
2965 2672 3344 2759 Glaphyrae

760 2778 954 2841 scorti
1001 2777 1240 2843 Strabo
1274 2783 1374 2856 17,
1404 2784 1463 2855 1,
1496 2785 1573 2844 11
1605 2800 1678 2862 p.
1729 2783 1865 2856 796,
1912 2777 2046 2843 Dio
2086 2782 2185 2855 49,
2230 2783 2337 2846 32.
2416 2776 2740 2844 Antonius
2785 2778 3084 2842 triumvir
3126 2798 3343 2841 amore

760 2877 1139 2965 Glaphyrae
1184 2890 1410 2966 captus
1445 2879 1553 2965 (cf.
1585 2901 1799 2947 versus
1829 2882 2112 2965 Auyusti
2140 2880 2315 2965 apud
2343 2880 2724 2945 Martialem
2750 2885 2847 2957 11,
2878 2884 2987 2957 20,
3016 2876 3082 2960 3)
3126 2901 3184 2943 a.
3217 2878 3340 2944 718

759 3012 844 3035 =
887 2983 971 3048 36
1016 2983 1363 3049 Ariarathe
1424 3005 1577 3068 rege
1634 2983 1819 3072 pulso
1881 3005 2160 3067 regnum
2217 2982 2671 3070 Cappadociae
2715 2980 3034 3048 Archelao
3072 2981 3343 3047 donavit

760 3084 1007 3151 Strabo
1036 3090 1139 3164 12,
1171 3091 1238 3163 2,
1271 3092 1350 3152 11
1368 3109 1440 3171 p.
1468 3092 1613 3165 540,
1643 3087 1775 3153 Dio
1802 3092 1906 3165 49,
1936 3092 2044 3165 32,
2078 3089 2190 3170 qui
2219 3108 2457 3153 annum
2487 3087 2732 3152 indicat
2762 3087 2842 3169 cf.
2889 3086 3036 3151 Tac.
3072 3106 3133 3150 a.
3164 3091 3232 3161 2,
3254 3091 3344 3152 42

764 3186 1148 3253 ‘Archelaus
1195 3190 1804 3276 quinquagesimum
1849 3211 2092 3254 annum
2123 3189 2541 3276 Cappadocia
2569 3188 2960 3276 potiebatur‘
3006 3188 3122 3252 ubi
3159 3187 3342 3253 Taci-

759 3294 892 3354 tum
936 3291 1024 3355 acl
1063 3292 1314 3356 initium
1359 3294 1614 3376 imperii
1662 3292 1905 3358 Tiberii
1942 3313 2268 3358 recurrere
2295 3297 2482 3375 patet
2524 3313 2601 3357 ex
2642 3292 2726 3356 iis
2767 3312 2928 3374 quae
2968 3294 3343 3373 sequuntur:

760 3402 859 3457 ‘ut
899 3415 1090 3458 versa
1128 3394 1482 3460 Caesarum
1528 3393 1753 3461 subole
1798 3396 2141 3481 imperium
2184 3394 2460 3480 adeptus
2507 3404 2649 3459 est‘.
2734 3393 2893 3459 C'um
2937 3392 3011 3458 de
3057 3413 3222 3458 anno
3265 3413 3342 3458 ex

754 3494 856 3560 his
898 3497 1269 3563 testimoniis
1312 3503 1564 3576 constet,
1610 3498 1956 3582 Appianas
2001 3497 2140 3563 belz.
2188 3498 2301 3562 civ.
2342 3502 2402 3574 5,
2437 3502 2479 3561 7
2504 3495 2672 3579 quod
2710 3496 2785 3561 dc
2812 3496 3096 3561 Antonio
3126 3516 3187 3560 a.
3223 3499 3341 3561 713

757 3626 839 3651 =
874 3604 957 3664 41
1001 3601 1071 3664 in
1111 3600 1281 3664 Asia
1326 3605 1547 3684 ‹ty-nte
1587 3602 1844 3684 scripsit
1889 3598 2071 3685 ὃιήτει
2114 3599 2321 3666 πόλεσι
2365 3603 2461 3665 καὶ
2506 3602 2855 3687 βασιλεῦσιν,
2907 3599 2972 3664 ἐν
3021 3600 3128 3684 μὲν
3177 3596 3340 3663 Καπ-

756 3704 1011 3788 παδοκίᾳ
1042 3701 1355 3790 Ἀριαράθῃ
1385 3730 1449 3770 τε
1481 3707 1580 3770 καὶ
1610 3705 1869 3790 Σισίννῃ,
1904 3707 1987 3770 ὧν
2019 3710 2108 3790 τῷ
2137 3704 2374 3790 Σισίννῃ
2406 3703 2760 3790 συνέπραξεν
2791 3701 2855 3773 ἐς
2882 3704 2987 3789 τὴν
3020 3703 3336 3789 βασιλείαν,

756 3810 946 3889 καλῆς
986 3809 1040 3870 οἱ
1090 3810 1376 3893 φανείσης
1418 3814 1522 3892 τῆς
1567 3807 1786 3895 μητρὸς
1827 3812 1934 3871 τοῦ
1965 3807 2231 3872 Σισίννου
2278 3806 2600 3892 Γλαφῦρας
2641 3806 2851 3869 minus
2887 3808 3182 3870 accurate
3206 3825 3340 3869 rem

755 3909 1072 3976 tractavit.

881 4012 1025 4074 Rex
1071 4009 1523 4097 Cappadociae
1561 4011 1846 4077 Antonio
1890 4022 2117 4077 contra
2146 4012 2489 4078 Caesarem
2536 4008 2772 4076 bellum
2817 4011 3070 4094 gerenti
3118 4010 3336 4095 copias

755 4111 1031 4178 adduxit
1053 4112 1390 4179 Plutarch.
1414 4115 1652 4182 Anton.
1678 4120 1777 4180 61.
1843 4115 2004 4180 Post
2032 4136 2319 4202 pugnam
2348 4114 2683 4180 Actiacam
2706 4113 2948 4180 Caesar
2976 4113 3034 4176 ei
3067 4132 3337 4195 regnum

752 4217 1073 4280 concessit
1115 4215 1247 4281 Dio
1285 4221 1386 4295 51,
1428 4223 1493 4284 2.
1582 4216 1775 4282 Anno
1818 4219 1944 4284 734
1976 4248 2057 4271 =
2088 4220 2171 4283 20
2216 4217 2552 4301 Augustus
2598 4218 2656 4281 ei
2704 4215 2997 4283 Ciliciam
3042 4236 3337 4301 asperam

753 4316 862 4400 (cf.
911 4323 952 4385 t.
998 4318 1061 4400 1)
1110 4342 1259 4384 cum
1304 4321 1433 4383 oris
1477 4322 1817 4384 maritimis
1879 4332 1943 4385 et
1984 4320 2360 4385 Armeniam
2420 4321 2731 4385 minorem
2784 4319 3057 4384 donavit
3099 4318 3336 4384 Strabo

752 4422 850 4495 13,
884 4424 940 4502 1,
971 4426 1114 4504 41).
1144 4426 1299 4500 535,·
1339 4427 1444 4499 12,
1476 4426 1536 4499 3,
1568 4427 1761 4506 291).
1790 4427 1941 4501 555;
1985 4428 2082 4499 14,
2111 4427 2173 4500 5,
2207 4428 2338 4507 61).
2368 4427 2508 4500 674,
2554 4420 2821 4499 Dio54,
2854 4427 2930 4499 9,-
2978 4419 3337 4485 Elaiussam

754 4521 1028 4587 insulam
1054 4523 1321 4590 Ciliciae
1350 4524 1570 4589 sedem
1600 4527 1784 4608 regni
1818 4526 2154 4590 constituit
2185 4537 2249 4590 et
2279 4527 2346 4590 in
2380 4524 2689 4590 honorem
2715 4525 2996 4607 Augusti
3021 4521 3337 4603 Sebasten

750 4623 1105 4711 appellavit
1127 4627 1365 4694 Strabo
1395 4632 1498 4704 12,
1531 4631 1595 4705 2,
1630 4633 1758 4710 719.
1788 4632 1929 4706 537,
1962 4628 2212 4711 Ioseph.
2246 4633 2377 4696 ant.
2405 4632 2500 4705 16,
2522 4633 2583 4705 4,
2614 4631 2691 4705 6,·
2732 4626 2854 4691 huc
2881 4630 3141 4710 spectat,
3171 4624 3340 4708 quod

750 4727 818 4792 in
860 4732 1133 4795 nummis
1175 4731 1228 4796 I
1260 4730 1623 4813 appellatur
1664 4733 1918 4816 κτίστης.
2009 4730 2412 4816 Glaphyram
2458 4729 2653 4794 filiam
2713 4729 2815 4813 (ex
2864 4749 3062 4795 uxore
3091 4729 3334 4811 priore,

750 4831 928 4896 cuius
961 4854 1186 4899 nomen
1211 4835 1570 4921 iqnoratur)
1602 4832 1981 4899 Alexandro
2014 4833 2294 4898 Herodis
2325 4833 2550 4917 Magni
2581 4831 2762 4897 filio·
2747 4853 2811 4896 m
2857 4832 3335 4897 matrimonium

748 4932 931 4998 dedit
966 4933 1166 5014 (circa
1189 4957 1250 5000 a.
1279 4940 1403 5001 737
1417 4965 1499 4990 =
1524 4935 1629 5018 17)
1660 4935 1906 5020 Ioseph.
1942 4941 2073 5001 ant.
2106 4940 2203 5014 16,
2237 4942 2295 5013 1,
2329 4942 2368 5003 1
2383 4957 2404 5015 ,·
2446 4936 2784 5000 immixtus
2814 4933 2968 4999 inde
2998 4932 3336 4999 discordiis

749 5036 977 5101 domus
1021 5038 1302 5103 Herodis
1347 5039 1595 5122 Ioseph.
1644 5043 1775 5104 aut.
1806 5043 1904 5116 16,
1941 5043 2002 5116 8,
2035 5044 2092 5116 6,
2143 5038 2283 5105 bell.
2315 5045 2373 5116 1,
2405 5043 2511 5115 25,
2543 5043 2582 5102 1
2604 5057 2771 5120 sqq.,·
2815 5042 2946 5102 ant.
2993 5042 3092 5114 16,
3140 5041 3243 5114 10,
3274 5042 3334 5114 1,

748 5138 888 5205 bell.
933 5145 992 5220 1,
1022 5145 1130 5218 26,
1160 5146 1237 5221 4,·
1278 5146 1410 5209 ant.
1443 5145 1541 5219 16,
1572 5146 1672 5225 10,
1709 5145 1765 5220 7,
1812 5141 1952 5208 bell.
1981 5147 2040 5221 1,
2070 5147 2181 5220 27,
2210 5146 2276 5208 2.
2352 5139 2865 5228 Pythodoridem
2910 5162 3026 5227 per
3066 5149 3338 5205 matrem
