3859 5992
520 528 922 585 ANTISTIVS
1845 516 1930 583 86
2843 525 3238 582 ANTISTIVS

524 726 651 792 594
694 735 776 790 Μ.
830 733 1227 790 ANTISTIVS
1291 731 1541 788 LABEO
1603 723 2029 805 (praenomen
2095 721 2369 786 servavit
2424 718 2784 805 Porphyrio
2852 721 2942 787 ad
3002 722 3235 788 Horat.

650 827 835 894 satir.
880 833 940 907 1,
982 833 1042 905 3,
1089 832 1198 905 82,
1261 832 1530 892 ceterum
1570 825 1894 891 Antistius
1940 824 2162 890 Labeo
2219 825 2350 890 sive
2407 823 2676 908 Labeo),
2736 823 2909 891 filius
2969 825 3238 890 Pacuvii

652 930 920 996 Antistii
978 929 1302 996 Labeonis
1361 928 1752 1012 Pomonius
1808 927 2056 1012 Digest.
2101 932 2160 1004 1,
2206 933 2273 1005 2,
2316 930 2384 1004 2,
2427 932 2511 993 49
2566 927 2650 1010 of.
2708 926 2879 993 Gell.
2922 932 2983 1005 5,
3026 932 3133 1010 21,
3177 932 3237 1007 4,

652 1034 767 1120 qui
812 1042 877 1098 et
919 1033 1059 1120 ipse
1103 1034 1245 1098 iure
1286 1029 1619 1097 consultus
1663 1040 1809 1117 post
1849 1050 2140 1117 pugnam
2182 1029 2358 1116 apud
2403 1029 2740 1117 Philippos
2792 1053 2862 1094 se
2917 1031 3243 1096 interemit

654 1135 943 1220 Appian.
992 1135 1132 1203 bell.
1179 1136 1295 1200 civ.
1338 1139 1399 1212 4,
1444 1138 1601 1213 135;
1657 1142 1919 1198 senatus
1979 1132 2286 1216 lectione,
2348 1153 2495 1197 cum
2555 1133 2661 1196 vir
2702 1134 2920 1198 virum
2977 1132 3238 1218 legeret,

653 1240 743 1305 M.
790 1237 1115 1326 Lepidum
1176 1237 1329 1303 olim
1390 1236 1641 1302 hostem
1684 1235 1970 1320 Augusti
2032 1247 2098 1302 et
2155 1245 2313 1300 tunc
2357 1234 2727 1300 exulantem
2770 1235 2933 1319 legit
2980 1236 3239 1302 Sueton.

648 1341 918 1427 Auyust.
946 1346 1031 1407 54
1058 1341 1141 1424 cf.
1170 1343 1270 1418 35,
1304 1338 1436 1405 Dio
1464 1343 1563 1417 54,
1596 1343 1675 1406 15
1706 1359 1876 1403 anno
1907 1336 2190 1406 7251726
2219 1367 2303 1391 =
2330 1336 2534 1404 29128
2563 1359 2623 1405 a.
2652 1337 2722 1403 Ο.
2755 1338 2839 1421 of.
2868 1337 3237 1417 Mommsen,

653 1464 756 1508 res
805 1447 1020 1527 qestae
1064 1442 1186 1507 div.
1226 1442 1397 1525 Auy.
1439 1463 1513 1526 p.
1540 1446 1658 1519 35,·
1717 1445 1864 1506 tuno
1920 1441 2123 1524 iyitur
2179 1440 2308 1523 fuit
2364 1441 2434 1505 in
2491 1445 2736 1506 senatu.
2826 1442 3009 1507 Intra
3062 1464 3240 1527 prae-

658 1556 872 1612 turam
902 1546 1082 1611 stetit
1119 1545 1266 1610 Tac,
1301 1566 1360 1609 a.
1390 1550 1452 1621 3,
1487 1547 1565 1610 75
1580 1564 1601 1623 ,·
1644 1543 1867 1627 noluit⁷
1915 1565 2065 1608 cum
2094 1544 2436 1609 offerretur
2465 1543 2524 1607 ei
2555 1542 2639 1608 ab
2670 1542 2969 1627 Augusto
3013 1565 3241 1609 consu·

657 1648 846 1731 latus,
893 1670 1021 1734 quo
1066 1648 1377 1713 suffectus
1421 1647 1622 1730 fieret,
1671 1646 1982 1711 honorem
2032 1648 2365 1733 suscipere
2408 1646 2797 1731 Pomponius
2838 1647 2888 1730 §²
2929 1652 3029 1724 47,
3095 1669 3239 1712 cum

659 1751 1000 1835 Augustus
1044 1750 1238 1816 Ateio
1285 1750 1585 1837 Capitoni
1646 1748 2054 1815 consulatum
2113 1748 2540 1815 accelerasset
2582 1750 2778 1834 (anno
2818 1753 2860 1814 5
2890 1771 2963 1832 p.
3006 1749 3125 1832 0.),
3172 1760 3247 1815 ut

655 1854 1025 1920 Labeonem
1056 1853 1431 1937 dignatione
1460 1854 1601 1918 eius
1630 1853 2046 1935 magistratus
2076 1855 2355 1918 anteiret
2383 1853 2531 1918 Tae.
2557 1874 2618 1917 a.
2642 1858 2705 1930 3,
2733 1857 2830 1918 75.
2886 1851 3070 1918 Obiit
3099 1864 3246 1939 post

655 1958 868 2042 legem
902 1957 1176 2044 Papiam
1217 1957 1586 2042 Poppaeam
1630 1955 1744 2039 (cf.
1790 1953 2038 2038 Diyest.
2081 1960 2187 2031 24,
2218 1959 2278 2031 3,
2309 1959 2409 2032 64,
2441 1958 2501 2032 9,
2559 1953 2876 2037 leianus
2918 1955 3008 2020 ad
3049 1955 3245 2040 leyem

657 2060 908 2126 Iuliam
929 2065 991 2125 et
1012 2060 1295 2143 Papiam
1320 2058 1468 2125 ‘hoc
1500 2058 1721 2123 Labeo
1749 2058 1937 2144 quasi
1968 2058 2276 2122 omissum
2310 2058 2376 2123 in
2406 2056 2550 2141 lege
2581 2056 2902 2141 adnotat‘)
2935 2082 2991 2124 a.
3016 2060 3057 2123 9
3080 2082 3143 2145 p.
3168 2058 3242 2125 C.

659 2172 953 2247 rogatam
1006 2171 1072 2227 et
1114 2172 1264 2227 ante
1301 2159 1564 2226 Ateium
1611 2160 1996 2248 Capitonem
2040 2170 2370 2225 mortuum
2414 2183 2473 2225 a.
2519 2162 2620 2243 22,
2657 2160 3088 2243 probabiliter
3127 2163 3243 2227 sub

656 2266 847 2349 finem
894 2265 1151 2348 imperii
1191 2265 1487 2348 Auyusti,
1536 2285 1676 2329 cum
1722 2263 1890 2328 alias
1943 2263 2228 2328 Tacitum
2274 2268 2536 2328 mortem
2579 2263 2712 2328 eius
2754 2270 3247 2330 memoraturum

657 2370 857 2451 fuisse
898 2369 1036 2433 veri
1072 2367 1278 2432 simile
1320 2368 1426 2433 sit.
1468 2404 1556 2413 —
1602 2367 1788 2432 onr
1829 2367 2100 2432 Neratia
2134 2365 2380 2450 Diyest.
2409 2371 2509 2443 34,
2541 2372 2607 2443 2,
2637 2371 2743 2444 32,
2775 2372 2835 2434 6.

788 2470 941 2536 Iure
1000 2469 1334 2535 consultus
1394 2469 1823 2553 clarissimus,
1885 2470 2219 2535 institutus
2277 2493 2318 2534 a
2375 2469 2684 2535 Trebatio
2727 2469 3036 2553 Pompon.
3084 2471 3124 2538 l.
3172 2471 3248 2548 l.,·

657 2573 879 2640 Labeo
924 2584 993 2640 et
1034 2573 1268 2660 Capito
1314 2572 1551 2638 decora
1592 2574 1824 2638 aetatis
1854 2572 2161 2656 Augusti,
2208 2571 2326 2637 sed
2367 2570 2589 2637 Labeo
2638 2574 3015 2658 incorrupta
3055 2572 3245 2638 liber·

662 2685 794 2742 tate
851 2686 918 2742 et
974 2675 1057 2741 ob
1117 2675 1183 2740 id
1244 2675 1415 2740 fama
1473 2673 1863 2740 celebratior
1927 2676 2077 2741 Tae.
2140 2674 2181 2741 l.
2244 2674 2286 2739 l.
2382 2675 2472 2739 Hi
2534 2673 2663 2739 duo
2723 2676 3005 2760 primum
3063 2677 3247 2762 quasi

661 2780 953 2844 diversas
995 2787 1208 2844 sectas
1250 2777 1575 2862 fecerunt,
1642 2801 1791 2843 nam
1836 2777 2068 2842 Ateius
2114 2777 2345 2862 Capito
2396 2779 2461 2842 in
2508 2776 2643 2861 his,
2692 2800 2863 2864 quae
2906 2779 2965 2842 ei
3012 2778 3249 2844 tradita

666 2881 957 2965 fuerant,
1019 2880 1511 2969 perseverabat,
1574 2880 1797 2946 Labeo
1854 2881 2099 2965 ingenii
2144 2879 2456 2966 qualitate
2510 2890 2574 2945 et
2615 2880 2855 2945 fiducia
2896 2879 3245 2963 doctrinae,

666 2986 778 3072 qui
841 2996 906 3050 et
961 2985 1194 3049 ceteris
1248 2985 1461 3071 operis
1521 2985 1878 3070 sapientiae
1937 3005 2202 3069 operam
2261 2982 2546 3067 dederat,
2597 2982 2879 3069 plurima
2942 2984 3250 3049 innovare

666 3086 914 3152 studuit
957 3086 1302 3170 Pompam
1357 3088 1517 3152 iuris
1575 3086 1839 3173 quidem
1898 3084 2111 3152 civilis
2170 3084 2581 3171 disciplinam
2638 3085 2983 3173 principali
3036 3087 3249 3153 studio

669 3190 963 3254 exercuit
991 3199 1057 3254 et
1083 3187 1566 3254 consulentibus
1596 3189 1678 3254 de
1724 3190 1865 3253 iure
1909 3187 2168 3274 publice
2211 3189 2689 3275 responsitavit,
2735 3188 2850 3253 sed
2893 3198 3252 3255 ceterarum

668 3313 929 3378 quoque
973 3290 1288 3356 bonarum
1332 3293 1572 3356 artium
1614 3313 1745 3355 non
1776 3313 2014 3377 expers
2059 3290 2183 3356 fuit
2227 3302 2292 3356 et
2336 3292 2402 3355 in
2446 3292 2935 3375 grammaticam
2978 3313 3120 3357 sese
3161 3300 3252 3356 at·

671 3417 799 3481 que
841 3393 1244 3460 dialecticam
1290 3393 1670 3481 litterasque
1713 3395 2115 3480 antiquiores
2175 3392 2568 3480 altioresque
2621 3404 3077 3480 penetraverat
3119 3393 3255 3458 lati-

672 3518 1031 3585 narumque
1093 3519 1327 3563 vocum
1389 3499 1673 3583 origines
1741 3500 2156 3583 rationesque
2209 3496 2641 3582 percalluerat
2693 3495 2858 3564 Gell.
2903 3503 3003 3576 13,
3049 3503 3149 3576 10,
3195 3503 3251 3562 1.

673 3600 998 3665 Iudicium
1040 3600 1217 3667 Ateii
1257 3600 1593 3688 Capitonis
1635 3601 1718 3667 de
1759 3601 2070 3667 Labeone
2113 3602 2409 3686 (mortuo)
2454 3600 2542 3667 id.
2574 3606 2672 3677 13,
2703 3606 2809 3678 12,
2840 3606 2990 3669 1-4.

800 3703 1023 3769 Labeo
1052 3703 1404 3790 plurimum
1434 3704 1663 3770 studiis
1694 3725 1959 3791 operam
1987 3702 2167 3768 dedit
2198 3712 2264 3767 et
2293 3712 2501 3768 totum
2533 3725 2773 3768 annum
2806 3705 2898 3768 ita
2924 3702 3252 3789 diviserat,

677 3815 748 3870 ut
790 3806 1037 3871 Romae
1074 3829 1194 3872 sex
1237 3806 1571 3872 mensibus
1614 3830 1761 3873 cum
1804 3806 2112 3872 studiosis
2157 3814 2343 3888 esset,
2399 3828 2518 3870 sex
2557 3804 2885 3871 mensibus
2929 3805 3259 3872 secederet

675 3918 741 3974 et
798 3908 1284 3974 conscribendis
1343 3908 1527 3974 libris
1586 3931 1845 3996 operam
1907 3910 2128 3991 daret3
2190 3909 2412 3994 itaque
2471 3907 2735 3994 reliquit
2782 3908 3262 3995 quadringenta

675 4010 1008 4076 volumina
1051 4010 1457 4095 Pomponius,
1527 4012 1802 4098 Scripsit
1846 4010 2226 4077 Probabilia
2267 4010 2574 4093 (Πιθανῶν
2620 4013 2815 4101 βιβλία
2854 4014 3011 4079 ὀκτώ
3058 4011 3261 4078 Index

675 4112 942 4197 Diyest„
987 4115 1103 4179 ubi
1141 4135 1441 4179 uumerus
1483 4115 1654 4180 cadit
1699 4117 1769 4179 in
1814 4114 2014 4180 Pauli
2057 4114 2413 4197 epitomen),
2476 4113 2561 4178 ad
2618 4112 2903 4179 edictum
2945 4116 3260 4201 praetoris

682 4215 913 4281 urbani
959 4225 1023 4281 et
1066 4217 1412 4302 peregrini,
1461 4215 1541 4280 ad
1574 4216 1914 4281 duodecim
1944 4215 2219 4299 tabulas,
2267 4213 2465 4280 libros
2509 4237 2984 4301 responsorum,
3031 4220 3267 4305 epistu-

681 4317 922 4401 larum,
982 4317 1064 4383 de
1123 4320 1265 4383 iure
1322 4319 1689 4405 pontifici03
1749 4329 1897 4406 post
1954 4328 2230 4384 mortem
2287 4320 2427 4383 eius
2487 4319 2643 4384 editi
2704 4329 2854 4385 sunt
2904 4318 3089 4405 libri,
3152 4322 3261 4406 qui

683 4423 1069 4508 posteriores
1114 4419 1579 4506 inscribuntur,
1627 4443 1902 4508 quorum
1955 4421 2270 4487 librorum
2316 4432 2446 4487 tres
2490 4423 2810 4505 continui,
2860 4424 3265 4489 tricensimus

681 4536 947 4590 octavus
993 4535 1058 4590 et
1099 4526 1511 4591 tricensimus
1555 4547 1762 4591 nonus
1807 4536 1872 4591 et
1902 4525 2485 4611 quadragensimus
2534 4529 2645 4591 eto.
2688 4524 2851 4592 Gell.
2891 4531 2991 4603 13,
3038 4531 3152 4611 10,
3182 4533 3266 4606 2,·

683 4629 1054 4693 Posteriora
1103 4629 1474 4711 (epitomata
1519 4650 1562 4692 a
1607 4628 1931 4713 Iavoleno)
1988 4627 2179 4693 index
2229 4627 2476 4711 Digest.
2521 4631 2583 4692 et
2612 4629 2861 4710 passim
2905 4629 2974 4692 in
3016 4628 3260 4713 Diyest.

683 4729 1080 4814 Fraqmenta
1109 4730 1490 4814 collegerunt
1520 4731 1730 4808 Lenel,
1764 4731 2217 4814 Palinyenesia
2245 4734 2395 4808 502,
2444 4730 2761 4808 Huschke,
2797 4732 3262 4815 Iurisprudent.

685 4832 1184 4899 Anteiustinian.
1203 4855 1275 4916 p.
1302 4839 1425 4898 110
1451 4854 1603 4917 sqq„
1649 4834 1723 4900 de
1751 4834 2010 4918 scri-mis
2044 4834 2128 4915 cf.
2157 4833 2445 4911 Pernice‚
2480 4833 2582 4898 M.
2614 4833 2939 4899 Antistius
2966 4836 3181 4902 Labeo
3211 4838 3263 4902 I

687 4957 762 5018 p.
795 4939 876 5001 35
902 4955 1030 5018 sqq.

824 5037 1007 5119 Quod
1047 5039 1273 5104 scribit
1313 5039 1633 5104 Horatius
1675 5043 1794 5103 sat.
1836 5045 1894 5117 1,
1925 5043 1986 5117 3,
2017 5043 2108 5105 82
2159 5037 2492 5104 ‘Labeone
2537 5040 2824 5103 insanior
2868 5040 3038 5104 inter
3081 5063 3270 5106 sanos

689 5141 966 5209 dicatur’
1000 5141 1313 5209 hominem
1345 5139 1705 5207 Stoicorum
1734 5141 2004 5225 placitis
2037 5161 2231 5224 usque
2262 5141 2352 5206 ad
2392 5142 2715 5207 insaniam
2758 5140 3034 5208 deditum
3075 5144 3270 5227 .ςὶρηί-
