3859 5992
633 555 1094 645 conmer
1107 634 1194 639 *v
1255 634 1264 637 -
1299 633 1318 637 —
1940 543 2065 609 454
2910 552 3345 641 *commmvs

649 759 817 824 1132
863 764 980 819 CN.
1029 758 1451 816 CORNELIVS
1496 757 1892 813 LENTVLVS
1938 758 2212 830 AVGVR,
2259 747 2484 813 consul
2530 771 2698 813 anno
2746 750 2872 816 740
2918 780 3003 804 --·
3051 753 3131 815 14
3172 774 3227 815 a.
3270 749 3343 816 C.

772 880 918 921 eum
963 857 1054 921 M.
1105 854 1356 918 Licinio
1404 850 1658 916 Crasse.
1751 851 1982 916 Tituli:
2026 851 2299 934 epistula
2348 853 2482 916 eius
2526 852 2616 916 ad
2660 852 2948 936 Nysaeos
2991 853 3149 917 data
3186 852 3341 918 CIG

772 963 943 1024 2943
987 957 1096 1042 (1),
1139 957 1526 1019 memoratur
1571 954 1638 1016 in
1683 953 1844 1017 actis
1887 951 2231 1015 Arvalium
2277 952 2378 1017 VI
2402 957 2578 1018 2023
2622 953 2736 1033 (2),
2786 955 2853 1018 in
2899 959 2941 1019 t.
2989 955 3345 1019 libertorum

773 1061 894 1127 IX
928 1063 1097 1125 3099
1148 1057 1258 1141 (3).

906 1181 990 1245 In
1020 1177 1385 1243 consulatu:
1415 1175 1535 1241 Cn.
1567 1175 1886 1241 Lentulus
1917 1174 2152 1257 Augur
2175 1175 2655 1240 Monumentum
2676 1176 2916 1260 Ancyr.
2944 1177 3055 1242 lat.
3077 1183 3137 1254 3,
3170 1183 3344 1244 23:

770 1304 980 1367 yraeo.
1011 1285 1071 1359 8,
1105 1286 1212 1356 20,
1262 1280 1382 1347 Cn.
1428 1277 1770 1345 Cornelius
1809 1277 2131 1342 Lentulus
2175 1276 2307 1341 Dio
2355 1277 2486 1342 ind.
2533 1277 2573 1341 l.
2619 1282 2718 1356 54,
2764 1278 2908 1363 C[n.
2942 1280 3342 1365 Oo]rn[elius]

774 1387 937 1468 fasti
977 1386 1203 1449 minor.
1252 1382 1434 1447 VIII
1465 1382 1618 1446 CIL
1662 1383 1711 1446 I
1720 1382 1744 1420 ²
1780 1403 1851 1464 p.
1885 1385 1985 1457 65,
2033 1380 2154 1446 Cn.
2186 1379 2528 1445 Cornelius
2568 1379 2701 1445 Dio
2734 1386 2833 1459 54,
2867 1387 2990 1460 24;
3034 1382 3154 1451 Cn.
3190 1384 3343 1448 Len·

780 1488 952 1553 tulus
981 1488 1033 1552 I
1049 1491 1188 1552 745.
1239 1490 1358 1550 797
1388 1486 1482 1567 (in
1522 1485 1770 1549 tesseris
1808 1483 2266 1567 ylade'atorz'is),
2314 1482 2417 1548 VI
2433 1486 2664 1560 23532,
2710 1482 2783 1548 X
2805 1488 2949 1552 885.
2995 1489 3141 1552 886.
3184 1491 3343 1561 1938,

779 1589 1174 1666 Cassiodor.,·
1219 1589 1453 1671 Augur
1500 1585 2069 1669 Chronoyrapkus,
2119 1590 2388 1650 ceterum
2432 1585 2750 1651 Lentulus
2794 1588 2973 1668 fasti.
3023 1626 3099 1635 —
3150 1591 3349 1661 Γναῖος

779 1694 1034 1764 Λέντλος
1081 1690 1315 1778 Αὔγουρ
1364 1695 1405 1754 t.
1453 1696 1519 1766 1,
1584 1689 1724 1772 [Cn.
1772 1687 2140 1771 Corneliqu
2186 1688 2503 1754 Lentulus
2548 1688 2779 1773 Augur
2822 1694 2862 1755 t.
2912 1697 2961 1755 2
3004 1690 3154 1773 (Cn.
3203 1691 3347 1758 Cor·

785 1796 1021 1877 nelius)
1052 1795 1372 1859 Lentulus
1405 1794 1641 1876 Augur
1672 1796 1712 1856 t.
1743 1796 1820 1869 3,·
1854 1791 1974 1858 On.
2009 1790 2327 1855 Lentulus
2359 1791 2591 1874 Augur
2622 1791 2863 1857 Seneca
2893 1793 2967 1857 de
3000 1794 3133 1858 ben.
3164 1799 3228 1870 2,
3250 1800 3346 1871 27,

780 1899 1039 1964 Sueton.
1079 1897 1292 1964 Tiber.
1323 1900 1421 1972 49,
1461 1893 1777 1959 Lentulus
1811 1893 2043 1976 Augur
2082 1893 2453 1958 Tertullian.
2488 1893 2563 1957 de
2579 1893 2790 1976 pallio
2821 1897 2887 1971 4,
2934 1896 3169 1979 Augur
3196 1897 3351 1961 Len-

782 2001 949 2065 tulus
997 1999 1146 2065 Tac.
1180 2022 1241 2065 a.
1269 2004 1329 2075 3,
1360 2002 1462 2064 59.

910 2119 1251 2203 Augurem
1282 2118 1446 2183 hunc
1475 2139 1688 2182 verwm
1718 2137 2053 2200 cognomen
2076 2117 2339 2198 yessisse
2374 2116 2550 2181 docet
2593 2117 2812 2182 titulus
2834 2139 3121 2199 yraecus,
3151 2140 3351 2205 sump-

784 2231 914 2291 tum
943 2230 1015 2289 ut
1041 2224 1288 2288 videtur
1319 2244 1395 2287 ex
1422 2220 1773 2286 sacerdotio
1803 2241 1926 2305 quo
1958 2224 2221 2283 ornatus
2249 2225 2408 2296 erat,
2442 2219 2865 2285 distinotionis
2894 2240 3110 2285 causa.
3169 2221 3356 2287 Recte

785 2333 992 2392 autem
1031 2327 1191 2390 vidit
1222 2324 1588 2408 Nipperdey
1632 2323 1720 2387 ad
1769 2322 1916 2389 Tac.
1952 2344 2013 2385 a.
2048 2328 2105 2398 1,
2138 2327 2225 2386 27
2272 2322 2556 2386 omnibus
2601 2321 2772 2399 locis,
2819 2323 3043 2405 quibus
3084 2330 3244 2389 certe
3287 2325 3354 2389 de

781 2435 998 2496 nostro
1020 2429 1288 2495 Lentulo
1313 2429 1546 2511 ayitnr,
1570 2448 1813 2507 semper
1836 2424 2123 2489 additum
2149 2444 2279 2489 esse
2296 2424 2462 2489 illud
2483 2444 2835 2508 coynomen,
2859 2431 2932 2490 nt
2954 2425 3355 2509 distinquere-

787 2538 891 2597 ίαν
921 2554 964 2596 a
987 2529 1096 2599 On.
1127 2530 1419 2596 Cornelio
1449 2529 1719 2594 Lentulo
1750 2527 2007 2609 aequali
2034 2548 2154 2591 608.
2184 2548 2243 2594 a.
2271 2531 2352 2592 18
2377 2550 2436 2592 a.
2474 2526 2543 2592 Ο.
2603 2526 2776 2592 Nam
2800 2528 2967 2610 quod
2989 2528 3353 2606 Mommsen,

785 2636 916 2701 Res
954 2639 1168 2718 qestae
1199 2633 1329 2697 dive·
1355 2632 1521 2715 Any.
1554 2653 1627 2713 p.
1663 2636 1784 2695 131
1823 2629 1971 2696 adn.
2005 2636 2225 2694 eontra
2270 2632 2500 2694 nititur
2530 2632 2613 2694 iis
2659 2630 2829 2707 locis,
2877 2632 3103 2713 quibus
3131 2632 3360 2716 Augur

784 2760 854 2803 re
891 2759 1042 2803 vera
1073 2737 1256 2813 deest,
1306 2754 1513 2799 omnes
1545 2733 1634 2798 ad
1659 2755 1853 2797 unum
1898 2738 2045 2797 sunt
2090 2732 2454 2797 consulatus
2495 2732 2932 2811 indicationes,
2975 2734 3091 2798 ubi
3129 2756 3249 2799 non
3294 2736 3362 2799 id

788 2842 1021 2924 aqam,
1051 2844 1123 2903 ut
1152 2836 1390 2921 sinyuli
1419 2835 1699 2901 eonsules
1727 2857 1918 2918 qnam
1949 2836 2424 2899 accuratissime
2453 2836 2906 2919 siqnifiicentnr,
2947 2836 3058 2902 sed
3084 2837 3357 2915 idumm,

785 2949 857 3008 ut
887 2963 1091 3009 annus
1122 2941 1294 3006 clare
1327 2940 1702 3022 clesz'ynetur.
1780 2938 1979 3004 Cuius
2007 2940 2104 3002 rei
2134 2959 2331 3003 causa
2362 2959 2500 3003 oum
2528 2938 2808 3003 homines
2841 2940 3072 3004 aetates
3093 2940 3366 3024 Auyusti

797 3048 949 3112 bina
976 3046 1239 3110 nomina
1254 3064 1495 3126 ponere
1524 3043 1684 3106 satis
1713 3041 1945 3105 habere
1976 3042 2422 3118 consueverint,
2452 3061 2581 3105 non
2608 3042 2840 3105 mirum
2871 3047 2961 3107 est
2991 3063 3227 3107 annum
3252 3050 3363 3109 740

784 3149 1156 3233 plerumque
1213 3145 1540 3228 desi-anari
1582 3166 1706 3227 per
1753 3144 1848 3208 M.
1894 3142 2199 3209 Crassum
2242 3143 2362 3227 (vel
2410 3144 2508 3208 M.
2555 3144 2901 3226 Licinium)
2947 3150 3005 3209 et
3045 3144 3159 3212 Gn.
3206 3148 3361 3211 Len·

793 3253 990 3316 tulum
1035 3250 1153 3335 (vel
1193 3249 1308 3314 Cn.
1352 3247 1737 3329 Cornelium)
1782 3248 2081 3313 eonsules,
2169 3246 2304 3312 Nec
2350 3249 2558 3312 minus
2599 3254 2764 3313 recte
2806 3247 3172 3332 Nipperdey
3215 3249 3255 3314 l.
3303 3250 3361 3325 L,

789 3374 1170 3437 quamquam
1215 3354 1274 3417 ei
1318 3351 1685 3416 adversatus
1729 3355 1821 3415 est
1857 3349 1939 3415 G.
1973 3349 2218 3433 Zippel,
2267 3349 2367 3415 die
2412 3351 2667 3434 Losuny
2712 3350 2822 3415 der
2867 3351 3363 3416 cons-ularzzechen

793 3455 1189 3521 Proconsuln
1254 3453 1659 3536 Koniysbery
1717 3456 1882 3517 1883
1932 3475 2006 3535 p.
2059 3458 2117 3529 9,
2186 3452 2396 3516 docuit
2461 3452 2712 3516 diversa
2788 3452 3033 3517 tradita
3103 3474 3231 3518 esse
3294 3453 3363 3516 cle

794 3559 908 3626 Gn.
954 3558 1223 3624 Lentulo
1267 3577 1387 3624 cos.
1435 3578 1497 3620 a.
1543 3560 1628 3620 18
1672 3577 1733 3620 a.
1775 3555 1844 3622 G.
1893 3560 1953 3619 et
1995 3554 2264 3619 Lentulo
2305 3555 2571 3638 Auynre
2615 3575 2735 3620 cos.
2784 3576 2845 3620 a.
2878 3561 2959 3620 14
3005 3578 3064 3623 a.
3105 3556 3177 3623 C.

922 3680 1043 3745 Cn.
1090 3679 1131 3745 f.
1180 3683 1222 3745 t.
1255 3684 1320 3754 2,
1368 3676 1502 3742 Dio
1532 3675 1662 3743 ind.
1697 3675 1737 3742 l.
1768 3681 1867 3742 54.
1903 3711 1982 3720 —
2017 3674 2262 3740 Consul
2308 3698 2366 3738 a.
2400 3676 2524 3740 740
2558 3704 2639 3727 =
2671 3675 2753 3740 14
2781 3697 2838 3742 a.
2873 3674 2947 3742 C.
2976 3676 3156 3757 fasti.
3216 3676 3364 3739 Pro-

793 3781 1019 3849 consul
1050 3782 1250 3847 Asiae
1295 3804 1353 3845 a.
1387 3779 1512 3844 753
1561 3809 1641 3832 =
1681 3781 1708 3843 1
1763 3803 1818 3845 a.
1851 3778 1926 3843 C.
1974 3778 2078 3842 die
2118 3778 2317 3843 XVII
2363 3780 2550 3864 μηνὸς
2593 3779 2852 3858 Δαισίου,
2904 3777 2970 3841 id
3012 3790 3110 3843 est
3153 3800 3366 3843 mense

794 3888 967 3952 Maio
1015 3887 1281 3950 ineunte
1327 3884 1433 3967 (οῖ’.
1467 3882 1696 3959 Ideler,
1738 3880 2160 3963 Chronoloyie
2191 3882 2243 3946 I
2264 3903 2335 3964 p,
2370 3879 2517 3963 419)
2556 3881 2891 3966 rescripsit
2918 3880 3192 3966 Nysaeis
3239 3886 3280 3945 t.
3310 3886 3363 3955 1,

790 3991 916 4056 fuit
958 4009 1111 4071 ergo
1159 3984 1502 4072 proconsul
1547 4007 1717 4050 anno
1764 3983 2209 4069 proconsulari
2247 3983 2522 4048 752s753
2549 4014 2629 4037 =
2666 3986 2762 4048 211
2801 4006 2859 4047 a.
2892 3982 2967 4048 O.
3014 3988 3163 4061 (non
3207 4004 3367 4047 anno

791 4093 1089 4165 753s754,
1147 4094 1217 4154 ut
1261 4088 1432 4170 falso
1477 4089 1702 4152 statuit
1746 4086 2209 4169 Waddinyton,
2256 4085 2488 4150 Fastes
2530 4108 2593 4153 n.
2624 4085 2748 4169 61).
2837 4087 2915 4151 In
2960 4095 3188 4151 senatu
3232 4108 3369 4150 sen·

796 4198 1064 4263 tentiam
1094 4193 1264 4259 dixit
1292 4215 1461 4257 anno
1496 4196 1576 4256 22
1612 4191 1758 4256 Tac.
1785 4213 1845 4255 a.
1877 4195 1937 4267 3,
1960 4195 2062 4271 59,
2095 4211 2264 4254 anno
2300 4191 2543 4253 ineerto
2584 4188 2952 4255 Tertullian.
2987 4188 3061 4253 de
3078 4187 3289 4272 pallio
3315 4194 3369 4253 4.

798 4300 1194 4365 Divitiarum
1241 4298 1594 4360 maximum
1637 4293 2024 4379 exemplum,
2073 4304 2421 4378 antequam
2468 4291 2646 4357 illum
2695 4291 2981 4356 libertini
3027 4313 3366 4378 pauperem

797 4402 1118 4482 facerent3
1167 4400 1409 4482 ingenii
1439 4397 1563 4462 fuit
1592 4396 1846 4478 sterilis,
1888 4406 2020 4460 tam
2065 4394 2281 4481 pusilli
2329 4397 2457 4459 oris
2497 4416 2693 4480 quam
2738 4396 2972 4476 animi3
3019 4416 3164 4458 eum
3212 4404 3373 4458 esset

798 4505 1234 4583 avarissimuS,
1284 4523 1581 4566 nummos
1625 4501 1814 4564 eitius
1862 4498 2198 4563 emittebat
2241 4520 2434 4585 quam
2481 4497 2716 4562 verba:
2779 4508 2960 4562 tanta
3015 4496 3106 4561 illi
3159 4499 3374 4583 inopia

798 4619 935 4673 erat
981 4607 1293 4670 sermonis
1342 4605 1582 4670 Seneca
1628 4603 1701 4667 (Ie
1749 4603 1882 4668 ben.
1928 4608 1994 4678 2,
2040 4607 2147 4668 27.
2231 4601 2397 4667 Cum
2443 4603 2500 4665 ei
2547 4623 2779 4665 census
2824 4601 3146 4665 maximus
3190 4612 3368 4679 esset,

797 4722 975 4774 metu
1020 4720 1083 4773 et
1126 4730 1370 4792 angore
1413 4706 1494 4771 ad
1545 4705 1870 4771 fastidium
1919 4706 2092 4768 vitae
2136 4728 2175 4768 a
2220 4704 2482 4769 Tiberio
2542 4714 2755 4785 aetus,
2820 4713 2892 4768 ut
2947 4725 3030 4768 ne
3073 4725 3201 4789 quo
3252 4704 3370 4767 nisi

799 4816 937 4899 ipso
997 4811 1233 4876 herede
1291 4820 1652 4875 moreretur
1700 4809 1957 4873 Sueton.
2014 4806 2220 4871 Tiber.
2266 4812 2363 4871 49.
2424 4845 2509 4852 -—
2566 4806 2880 4889 Magister
2936 4806 3211 4870 fratrum
3255 4806 3371 4871 Ar·

798 4914 1047 4979 valium
1093 4919 1135 4978 t.
1180 4919 1246 4989 2,
1292 4935 1519 4995 augur.

678 5036 843 5100 1133
890 5036 1370 5115 (CORNELIVS)
1393 5042 1783 5095 LENTVLVS
1810 5039 2203 5093 CETHEGVS
2228 5035 2611 5093 nemnoratm·
2632 5030 2701 5093 in
2725 5034 2766 5096 t.
2782 5029 3052 5092 nutrieris
3077 5028 3177 5092 VI
3190 5034 3372 5101 6072,

799 5140 1021 5219 infans
1065 5141 1136 5200 ut
1179 5136 1426 5199 ridetur
1469 5140 1773 5198 mortuus.
