3859 5992
558 518 930 603 oLAvntvs
1848 512 1977 580 387
2898 526 3270 584 eLAvnrvs

685 717 879 801 simo)
925 725 990 782 et
1030 718 1242 804 primo
1287 747 1372 772 =
1413 741 1473 786 a.
1519 719 1669 786 249.
1752 720 1984 803 Itaque
2043 724 2279 785 certmn
2336 725 2427 787 est
2469 721 2731 788 eundem
2774 742 2903 789 esse
2944 724 3273 790 Marinum

683 820 796 902 qui
853 819 1089 884 dicitur
1131 820 1367 888 Zosim,
1412 826 1471 898 1,
1519 827 1627 888 20.
1673 826 1795 899 21,
1843 822 2083 890 Zonar.
2133 827 2239 900 12,
2284 827 2403 902 19;
2455 823 2754 889 Marinus
2812 847 2855 890 a
2906 824 3271 911 legionibus

688 922 1063 987 Pannoniae
1121 931 1187 999 et
1241 923 1528 989 Moesiae
1572 926 1689 1009 (sic
1733 925 1996 1003 Zosim.,
2055 925 2260 991 solum
2300 925 2616 991 Moesiam
2656 934 2963 994 memorat
3004 929 3272 1016 Zonar.)

685 1025 1037 1112 imperator
1079 1035 1490 1113 nuncupatus
1534 1026 1655 1092 sub
1698 1027 1894 1092 finem
1956 1029 2208 1114 imperii
2255 1027 2544 1116 Philippi
2604 1030 2797 1117 paulo
2845 1041 2995 1117 post
3042 1032 3126 1098 ab
3170 1032 3275 1096 iis·

685 1127 835 1192 dem
878 1128 1255 1194 interfectus
1300 1139 1429 1214 estr,
1489 1139 1716 1195 eontra
1775 1129 2111 1196 seditionis
2169 1140 2463 1197 auctores
2508 1132 2611 1215 (O.
2655 1132 2960 1218 Messius)
3006 1134 3273 1218 Decius,

691 1232 805 1318 qui
851 1231 1127 1297 subinde
1171 1233 1531 1320 imperavit,
1588 1257 1629 1300 a
1671 1233 1975 1320 Philippo
2019 1235 2254 1300 missus
2300 1245 2397 1302 est
2440 1234 2753 1314 ZosimuS‚
2800 1236 3100 1302 Zonaras
3143 1235 3185 1301 l.
3233 1235 3274 1301 l.

692 1355 771 1399 ex
808 1334 1020 1401 eodem
1063 1340 1338 1403 auctore.

563 1435 689 1502 743
731 1447 993 1503 APPIVS
1041 1439 1469 1523 CL(AVDIVS)
1513 1448 1947 1505 MARTIALIS.
2038 1439 2305 1505 Nummi
2348 1439 2683 1506 Thracici:
2741 1439 2806 1524 a)
2853 1440 3157 1508 Serdicae
3205 1441 3277 1506 in

681 1545 878 1624 parte
907 1541 1175 1607 adversa
1203 1542 1449 1607 exhibet
1479 1547 1673 1626 caput
1699 1542 1941 1607 nudum
1976 1543 2384 1626 imperatoris
2410 1543 2489 1608 L.
2538 1542 2688 1609 Veri
2714 1548 2775 1609 et
2800 1545 3275 1628 inscriptionem

692 1638 803 1708 Αὖ.
846 1640 990 1709 Και.
1031 1645 1102 1710 Λ.
1156 1642 1451 1733 Αὐρήλιος
1509 1644 1772 1731 Οὐῆρος,
1835 1646 1903 1709 in
1963 1664 2189 1710 aversa
2226 1644 2684 1728 Aesculapiwn
2736 1650 3009 1711 stantem
3069 1649 3129 1710 et
3178 1645 3276 1709 in-

686 1746 1093 1829 scm'gitionem
1136 1744 1696 1835 Ἦγε(μονεῦοντος)
1749 1745 1865 1813 Κλ.
1920 1743 2155 1813 Ἀππίου
2209 1753 2612 1811 ΜΑΡἸῚΛΛΟΥ
2656 1748 2899 1834 Σερδῶν
2948 1744 3276 1821 Frehlich,

691 1848 1006 1930 Quattuor
1057 1851 1410 1915 tentamina
1452 1850 1546 1916 H
1561 1872 1635 1934 Ρ.
1666 1854 1815 1929 216,
1874 1849 2149 1928 Echhel,
2210 1848 2494 1934 Cataloy.
2542 1852 2746 1916 musei
2787 1849 3280 1916 Vindobonensis

691 1952 742 2017 I
775 1974 849 2035 Ρ.
896 1956 977 2017 61
1016 1973 1082 2017 n.
1130 1956 1171 2016 1
1230 1953 1402 2038 (inde
1462 1953 1760 2019 Mionnet
1816 1953 2043 2039 Suppl.
2088 1954 2183 2018 II
2217 1976 2289 2036 Ρ.
2333 1957 2466 2019 484
2521 1975 2584 2021 n.
2628 1956 2835 2039 1657),
2898 1952 3009 2018 sed
3050 1955 3281 2035 postea

694 2053 971 2132 Eckhel,
1032 2054 1256 2121 Doctr.
1308 2055 1501 2124 Num.
1548 2056 1640 2121 II
1658 2078 1731 2140 Ρ.
1775 2060 1857 2121 ,47
1900 2055 1985 2136 cf.
2017 2077 2094 2139 Ρ.
2137 2059 2229 2121 20
2273 2055 2424 2139 leyit
2475 2055 2791 2139 ediditque
2840 2058 3279 2135 MAPTIAAOY3

691 2158 857 2223 idem
897 2157 1187 2243 Cataloy.
1220 2160 1262 2224 l.
1295 2159 1334 2225 l.
1371 2164 1526 2243 post
1565 2180 1736 2224 num.
1778 2180 1822 2223 a
1863 2157 2115 2224 attulit:
2162 2160 2225 2222 ι2
2257 2156 2464 2240 Alius,
2512 2157 2629 2222 sed
2659 2166 2857 2243 eaput
2890 2155 3278 2238 laureatum,

695 2271 759 2325 et
815 2260 1049 2326 mulier
1105 2261 1337 2326 sedens
1395 2285 1445 2326 s.
1507 2262 1963 2347 eomueopiae'
2012 2260 2184 2344 ande
2225 2260 2521 2325 Mionnet
2565 2258 2606 2328 l.
2653 2259 2694 2325 l.
2737 2281 2802 2325 n.
2854 2258 3060 2343 1658),
3120 2278 3281 2340 quae
3403 2253 3414 2266 ⁹

691 2365 886 2430 verba
927 2366 1039 2448 qui
1081 2365 1261 2450 leyit,
1320 2386 1450 2431 non
1477 2370 1691 2450 potest
1732 2386 1862 2431 non
1893 2368 2134 2448 putare
2175 2363 2342 2429 hunc
2383 2384 2709 2428 nummwm
2751 2367 3022 2428 ceterum
3065 2358 3281 2424 eadem

696 2468 1010 2551 inscripta
1053 2468 1286 2534 habere
1330 2473 1518 2551 atque
1559 2490 1731 2536 num.
1777 2490 1838 2533 a.
1924 2467 2135 2549 Atque
2177 2465 2422 2531 Eckhel
2460 2467 2596 2549 ipse
2640 2464 2866 2530 Doctr.
2910 2463 2954 2530 l.
3002 2463 3040 2528 l.
3091 2461 3281 2528 Mar-

695 2569 912 2634 tialem
943 2570 1247 2636 Serdicae
1281 2572 1372 2636 ‘in
1400 2570 1574 2636 binis
1606 2572 1887 2637 nummis
1918 2570 2101 2635 Veri’
2150 2570 2499 2634 memorari
2537 2569 2810 2652 scripSit.
2884 2566 2978 2631 At
3018 2586 3090 2630 re
3131 2585 3284 2629 vera

687 2693 859 2740 num.
904 2677 954 2739 2
1012 2674 1084 2737 in
1129 2679 1327 2757 parte
1385 2694 1610 2739 aversa
1658 2673 1825 2739 nihil
1868 2673 2001 2738 nisi
2038 2693 2266 2737 nomen
2308 2670 2611 2738 Serdicae
2655 2670 3031 2753 inscriptum
3072 2668 3278 2733 habet.

694 2774 756 2857 b)
819 2774 1004 2841 Male
1062 2775 1409 2860 descriptus
1466 2781 1558 2842 est
1613 2797 1906 2841 nummus
1967 2774 2271 2841 Serdicae
2325 2774 2585 2858 Wiczay
2601 2823 2618 2851 ,
2681 2773 2981 2838 Musewm
3038 2770 3280 2836 Heder-

689 2880 1031 2944 varianwm
1098 2881 1152 2945 I
1170 2902 1242 2965 Ρ.
1274 2884 1355 2946 95
1396 2901 1460 2947 n.
1490 2884 1657 2946 2459
1702 2878 1872 2964 (inde
1904 2878 2200 2944 Mionnet
2246 2877 2373 2944 l.·l.
2417 2898 2480 2942 n.
2518 2875 2722 2960 1656).
2811 2874 2868 2959 c)
2911 2873 3154 2940 Falsus
3192 2877 3283 2938 est

692 3001 983 3046 nmnmus
1010 2982 1335 3061 Anchiali,
1367 3004 1547 3066 quem
1572 3003 1650 3047 em
1676 2981 1988 3066 Aqostino
2017 2979 2125 3065 (cf.
2155 2979 2415 3058 Echhel,
2453 2979 2678 3046 Doctr.
2698 2999 2934 3045 numm.
2965 2978 3057 3043 II
3063 2999 3136 3060 Ρ.
3167 2973 3281 3058 20)

690 3086 958 3169 sumpsit
993 3084 1297 3163 Vaillant,
1333 3085 1744 3151 Numismata
1782 3086 2239 3168 imperatorum
2270 3104 2342 3166 Ρ.
2374 3088 2470 3149 22
2515 3082 2686 3166 (inde
2725 3082 3020 3147 Mionnet
3051 3077 3280 3162 Suppl.

690 3187 786 3252 II
803 3210 877 3271 Ρ.
903 3193 1032 3254 216
1071 3210 1133 3253 n.
1165 3187 1289 3272 63).
1365 3188 1430 3274 d)
1472 3187 1805 3253 Genuinus
1845 3207 1975 3253 esse
2007 3190 2219 3270 potest
2257 3206 2549 3251 nummus
2581 3184 2895 3250 Anchiali
2930 3205 2973 3248 a
3002 3182 3285 3249 Sestinio

696 3289 1045 3374 descriptus
1084 3292 1334 3356 Lettere
1386 3314 1417 3356 e
1469 3291 1912 3357 dissertazioni
1960 3288 2439 3354 numismatiche
2499 3288 2569 3354 di
2625 3287 3101 3354 continuacione
3159 3283 3280 3349 IV

689 3415 760 3477 Ρ.
797 3398 878 3459 51
922 3392 1093 3476 (inde
1139 3392 1433 3458 Mionnet
1478 3391 1704 3476 Suppl.
1753 3393 1846 3458 II
1865 3414 1940 3476 Ρ.
1987 3396 2121 3458 217
2157 3413 2220 3456 n.
2255 3390 2381 3473 69),
2442 3392 2554 3474 qui
2602 3391 2673 3455 in
2724 3389 2992 3455 adversa
3035 3387 3282 3452 exhibet

694 3501 888 3579 caput
931 3495 1030 3560 M.
1062 3494 1323 3560 Aurelii
1363 3499 1422 3560 et
1463 3495 1938 3578 inscm'jationem
1967 3493 2078 3558 Αὐ.
2111 3491 2248 3559 Και.
2279 3492 2364 3558 M.
2399 3490 2746 3580 Αὖρήλι(ος)
2779 3487 3167 3567 Ἀντωνεῗνος,
3212 3490 3285 3553 in

696 3619 921 3665 aversa
948 3599 1230 3664 traditur
1259 3604 1408 3661 ΗΓΕ.
1443 3604 1518 3661 Μ.
1564 3597 1781 3679 (immo
1810 3597 2047 3680 ΗΓΕΜ.)
2088 3604 2200 3661 ΛΠ.
2238 3602 2349 3659 ΚΛ.
2385 3601 2793 3658 ΜΑΡΤῙΑΛΟΥ
2827 3597 3242 3657 ΑΓΧΙΑΛΕΩΝ.

830 3699 1010 3784 Quod
1037 3702 1109 3765 in
1150 3722 1402 3767 nummo
1440 3722 1484 3766 a
1516 3700 1760 3766 Eckhel
1801 3698 1984 3765 modo
2013 3703 2431 3769 ΜΑΡΤΙΛΛΟΥ,
2459 3696 2645 3762 modo
2678 3701 3080 3759 ΜΑΡΤΙΑΛΟΥ
3111 3693 3277 3776 leyit,

692 3827 834 3871 cum
853 3802 1146 3870 Martilli
1172 3824 1506 3887 coynomen
1531 3824 1844 3885 nusquam
1865 3802 2032 3886 quod
2056 3802 2259 3866 sciam
2286 3800 2663 3876 inveniatur,
2685 3820 2820 3864 rem
2839 3797 2988 3862 inde
3008 3798 3283 3879 fortasse

695 3906 1138 3991 explicamdmn
1182 3907 1621 3990 coyitaverwm‚
1669 3905 1837 3988 quod
1876 3906 1947 3969 in
1987 3903 2104 3969 hoc
2144 3923 2416 3979 nummo,
2461 3906 2533 3966 ut
2573 3921 2763 3984 saepe
2811 3902 2879 3965 in
2931 3897 3279 3975 Thracicis,

694 4022 745 4074 A
791 4009 1037 4074 litterae
1078 4008 1294 4090 forma
1336 4013 1562 4092 aperta
1579 4058 1595 4085 ‚
1652 4028 1814 4090 quae
1856 4005 2022 4071 nihil
2065 4006 2314 4072 diversa
2357 4008 2450 4069 est
2492 4025 2536 4068 a
2580 4001 2838 4068 lambda
2882 4001 3116 4078 littera,
3166 4000 3280 4064 ad-

692 4112 901 4177 hibita
958 4115 1132 4177 esset.
1228 4113 1624 4193 Quamquam
1682 4114 1891 4174 autem
1950 4109 2023 4173 in
2066 4115 2179 4171 KA.
2216 4114 2469 4171 Allfflssl‘
2513 4113 2560 4169 Α
2606 4115 2671 4169 et
2712 4112 2757 4168 A
2809 4103 3059 4169 litterae
3117 4107 3283 4168 certe

697 4215 1032 4279 distinctae
1088 4218 1268 4290 sunt,
1326 4218 1402 4278 ut
1448 4212 1660 4278 Iulius
1713 4232 1835 4276 von
1896 4210 2165 4277 Schiiler
2217 4208 2715 4276 Vindobonensis
2769 4226 3022 4271 nummo
3081 4205 3282 4270 denuo

696 4317 1060 4383 examinato
1124 4315 1284 4380 mihi
1337 4316 1595 4399 scr'quit
1652 4320 1711 4380 et
1768 4314 2108 4398 confirmat
2165 4317 2480 4396 ectypwm,
2548 4310 2717 4393 quod
2774 4309 2939 4374 idem
2998 4307 3283 4374 benevole

693 4421 885 4497 misit,
946 4424 1158 4484 tamen
1200 4418 1450 4483 litterae
1488 4423 1644 4501 post
1691 4424 1887 4482 MAPT
1936 4417 2035 4480 ita
2078 4415 2346 4480 detritae
2384 4417 2553 4489 sunt,
2598 4417 2670 4477 ut
2724 4415 2888 4478 certe
2934 4409 3285 4475 diiudicari

694 4544 821 4589 non
869 4523 1110 4606 possit,
1169 4526 1384 4586 umam
1439 4521 1682 4602 fuerint
1730 4527 1822 4584 ΑΛ
1884 4540 1973 4584 an
2012 4526 2124 4586 AA.
2229 4517 2456 4598 Itaque
2515 4515 2665 4580 dwm
2719 4534 3013 4579 nummus
3060 4513 3284 4578 melius

693 4629 980 4691 servatus
1038 4629 1096 4689 et
1155 4628 1317 4690 certe
1376 4623 1727 4706 descriptus
1781 4623 1852 4687 in
1897 4621 2228 4705 publicum
2274 4618 2571 4703 prodeat,
2630 4618 2765 4684 veri
2808 4616 2969 4682 mihi
3010 4615 3283 4682 similius

694 4728 941 4793 videtur
983 4726 1164 4793 illum
1206 4727 1518 4792 hominem
1558 4727 1759 4809 fuisse
1798 4724 2200 4800 Martialem,
2243 4743 2375 4788 non
2420 4721 2813 4789 Martillum.
2910 4720 3030 4786 Vix
3073 4724 3284 4785 autem

697 4835 908 4895 autem
961 4850 1117 4912 opus
1173 4834 1267 4895 est
1320 4850 1570 4894 monere
1623 4826 1906 4894 Graecos
1961 4846 2187 4891 nomen
2247 4823 2592 4889 Martialis
2648 4822 3000 4888 reddidisse
3057 4827 3117 4886 et
3157 4843 3284 4905 per

696 4933 1060 5019 Μαρτιάλιος
1089 4937 1148 4997 et
1170 4953 1295 5016 per
1325 4930 1650 5017 Μαρτιᾶλις
1684 4935 1744 4996 et
1774 4951 1902 5013 per
1930 4926 2277 5016 Μαρτιάλης
2306 4927 2389 5009 cf.
2417 4926 2583 4993 CIG
2615 4926 2751 4991 III
2774 4923 2947 4990 Add.
2980 4922 3279 5000 3846234,

693 5034 860 5101 IGI
893 5038 1064 5102 1572
1103 5064 1187 5088 --
1229 5032 1393 5099 CIG
1438 5038 1623 5109 6512,
1671 5033 1722 5097 I
1725 5031 1839 5097 ΘΙ
1865 5035 2034 5098 2545
2073 5060 2158 5084 =
2204 5028 2366 5097 GIG
2410 5033 2591 5096 6959.

828 5138 1111 5222 Legatus
1171 5134 1646 5220 (Augustorum
1708 5156 1826 5221 pro
1891 5133 2218 5221 praetore)
2280 5132 2654 5220 provinciae
2722 5129 3044 5197 Thraciae
3108 5129 3294 5214 intra,

694 5263 754 5310 a.
802 5240 1075 5309 161s169
1115 5239 1378 5307 mannii.
2759 5247 2870 5303 25*
