3859 5992
525 639 765 694 CEBES
1828 629 1955 695 325
2889 640 3238 696 CEIONIVS

656 851 841 917 VIII
870 854 1076 931 2583‚·
1141 852 1500 916 coniectura
1549 851 1752 934 plane
1818 853 2068 917 incerta
2129 853 2392 918 uomina
2449 853 2584 919 eius
2640 854 2934 918 restituta
2991 858 3136 919 sunt
3195 874 3239 919 a

649 954 927 1019 Reniero
966 953 1036 1017 in
1081 957 1125 1022 t.
1173 952 1394 1018 mutilo
1442 952 1625 1019 VIII
1659 959 1832 1020 2697
1873 955 2032 1020 anni
2074 957 2212 1021 186.
2580 974 2587 978 ’

526 1057 690 1123 4913
736 1054 961 1137 Cebes,
996 1076 1159 1141 puer
1181 1055 1475 1139 Vergilii,
1503 1078 1694 1142 quem
1731 1057 1787 1120 ei
1821 1056 2184 1122 donaverat
2210 1057 2555 1121 Maecenas
2576 1056 2831 1122 Donati
2856 1057 2965 1122 vit.
3005 1055 3235 1140 Veryil.

648 1181 723 1242 Ρ.
753 1163 835 1224 57
872 1158 1048 1224 Suet.
1090 1158 1268 1241 reliq.
1316 1158 1408 1224 ed.
1451 1156 1928 1237 Reifferscheid,
1979 1158 2238 1225 Servius
2281 1159 2350 1224 in
2398 1158 2624 1243 Veryzl.
2673 1159 2781 1226 ecl.
2812 1164 2879 1236 2,
2909 1161 3009 1225 15.

525 1263 654 1328 492
698 1270 1124 1343 GEOROPIVS,
1172 1262 1275 1325 vir
1316 1260 1709 1326 clarissimus
1757 1260 1859 1327 VI
1890 1266 2013 1326 836
2053 1263 2328 1343 fortasse
2373 1263 2605 1327 aetatis
2635 1261 3033 1344 posterioris.

530 1365 658 1430 493
703 1362 1057 1449 Cecropius
1088 1365 1227 1428 sive
1249 1362 1585 1446 Ceronius,
1612 1364 1750 1428 dux
1772 1362 2247 1446 Dalmatarum,
2280 1365 2741 1429 coniurationis
2772 1365 2837 1427 in
2863 1362 3233 1431 Gallienum

655 1468 977 1553 particeps
1039 1467 1491 1550 imperatorem
1549 1463 1676 1529 telo
1745 1465 2143 1551 percussisse
2202 1465 2441 1529 dicitur
2497 1464 2605 1529 vit.
2662 1463 2951 1530 Gallieni
2991 1470 3090 1530 14.
3148 1501 3235 1511 —-

650 1567 918 1652 Cecrops
978 1568 1263 1633 Maurus
1278 1617 1294 1644 ,
1356 1568 1464 1649 qui
1518 1568 1588 1631 in
1647 1566 2033 1633 editionibus
2088 1568 2557 1649 antiquioribus
2610 1566 2854 1632 Zosimi
2895 1572 2955 1645 1,
2997 1571 3083 1632 38
3138 1570 3234 1634 in-

645 1671 913 1748 venitur,
978 1692 1021 1735 a
1065 1670 1320 1735 Zosimo
1365 1671 1612 1736 alienus
1655 1675 1780 1747 est,·
1835 1691 1987 1735 nam
2047 1669 2208 1735 liber
2251 1669 2600 1735 Vaticanus
2641 1690 2770 1734 non
2811 1670 3125 1756 Κέκροπός
3165 1696 3259 1757 γε,

647 1782 749 1842 τοῦ
776 1775 1182 1861 Μαυρουσίου,
1226 1779 1300 1838 ut
1332 1773 1515 1857 vulyo
1547 1773 1887 1856 leyebatur,
1934 1772 2047 1837 secl
2087 1797 2347 1859 μεμορος
2388 1772 2636 1838 exhibet
2669 1773 2752 1854 cf.
2788 1772 3236 1838 Mendelssokn

647 1878 735 1943 ad
763 1878 804 1944 l.
838 1877 900 1956 l.,
949 1879 1059 1961 Qui
1100 1882 1160 1942 et
1189 1876 1365 1960 apud
1392 1878 1895 2003 continuatorem
1922 1874 2160 1941 Dionis
2206 1875 2379 1943 Ved.
2409 1874 2711 1958 Dindorf
2730 1896 2804 1959 Ρ.
2832 1879 2970 1942 220
3000 1874 3236 1941 dicitur

647 1979 882 2067 Μέμωρ
928 1980 1322 2066 Μαυρούσιος

520 2083 648 2149 494
693 2082 1065 2169 Cecropius,
1094 2082 1232 2147 dux
1262 2103 1348 2146 ex
1375 2081 1719 2166 disciplina
1747 2080 2008 2147 militari
2040 2080 2449 2167 imperatoris
2472 2079 2675 2145 Probi
2696 2080 2807 2146 vit.
2823 2078 3029 2145 Probi
3041 2084 3156 2157 22,
3171 2082 3232 2145 3.

518 2185 642 2251 495
689 2184 998 2253 Ceionius
1051 2181 1170 2263 (sie
1222 2183 1658 2268 apographum
1701 2182 2135 2261 Amerbaehii,
2201 2182 2274 2250 C.
2322 2184 2592 2247 Eionius
2652 2181 2843 2247 editio
2882 2180 3232 2266 princeps),

648 2286 1014 2372 praefectus
1044 2297 1404 2351 castrorum
1436 2285 1775 2367 Quinctilii
1807 2287 1969 2352 Vari
2015 2308 2072 2350 a.
2105 2287 2144 2350 9
2177 2309 2239 2372 p.
2272 2284 2347 2351 C.
2393 2286 2462 2349 in
2500 2283 2684 2350 clade
2715 2285 3002 2349 Variana
3044 2295 3235 2369 turpe

648 2388 1020 2475 exemplum
1065 2388 1371 2474 prodidit,
1434 2390 1564 2474 qui,
1630 2410 1773 2453 cum
1835 2387 2028 2470 longe
2080 2388 2429 2452 maximam
2474 2396 2725 2473 partem
2768 2386 3238 2471 absumpsisset

644 2493 847 2575 acies,
910 2501 1137 2557 auctor
1195 2490 1542 2556 deditionis
1597 2490 1914 2577 supplicio
1962 2512 2154 2576 quam
2215 2488 2461 2576 proelio
2505 2492 2668 2555 mori
2714 2488 2922 2554 voluit
2965 2489 3235 2556 Velleius

645 2600 713 2672 2,
764 2599 903 2673 119,
948 2599 1008 2660 4.

516 2696 643 2761 496
686 2706 755 2761 L.
804 2696 1203 2781 CE1[ONIVS]
1253 2718 1423 2760 anno
1452 2697 1526 2761 91
1579 2704 1915 2782 cooptatus
1950 2694 2043 2774 (in
2073 2694 2402 2777 eolleqium
2430 2694 2747 2759 sodalium
2774 2691 3229 2776 Auyustalium

642 2797 1086 2865 Claudialium
1127 2804 1200 2864 ut
1239 2796 1511 2880 videtur)
1559 2798 1662 2863 VI
1692 2801 1894 2876 198&
1955 2797 2306 2882 Cei[onius]
2362 2797 2630 2873 restitui,
2691 2797 2845 2879 quia
2904 2794 3041 2860 alia
3081 2815 3233 2877 qens

643 2901 879 2967 nobilis
921 2902 1100 2967 illius
1144 2902 1393 2978 aetatiS,
1439 2901 1617 2966 euius
1658 2921 1886 2966 nomen
1917 2922 1960 2964 a
1995 2900 2224 2965 litteris
2268 2917 2365 2965 cm
2408 2899 2696 2983 incipiat,
2740 2920 2870 2964 non
2897 2897 3230 2963 invenitur.

648 3004 866 3070 Potest
909 3024 1038 3069 esse
1082 3003 1299 3069 consul
1340 3024 1402 3067 a.
1435 3008 1574 3069 106.

517 3108 643 3173 497
692 3116 1040 3173 CEIONIVS
1070 3115 1415 3189 ALBINVS,
1465 3106 1832 3190 praefectus
1866 3104 2009 3170 urbi
2041 3106 2162 3171 sub
2194 3103 2545 3171 Valeriano
2580 3104 2689 3169 vit.
2721 3102 3068 3169 Aureliani
3095 3108 3152 3178 9,
3185 3107 3235 3168 2

645 3211 716 3274 in
746 3208 1021 3292 epistula
1050 3210 1239 3292 ficta,·
1282 3208 1627 3273 Nummius
1657 3207 1939 3273 Albinus
1984 3207 2351 3293 praefectus
2398 3206 2541 3272 urbi
2587 3228 2757 3271 anno
2789 3208 2916 3272 256
2955 3205 3231 3271 Chrono-

638 3310 944 3395 9raphus.
1035 3309 1187 3375 Vide
1231 3312 1415 3392 infra
1457 3310 1573 3375 sub
1620 3310 1714 3375 M.
1764 3310 2067 3375 wamio
2108 3309 2365 3376 Ceionio
2408 3309 2630 3375 Annio
2674 3308 2929 3375 Albino.

517 3415 642 3479 498
688 3413 995 3481 Ceionius
1055 3411 1368 3497 Albinus,
1446 3414 1635 3478 homo
1694 3412 1934 3478 nobilis
1991 3413 2075 3478 ab
2141 3414 2531 3499 imperatore
2599 3412 2911 3498 Septimio
2980 3411 3226 3477 Severo

648 3518 896 3581 occisus
937 3517 1046 3581 vit.
1096 3517 1318 3584 Severi
1354 3520 1454 3594 13,
1491 3522 1552 3584 3.

536 3655 623 3665 -
687 3628 768 3684 M.
814 3628 1158 3683 NVMMIVS
1211 3627 1563 3684 CEIONIVS
1608 3626 1889 3682 ANNIVS
1934 3626 2275 3684 ALBINVS.

514 3722 642 3786 499
688 3731 1089 3787 CAEIONIVS
1151 3730 1553 3803 CAMENIVS,
1615 3723 1720 3785 vir
1779 3719 2174 3786 clarissimus
2234 3732 2299 3786 et
2351 3720 2660 3788 Caeionia
2719 3720 3044 3785 Fusciana
3104 3718 3231 3783 cla-

643 3825 901 3889 rissima
957 3823 1198 3889 femina
1253 3827 1682 3890 memorantur
1741 3825 1809 3889 in
1855 3827 1895 3892 t.
1939 3825 2280 3889 nutritoris
2338 3824 2441 3890 VI
2479 3827 2698 3891 21787
2752 3822 2994 3889 sacculi
3048 3822 3224 3888 IIII

637 3927 859 4009 potius
901 3947 1091 4009 quam
1134 3927 1275 3994 III.

516 4030 644 4094 500
686 4039 765 4095 Μ.
812 4030 1219 4112 (GEIONIVS)
1269 4039 1520 4094 CIVICA
1563 4037 1977 4110 BARBARVS,
2028 4026 2253 4093 consul
2294 4050 2464 4092 anno
2514 4028 2634 4094 157
2682 4049 2829 4092 cum
2861 4027 2951 4092 M.
2981 4026 3229 4091 Metilio

644 4130 914 4215 Regale.
966 4132 1050 4197 In
1080 4132 1447 4197 consulatu:
1476 4131 1565 4198 M.
1600 4128 1828 4195 Civica
1857 4130 2192 4196 Barbarus
2238 4131 2339 4196 VI
2355 4136 2499 4209 376,
2529 4131 2650 4196 XI
2657 4129 2721 4195 V
2734 4135 2925 4206 2410,
2957 4134 3226 4195 ceterum

642 4233 976 4299 Barbarus
1020 4236 1199 4316 fasti.

770 4336 990 4402 Medio
1036 4336 1189 4402 belli
1232 4335 1522 4402 Parthici
1570 4345 1858 4423 tempore
1896 4337 1984 4417 (a.
2017 4338 2161 4419 164)
2211 4338 2560 4422 imperator
2591 4334 2681 4399 M.
2711 4333 3021 4399 Aurelius
3051 4334 3227 4400 Civi-

641 4461 781 4504 eam
825 4449 1130 4526 patruum
1159 4440 1320 4505 Veri
1363 4449 1429 4505 et
1469 4438 1786 4504 Lucillam
1831 4439 2029 4504 filiam
2075 4439 2154 4504 ad
2187 4439 2429 4504 Verum
2485 4440 2551 4501 in
2598 4438 2859 4523 Syriam
2901 4437 3077 4502 misit
3116 4439 3225 4503 vit.

641 4541 866 4607 Marci
900 4547 960 4621 9,
993 4547 1054 4607 4.
1142 4541 1473 4607 Barbarus
1530 4551 1801 4628 patruus
1845 4543 2005 4607 Veri
2061 4540 2291 4606 Galen.
2335 4539 2525 4606 XIV
2541 4563 2615 4623 Ρ.
2655 4544 2791 4605 613.
2838 4545 2961 4606 619
3007 4541 3097 4606 K.
3143 4577 3228 4586 —

637 4643 877 4710 Frater
918 4666 1063 4729 erqo
1109 4645 1185 4709 L.
1232 4644 1416 4710 Aelii
1456 4643 1770 4722 Caesaris,
1816 4644 1994 4728 filius
2037 4645 2114 4709 L.
2164 4642 2408 4719 Ceionii
2450 4641 2775 4709 Commodi
2810 4663 2933 4708 eos.
2980 4663 3039 4709 a.
3087 4647 3223 4707 106.

513 4747 632 4812 501
685 4757 752 4812 L.
798 4755 1147 4812 CEIONIVS
1194 4756 1627 4831 COMMODVS,
1677 4746 1903 4811 consul
1952 4768 2122 4811 anno
2169 4747 2250 4812 78
2297 4767 2443 4810 cum
2487 4746 2572 4811 D.
2607 4745 2816 4810 Novio
2865 4745 3108 4810 Prisco,
3139 4780 3225 4790 —-—

644 4848 1049 4915 Memoratwr
1091 4850 1161 4915 in
1203 4855 1245 4915 t.
1291 4850 1496 4915 soceri
1538 4849 1641 4915 VI
1675 4853 1837 4914 1348
1880 4849 1991 4932 (1),
2036 4849 2259 4914 uxoris
2300 4852 2461 4914 1349
2506 4847 2621 4932 (2).

770 4952 856 5018 In
899 4952 1265 5018 consulatu:
1306 4953 1383 5018 L.
1428 4951 1736 5019 Ceionius
1783 4950 2226 5036 [Comeodus
2273 4950 2375 5016 VI
2399 4954 2584 5028 2056,
2629 4952 2914 5017 Καιωνίω
2958 4951 3225 5036 Κομόδω

643 5057 779 5122 ὑπα.
838 5055 906 5120 in
967 5055 1278 5139 amphora
1321 5055 1509 5138 picta
1552 5054 1874 5138 Pompeiis
1931 5059 2185 5137 reperta
2230 5051 2570 5136 Sogdiano,
2626 5052 2722 5117 Di
2773 5052 2893 5118 due
2954 5051 3227 5136 epi'qrafi

645 5157 997 5238 amforarie
1026 5157 1413 5241 Pompejane
1446 5179 1519 5240 Ρ.
1542 5162 1617 5235 5;
1661 5162 1930 5222 ceterwm
1962 5155 2355 5222 Commodus
2385 5155 2560 5237 fasti.
2587 5191 2666 5201 —
2700 5155 3007 5221 Ceionius
3040 5152 3225 5220 Com-

640 5258 866 5324 modus
911 5265 956 5325 t.
994 5266 1053 5325 1.
1096 5266 1164 5327 2.
