3859 5992
608 546 1076 602 CALPVRNIVS
1897 538 2027 603 283
2845 549 3315 605 CALPVRNIVS

676 741 680 744 ⁴
736 742 1116 827 Vrgulania,
1166 765 1363 829 quam
1400 766 1600 831 supra
1642 742 1819 827 leges
1860 745 2148 809 amicitia
2189 744 2395 811 Iuliae
2437 744 2777 829 Augustae
2822 745 3145 812 extulerat
3183 746 3314 814 ibd.

736 850 803 923 2,
833 850 935 911 34.
1010 848 1202 913 Anno
1242 849 1327 913 20
1371 846 1493 913 Cn.
1524 848 1747 912 Pisoni
1795 846 2036 932 (fratri)
2081 869 2192 913 reo
2237 859 2549 935 patronus
2593 848 2805 913 adfuit
2828 853 2895 926 2,
2924 854 3006 914 11
3041 850 3150 933 (cf.
3182 849 3313 914 ibd.

737 953 802 1026 2,
832 954 923 1014 12
955 951 1034 1014 ‘si
1078 971 1243 1037 quos
1287 951 1688 1037 propinquos
1733 952 1998 1034 sanguis
2042 961 2160 1016 aut
2201 951 2363 1016 fides
2416 974 2536 1017 sua
2579 961 2884 1037 patronos
2925 951 3179 1036 dedit’).
3253 954 3315 1019 A

735 1051 999 1116 Tiberio
1057 1074 1228 1117 anno
1273 1056 1357 1119 22
1415 1055 1482 1117 in
1546 1062 1779 1117 senatu
1834 1054 2086 1140 primus
2150 1055 2533 1119 sententiam
2600 1064 2866 1138 rogatus
2921 1055 3049 1121 ibd.
3098 1059 3159 1132 3,
3211 1059 3314 1120 68.

735 1156 928 1221 Anno
988 1158 1072 1220 24
1127 1178 1168 1221 a
1226 1155 1474 1221 Granio
1534 1157 1888 1221 maiestatis
1944 1155 2309 1243 postulatus
2369 1178 2521 1221 reus
2579 1167 2875 1243 receptus
2942 1168 3040 1223 est
3103 1181 3315 1245 neque

736 1268 1038 1344 peractus
1084 1248 1166 1324 ob
1209 1269 1483 1324 mortem
1528 1269 1997 1345 opportunam3
2044 1259 2278 1324 nobilis
2323 1281 2401 1324 ac
2444 1259 2630 1324 ferox
2676 1261 2780 1323 vir
2814 1260 2945 1325 iod.
2981 1265 3039 1336 4,
3077 1266 3184 1328 21.

606 1361 732 1424 234
776 1370 842 1425 L.
884 1370 1349 1426 CALPVRNIVS
1395 1372 1555 1426 PISO
1600 1362 1948 1428 honoratus
1978 1367 2020 1429 t.
2054 1362 2480 1446 Peryameuo:
2522 1365 2554 1428 ὁ
2588 1366 2774 1448 δῆμος
2818 1362 3111 1446 [Λε]6κιον
3153 1363 3312 1430 Καλ-

732 1465 1004 1549 πούρνιον
1055 1463 1299 1530 Πίσωνα
1358 1465 1506 1549 [dcv
1554 1466 1648 1531 διὰ
1693 1465 2001 1552 προγόνων
2048 1466 2360 1552 εὐεργέτην
2404 1472 2508 1551 τῆς
2551 1465 2787 1537 πόλεως
2830 1465 3144 1543 Frankel,
3203 1468 3314 1531 In-

727 1565 1035 1649 schriften
1075 1588 1196 1632 von
1239 1567 1599 1649 Peryamon
1638 1588 1701 1635 n.
1733 1571 1879 1633 425.
1968 1566 2275 1632 Fortasse
2333 1567 2422 1632 ad
2477 1567 2735 1633 eundem
2792 1568 3162 1651 referendus
3223 1573 3314 1633 est

733 1670 776 1734 t.
823 1668 1262 1734 Stratoniceus
1304 1675 1618 1752 repertus:
1671 1671 1918 1735 Λεύκιον
1971 1669 2375 1756 Καλπούρνιον
2437 1668 2678 1736 Πίσωνα
2735 1672 2835 1736 τὸν
2889 1674 3171 1757 πάτρωνα
3216 1676 3313 1737 καὶ

735 1770 1049 1856 εὐεργέτην
1108 1772 1201 1838 διὰ
1260 1772 1567 1860 προγόνων
1626 1779 1730 1858 τῆς
1787 1772 2025 1844 πόλεως
2078 1776 2249 1858 ἡμῶν
2309 1772 2597 1837 Bulletin
2648 1773 2724 1837 de
2781 1775 3314 1857 correspondance

733 1872 1106 1955 Hellenique
1145 1875 1207 1939 V
1224 1876 1438 1959 (1881)
1470 1897 1542 1958 p.
1575 1879 1718 1951 183,
1752 1896 2134 1957 quamquam
2169 1876 2335 1940 hunc
2363 1874 2614 1940 titulum
2649 1877 2761 1957 qui
2788 1874 2985 1940 edidit
3015 1877 3105 1940 ad
3129 1878 3316 1961 finem

736 1974 977 2040 liberae
1017 1978 1118 2041 rei
1158 1978 1464 2059 publicae
1507 1978 1833 2060 pertinere
1892 1978 2190 2060 opinatus
2247 1982 2354 2042 est.
2448 1977 2741 2061 Goyitari
2782 1982 2997 2060 potest
3040 1979 3114 2045 cle
3159 2001 3315 2063 pro-

738 2078 989 2143 consule
1032 2079 1303 2161 quodam
1346 2080 1546 2145 Asiae
1594 2081 1824 2146 aetatis
1868 2082 2321 2164 imperatoriae
2359 2081 2653 2146 ineuntis.

608 2180 730 2245 235
782 2190 846 2245 L.
895 2182 1418 2267 (CALPVRNIVS)
1465 2192 1646 2265 PISO‚
1694 2193 1880 2270 pater
1910 2182 2301 2268 Calpurniae
2333 2183 2612 2265 (uxoris)
2642 2182 3044 2269 Asprenatis,
3089 2206 3314 2250 memo-

732 2287 923 2347 ratur
964 2285 1030 2348 in
1079 2289 1121 2348 t.
1166 2285 1344 2368 filiae
1388 2284 1491 2350 VI
1517 2291 1697 2351 1371.
1792 2286 2086 2351 Maritus
2133 2290 2344 2368 potest
2395 2305 2523 2350 esse
2565 2286 2644 2349 L.
2696 2285 2946 2351 Nonius
2985 2287 3318 2370 Asprenas

736 2386 952 2450 consul
994 2409 1055 2451 a.
1100 2392 1141 2450 6
1170 2410 1243 2471 p.
1285 2387 1378 2466 0.,
1425 2388 1500 2454 de
1540 2390 1616 2456 L.
1664 2388 1898 2454 Pisone
1953 2389 2117 2454 nihil
2175 2394 2422 2453 constat
2479 2389 2562 2472 cf.
2621 2409 2782 2471 quae
2840 2388 3145 2453 adnotavi
3198 2390 3313 2453 sub

733 2487 813 2551 L.
857 2487 1093 2555 Pisone
1133 2490 1348 2573 Fruyi
1389 2511 1510 2555 cos.
1560 2513 1619 2557 a.
1658 2496 1799 2556 739.

607 2591 732 2654 236
780 2600 846 2658 L.
879 2595 1404 2678 (CALPVRNIVS)
1437 2603 1618 2675 PISO‚
1652 2593 1901 2677 legatus
1934 2594 2293 2681 Hispaniae
2322 2594 2638 2658 citerioris
2680 2616 2736 2658 a.
2769 2596 2851 2660 25
2892 2615 2956 2680 p.
2991 2593 3066 2661 C.
3097 2617 3137 2658 a
3164 2615 3318 2678 quo-

735 2692 881 2758 dam
930 2697 1170 2778 agresti
1216 2698 1495 2761 nationis
1525 2697 1973 2762 Termestinae
2017 2698 2084 2761 in
2131 2698 2362 2760 itinere
2405 2697 2653 2760 occisus
2692 2705 2789 2760 est
2830 2698 3150 2762 incertum
3185 2720 3317 2783 qua

731 2817 815 2860 ex
860 2819 1090 2881 causa3
1150 2798 1264 2863 sed
1310 2799 1865 2865 Termestinorum
1907 2798 2057 2864 dolo
2102 2820 2327 2864 caesus
2385 2796 2675 2880 habetur,
2724 2800 2879 2884 quia
2923 2799 3233 2885 pecunias
3279 2822 3314 2862 e

734 2898 994 2983 publico
1025 2901 1417 2987 interceptas
1448 2904 1677 2985 acrius,
1727 2923 1921 2988 quam
1962 2912 2034 2967 ut
2069 2900 2418 2966 tolerarent
2447 2900 2727 2984 barbari,
2760 2900 3034 2984 cogebat
3072 2902 3219 2968 Tae.
3254 2923 3313 2965 a.

732 3007 790 3079 4,
822 3007 921 3067 45.
1008 3003 1244 3069 Consul
1284 3005 1485 3087 iqitur
1525 3003 1826 3084 suffectus
1870 3025 2038 3069 anno
2080 3005 2320 3069 incerto
2361 3003 2604 3068 saeculi
2640 3005 2848 3087 primi
2889 2990 3182 3071 ineuntis.
3241 3041 3313 3050 -

733 3103 949 3169 Filius
1007 3107 1286 3172 ereditur
1342 3108 1418 3171 L.
1466 3107 1724 3172 Pisonis
1783 3107 2056 3172 consulis
2108 3129 2169 3171 a.
2217 3112 2341 3171 739
2386 3136 2470 3160 =
2513 3112 2593 3172 15
2638 3128 2698 3171 a.
2747 3106 2834 3185 C„
2879 3129 3045 3173 uuus
3087 3130 3163 3172 ex
3202 3106 3316 3173 Pi-

733 3210 1007 3286 sonibus,
1055 3230 1210 3292 quos
1268 3210 1613 3292 alloquitur
1655 3210 1974 3275 Horatius
2025 3210 2094 3274 iu
2138 3210 2300 3274 Arte
2347 3211 2641 3292 poetica,·
2699 3215 2768 3274 at
2823 3232 2900 3275 ea
2958 3210 3320 3275 coniectura

729 3311 931 3394 plane
987 3313 1231 3377 incerta
1289 3318 1380 3377 est
1394 3362 1410 3390 ‚
1472 3334 1612 3377 (nom
1652 3312 1880 3396 plures
1923 3313 2158 3377 Isuoios
2206 3312 2473 3378 Pisones
2532 3317 2740 3377 aetate
2783 3314 3062 3395 Auyusti
3117 3312 3317 3395 fuisse

734 3420 986 3482 constet.

607 3516 731 3581 237
775 3526 844 3582 L.
878 3526 1345 3582 CALPVRNIVS
1379 3527 1561 3599 PISO‚
1611 3518 1721 3600 qui
1759 3521 1905 3582 aute
1947 3517 2413 3582 damnationem
2445 3517 2666 3600 patris
2695 3526 2811 3585 CN.
2845 3526 3312 3581 CALPVRNIVS

732 3630 917 3703 PISO‚
977 3620 1204 3685 consul
1261 3644 1319 3685 a.
1369 3621 1447 3684 27
1492 3643 1640 3684 cum
1685 3621 1775 3688 M.
1825 3621 2076 3685 Licinio
2127 3620 2362 3685 Crasso
2409 3620 2634 3702 Frugi.
2697 3657 2773 3666 -
2823 3621 2911 3684 In
2953 3619 3318 3684 consulatu:

732 3721 810 3786 L.
857 3721 1247 3808 Calpurnius
1305 3724 1454 3787 Piso
1494 3724 1587 3788 II
1618 3727 1803 3800 2633,
1862 3722 1924 3786 V
1953 3728 2136 3799 4919,
2208 3722 2309 3787 VI
2341 3727 2487 3799 251,
2553 3723 2625 3789 L.
2674 3721 3092 3807 Calpur[nius
3139 3722 3312 3805 Piso]

732 3826 894 3905 fasti
933 3825 1273 3889 Arvalium
1316 3826 1367 3890 I
1372 3827 1397 3864 2
1432 3848 1504 3907 p.
1539 3831 1617 3889 71
1631 3845 1651 3904 ,·
1710 3826 1785 3889 L.
1833 3824 2228 3910 Calpurnius
2280 3825 2502 3890 tabula
2546 3830 2764 3889 cerata
2805 3822 3202 3906 Pompeiana
3241 3830 3309 3901 2,

744 3927 888 3993 Tac.
922 3948 982 3992 a.
1011 3933 1070 4004 4,
1102 3933 1225 4005 62,·
1267 3928 1343 3993 L.
1376 3929 1528 3992 Piso
1577 3927 1842 4004 V4920‚
1891 3926 2270 4001 Cassiodor„
2304 3931 2572 3991 ceterum
2602 3928 2754 3991 Piso
2794 3928 2971 4008 fasti.
3009 3965 3085 3973 —-
3116 3926 3314 4009 Apud

731 4031 1070 4112 scriptores
1113 4030 1191 4094 L.
1238 4031 1386 4093 Piso
1428 4030 1556 4093 sive
1601 4034 1791 4093 antea
1837 4017 1955 4093 Cn.
2006 4030 2175 4094 Piso.

859 4133 937 4197 L.
985 4133 1134 4197 Piso
1196 4131 1546 4197 Plancinae
1605 4143 1669 4196 et
1728 4131 1846 4196 Cn.
1896 4133 2151 4196 Pisonis
2210 4131 2380 4194 filius
2439 4130 2574 4194 Dio
2614 4135 2716 4208 59,
2761 4136 2853 4196 20
2909 4131 3146 4196 scilieet
3193 4131 3309 4199 Cn.

735 4234 1079 4319 Calpurnii
1114 4234 1374 4300 Pisonis
1417 4235 1691 4300 consulis
1735 4257 1795 4299 a.
1845 4240 1971 4299 747
2004 4264 2088 4288 =
2133 4239 2177 4296 7
2218 4256 2278 4299 a.
2320 4233 2390 4298 Ο.
2435 4233 2610 4317 filius
2661 4235 2718 4297 is
2775 4235 2885 4316 qui
2942 4240 3088 4299 ante
3139 4235 3309 4300 dam-

731 4341 1048 4404 nationem
1095 4339 1213 4406 Cn.
1266 4340 1413 4402 Piso
1460 4339 1664 4402 (lictus
1708 4342 1816 4402 est.
1902 4337 2065 4402 Cum
2131 4348 2314 4422 pater
2371 4360 2428 4402 a.
2486 4337 2668 4401 18119
2711 4335 3035 4419 legatione
3082 4338 3313 4422 Syriae

734 4440 1132 4525 fungeretur,
1183 4462 1371 4504 omne
1416 4440 1480 4504 id
1529 4451 1780 4525 tenipus
1812 4440 2078 4505 Gnaeus
2123 4442 2186 4503 in
2233 4439 2398 4503 urbe
2444 4440 2577 4522 egit
2616 4439 2763 4504 Tac.
2796 4462 2856 4506 a.
2887 4445 2946 4516 3,
2985 4445 3080 4507 16.
3161 4442 3315 4504 Post

734 4566 958 4610 necem
1018 4546 1219 4629 patris
1277 4567 1335 4608 a.
1381 4546 1465 4609 20
1524 4554 1786 4608 senatus
1846 4545 2127 4623 censuit,
2196 4553 2270 4607 ut
2329 4565 2476 4627 pars
2539 4541 2849 4606 bonorum
2895 4554 3310 4628 paternorum

730 4645 850 4711 Cn.
912 4649 1132 4711 Pisoni
1192 4646 1323 4710 filio
1381 4646 1843 4711 concederetur
1900 4647 2085 4730 isque
2151 4667 2539 4730 praenomen
2605 4655 2883 4710 mutaret
2939 4644 3065 4711 iod.
3106 4649 3166 4718 3,
3212 4649 3311 4709 17.

740 4748 911 4814 Vnde
956 4755 1185 4832 postea
1243 4750 1485 4814 Lucius
1546 4749 1749 4813 dietus
1805 4753 1912 4814 est.
2004 4748 2182 4811 Idem
2239 4747 2485 4812 videtur
2530 4748 2681 4810 Piso
2741 4748 3104 4834 praefectus
3165 4746 3310 4810 urbi

732 4853 854 4918 sub
898 4851 1087 4915 finem
1137 4853 1390 4937 imperii
1436 4851 1702 4935 Tiberii,
1750 4854 1851 4915 cni
1901 4850 1976 4916 C.
2025 4850 2266 4915 Caesar
2310 4872 2650 4915 excessum
2694 4850 2938 4914 Tiberii
2989 4851 3314 4915 nuntiavit

732 4957 978 5039 Ioseph..
1027 4961 1157 5020 ant.
1203 4961 1301 5032 18,
1335 4962 1393 5032 6,
1423 4960 1484 5020 5.
1517 4962 1596 5020 10
1642 4954 1773 5035 (eui
1812 4957 1926 5019 sub
1986 4956 2156 5019 Gaio
2201 4956 2495 5019 suecessit
2540 4955 2934 5037 Sanquinius
2981 4954 3313 5017 Maximus

730 5058 860 5125 Dio
904 5064 1004 5135 59,
1043 5063 1168 5143 13).
1255 5060 1447 5123 Anno
1493 5062 1575 5123 38
1631 5057 1976 5144 proconsul
2026 5057 2319 5137 Africae3
2387 5079 2536 5120 cum
2583 5058 2788 5121 Gaius
2827 5066 3178 5135 vereretur,
3230 5077 3310 5118 ne

734 5184 836 5225 res
881 5184 1086 5227 novas
1128 5161 1487 5238 moliretur,
1537 5163 1875 5247 imperium
1922 5164 2246 5224 exercitus
2279 5159 2570 5224 Africani
2614 5162 2672 5222 ei
2704 5157 2970 5223 abstulit
3000 5169 3064 5221 et
3092 5159 3311 5243 copias
