3859 5992
592 437 969 494 AVRELIVS
1894 430 2023 495 200
2930 439 3315 497 AVRELIVS

722 640 821 714 11,
868 641 927 703 9.
1026 635 1250 701 ‘Hunc
1309 635 1608 723 plerique
1666 645 1900 722 putant
1945 634 2282 702 Gordiano
2342 646 2584 720 satum,
2644 636 2801 702 dum
2853 634 3231 703 adulescens
3271 661 3320 702 a

723 738 997 803 muliere
1055 749 1312 805 matura
1371 740 1817 804 institueretur
1860 739 1945 804 ad
1988 750 2285 805 uxorem’
2333 740 2630 823 ,ffliitome
2673 744 2776 818 34,
2820 746 2877 805 1.
2965 739 3172 805 Natus
3218 750 3319 805 est

726 840 833 906 die
879 843 961 907 10
1023 844 1262 907 mensis
1321 843 1454 907 Mai
1515 842 1601 922 (a.
1646 843 1898 928 incerti)
1957 844 2122 925 fasti
2171 842 2503 908 Philocali
2556 848 2617 908 et
2671 842 2944 908 Polemii
2995 842 3186 908 Stlcii
3224 843 3312 909 1²

604 1011 614 1023 ,
721 967 794 1028 p.
826 950 972 1010 264.
1005 949 1152 1012 265.
1218 945 1425 1010 Decio
1473 948 1860 1032 imperatore
1901 945 2219 1035 tribunus,
2269 969 2308 1010 a
2338 945 2688 1012 Valeriano
2720 946 3018 1012 tribunus
3049 946 3314 1031 quintae

726 1047 1000 1131 legionis
1043 1046 1320 1113 Martiae
1365 1046 1528 1136 (sic),
1593 1047 1742 1112 dein
1788 1048 1926 1113 dux
1985 1050 2183 1114 totius
2242 1047 2488 1132 Illyrici
2550 1048 2760 1113 factus
2811 1050 2948 1113 vita
2992 1053 3204 1114 14-16
3243 1050 3314 1113 in

725 1150 1012 1233 epistulis
1054 1152 1262 1233 inepte
1303 1151 1490 1234 fictis.
1569 1151 1657 1217 In
1702 1150 2282 1216 adclamationibus
2322 1155 2579 1216 senatus
2614 1152 2724 1216 vit.
2755 1154 2856 1228 18,
2885 1155 2929 1216 3
2962 1150 3314 1216 ‘consulem

727 1263 806 1335 te,
870 1252 1267 1339 praefectum
1331 1263 1441 1334 te‘,
1502 1253 1669 1319 unde
1727 1259 1951 1319 auctor
2005 1254 2174 1318 vitae
2212 1252 2563 1319 Claudium
2605 1259 2753 1318 ante
2795 1255 3131 1337 imperium
3171 1274 3314 1319 con-

722 1356 921 1420 sulem
979 1361 1041 1420 et
1083 1357 1486 1439 praefectum
1531 1358 1867 1440 praetorio
1930 1356 2131 1439 fuisse
2200 1358 2457 1440 opinari
2513 1357 2781 1422 videtur.
2883 1355 3314 1422 Heraclianus

728 1464 1090 1545 praefectus
1148 1461 1474 1546 praetorio
1522 1458 1803 1528 Gallieni
1868 1481 2017 1524 cum
2064 1481 2287 1525 necem
2347 1460 2754 1547 imperatoris
2811 1459 3177 1541 moliretur,
3244 1460 3313 1523 in

729 1563 1101 1627 societatem
1159 1563 1411 1629 consilii
1473 1561 1818 1629 Claudium
1880 1565 2126 1650 recepit
2183 1567 2248 1636 ὃς
2308 1565 2455 1651 μετὰ
2509 1567 2612 1631 τὸν
2675 1564 2922 1652 βασιλέα
2977 1570 3096 1631 τῶν
3152 1566 3312 1629 ὅλων

726 1665 1128 1752 ἐπιτροπεύειν
1174 1666 1368 1732 ἐδόκει
1413 1666 1647 1733 Zosim.
1679 1672 1737 1743 1,
1768 1672 1851 1731 40
1896 1664 2070 1746 (item
2113 1667 2574 1732 coniurationis
2616 1668 2822 1732 socius
2866 1666 3102 1731 dicitur
3145 1666 3319 1749 apud

602 1830 611 1839 ,
729 1768 1059 1833 Zonaraen
1088 1774 1192 1847 12,
1224 1773 1313 1834 25
1344 1792 1417 1852 p.
1457 1772 1598 1845 148,
1631 1774 1723 1835 32
1767 1768 1859 1836 ed.
1899 1768 2203 1851 Dindorf
2225 1791 2301 1833 ex
2330 1768 2541 1834 eodem
2568 1771 2805 1852 fonte),·
2848 1768 3098 1834 consilii
3144 1768 3314 1833 illius

729 1873 995 1955 ignarus
1037 1873 1147 1936 vit.
1190 1871 1479 1938 Gallieni
1518 1878 1600 1937 14
1643 1873 1725 1956 cf.
1773 1873 1969 1937 vitam
2007 1871 2279 1938 Claudii
2319 1877 2378 1949 1,
2422 1877 2482 1937 3.
2573 1871 2945 1939 Gallienum
2988 1872 3312 1938 moribun-

730 1974 886 2039 dum
932 1975 1212 2059 insignia
1245 1975 1498 2062 imperii
1528 1974 1612 2040 ad
1643 1974 1993 2041 Claudium
2024 1975 2380 2040 destinasse
2420 1975 2663 2040 honore
2706 1973 3074 2040 tribunatus
3103 1974 3312 2039 Ticini

729 2079 1116 2144 retinentem
1146 2078 1639 2165 praesidiariam
1668 2100 1931 2143 manum
1980 2077 2194 2144 Victor
2232 2077 2411 2145 Caes,
2442 2082 2543 2155 33,
2572 2082 2665 2145 28
2706 2083 2767 2143 et
2805 2078 3103 2161 ,ffliitome
3132 2081 3232 2156 34,
3267 2082 3316 2143 2

727 2180 988 2246 eumdem
1051 2187 1369 2247 auctorem
1423 2182 1624 2246 secuti
1678 2182 1946 2265 finyunt.
2037 2179 2230 2245 Certe
2273 2180 2411 2245 dux
2456 2179 2738 2249 Gallieni
2797 2179 3191 2245 clarissimus
3229 2183 3312 2263 cf.

730 2287 966 2352 Zosim.
1011 2290 1068 2362 1,
1115 2289 1197 2349 44
1252 2287 1358 2371 τὴν
1418 2289 1536 2350 τῶν
1599 2284 1761 2350 ὅλων
1823 2286 2144 2370 ἡγεμονίαν
2204 2286 2657 2372 παραλαμβάνει
2714 2286 2813 2350 καὶ
2873 2283 3153 2371 πρότερον
3212 2291 3316 2369 τῆς

730 2395 930 2473 κοινῆς
975 2391 1182 2475 ψήφου
1226 2387 1442 2470 ταύτην
1490 2387 1706 2474 δοῦσης
1748 2389 1929 2475 αὐτῷ.
2019 2384 2318 2452 Gallieno
2372 2387 2582 2451 occiso
2627 2388 2980 2474 imperator
3021 2409 3061 2450 a
3102 2385 3313 2452 militi-

729 2489 885 2574 bus,
946 2489 1181 2555 deinde
1240 2511 1280 2554 a
1339 2499 1567 2554 senatu
1628 2499 2045 2575 nuncupatus
2093 2490 2229 2553 vita
2276 2495 2349 2567 4,
2410 2490 2520 2554 vit.
2564 2489 2852 2555 Gallieni
2895 2494 2994 2565 15,
3059 2489 3310 2567 Zosim„

731 2595 971 2660 Zonar.
1019 2593 1061 2657 l.
1109 2593 1148 2658 l.
1253 2592 1644 2658 Nuntiatum
1709 2602 1808 2657 est
1872 2593 2146 2658 Romam
2202 2593 2402 2658 VIIII
2469 2592 2600 2660 kal.
2660 2591 2906 2677 Aprilis
2966 2589 3316 2658 Claudium

733 2699 1188 2783 imperatorem
1247 2695 1489 2761 factum
1550 2718 1690 2761 esse
1746 2698 1882 2761 vita
1922 2701 1983 2773 4,
2027 2700 2096 2773 2,
2160 2697 2264 2760 cui
2317 2718 2396 2760 ne
2440 2696 2511 2760 in
2549 2695 2672 2761 hac
2714 2693 2963 2778 quidem
3005 2716 3076 2760 re
3115 2692 3316 2758 ullam

731 2798 921 2884 fidem
949 2798 1182 2864 habere
1214 2799 1372 2864 licet.
1448 2797 1693 2864 Consul
1738 2822 1797 2864 a.
1830 2800 1957 2865 269
1999 2800 2164 2881 fasti
2205 2797 2458 2880 (consul
2490 2799 2559 2864 11
2589 2797 2754 2880 falso
2783 2798 2855 2862 in
2884 2798 3317 2880 inscriptioni-

734 2903 850 2967 bus
908 2900 1282 2985 quibusdam
1324 2901 1417 2966 II
1460 2906 1643 2967 3619.
1702 2906 1884 2966 3834.
1943 2904 2124 2978 4505,
2188 2900 2372 2966 VIII
2398 2901 2610 2984 4876).
2691 2898 3070 2965 Pestilentia
3126 2901 3321 2986 periit

731 3008 867 3070 vita
895 3012 1001 3083 12,
1036 3011 1102 3083 2,
1151 3006 1444 3071 Zosimus
1486 3011 1543 3081 1,
1588 3009 1688 3082 46,
1734 3004 2011 3088 Eutrop.
2049 3009 2109 3081 9,
2143 3009 2243 3081 11,
2292 3003 2515 3070 Sirmii
2561 3001 2929 3086 Hieronym.
2977 3002 3189 3068 chron.
3234 3002 3323 3067 ad

735 3130 779 3173 a
821 3109 983 3174 Abr.
1014 3113 1195 3175 2287
1235 3105 1407 3187 (inde
1449 3107 1713 3175 Orosius
1759 3113 1816 3185 7,
1847 3112 1982 3193 23),
2032 3107 2273 3172 Zonar.
2313 3110 2417 3183 12,
2463 3109 2570 3171 26.
2658 3107 2787 3170 Pro
2832 3126 2904 3169 re
2947 3104 3209 3191 publica
3251 3128 3321 3169 se

734 3210 1001 3275 devovit
1050 3211 1259 3276 Victor
1298 3210 1478 3276 Caes,
1519 3216 1631 3287 34,
1692 3211 1993 3294 Epitome
2034 3215 2151 3288 34;
2214 3209 2301 3275 ad
2358 3208 2616 3275 eandem
2665 3208 2958 3292 fabulam
3014 3210 3323 3293 respicere

730 3314 979 3378 videtur
1022 3313 1349 3381 Ammian.
1392 3318 1492 3390 31,
1540 3318 1599 3389 5,
1645 3319 1730 3378 17
1771 3314 1854 3395 cf.
1901 3319 1999 3389 16,
2046 3318 2145 3389 10,
2189 3317 2248 3380 3.
2299 3349 2389 3359 -—
2445 3311 2743 3376 Mortuus
2787 3322 2886 3375 est
2931 3312 3103 3375 intra
3144 3310 3323 3376 bien-

733 3418 910 3481 nium
942 3417 1222 3500 Eutrop.
1256 3415 1295 3480 l.
1329 3416 1370 3484 l.
1403 3414 1593 3496 (unde
1621 3416 1784 3481 idem
1812 3415 2122 3498 Orosius),
2157 3417 2453 3497 regnavit
2483 3436 2686 3479 annos
2717 3415 2784 3479 H
2815 3415 3111 3496 Epitome
3136 3417 3235 3490 34,
3261 3418 3319 3489 1,

729 3541 977 3583 annum
1015 3520 1049 3584 I
1092 3541 1343 3583 menses
1387 3519 1489 3584 IX
1518 3518 2308 3600 Eusebius-Hieronymus,
2356 3539 2599 3582 annum
2629 3517 2663 3582 Ι
2705 3539 2959 3582 menses
3000 3516 3137 3582 IIII
3181 3516 3320 3581 dies

732 3621 935 3687 XIIII
976 3621 1537 3706 Chronoyraphus.

869 3723 1030 3790 Cum
1089 3726 1332 3790 nummi
1393 3723 1828 3789 Alexandrini
1894 3721 2186 3788 Gallieni
2252 3742 2446 3806 usquc
2512 3723 2602 3788 ad
2663 3723 2951 3806 quintum
3017 3721 3320 3788 decimum

731 3848 969 3904 anmwm
999 3823 1107 3909 (cf.
1139 3849 1258 3893 von
1290 3826 1514 3904 Sallet,
1542 3826 1760 3891 Daten
1790 3826 1900 3891 der
1930 3824 2548 3892 Alexandrinischen
2580 3825 3087 3891 Kaisermu‘nzen
3111 3846 3187 3908 p.
3217 3824 3318 3907 73)

708 3930 1102 4015 procedant,
1144 3929 1416 3996 Claudii
1454 3950 1647 4012 usque
1706 3928 1793 3994 ad
1854 3950 2092 3994 annum
2145 3930 2416 4005 tertium,
2475 3928 2792 3994 Claudius
2850 3932 2995 3993 ante
3053 3948 3319 3993 mensem

732 4032 1158 4116 Septembrem
1215 4055 1274 4097 a.
1321 4036 1455 4098 268
1497 4053 1759 4115 reynum
1801 4032 2021 4097 iniisse
2066 4036 2125 4096 et
2155 4032 2376 4114 primo
2419 4033 2703 4097 semestri
2746 4052 2807 4096 a.
2849 4035 2983 4097 270
3038 4035 3321 4096 mortuus

732 4156 862 4201 esse
904 4135 1171 4200 videtur.

859 4237 1124 4302 Fratres
1172 4240 1229 4302 ei
1276 4238 1543 4303 fuerunt
1572 4235 1930 4319 Quintillus
1968 4245 2034 4302 et
2062 4236 2351 4322 Crispus,
2393 4259 2576 4302 soror
2605 4235 3032 4304 Constantina
3060 4237 3194 4301 vita
3226 4241 3319 4314 13,

732 4339 842 4404 sed
869 4345 1136 4422 praeter
1170 4340 1546 4423 Quintillum
1587 4340 1850 4404 nomina
1891 4339 2047 4423 ficta
2087 4339 2395 4405 videntur.

613 4442 774 4507 1228
820 4442 911 4508 Μ.
945 4441 1307 4526 Aur(elius)
1348 4441 1728 4527 [ClJaudius,
1778 4452 2159 4528 procurator
2188 4441 2634 4526 Augustorum
2681 4439 3037 4526 (Phrygiae
3051 4439 3115 4524 P)
3156 4439 3258 4506 CI
3259 4438 3320 4505 G

729 4549 894 4611 3950
958 4550 1001 4612 t.
1048 4545 1444 4612 Attudensi‘S.
1503 4581 1591 4591 —-
1657 4544 1748 4611 M.
1812 4544 2169 4627 Aur(elius)
2239 4544 2551 4610 Claudius
2615 4542 2876 4627 quidam
2936 4547 3324 4608 memoratur

731 4649 924 4714 etiam
963 4649 1032 4714 in
1076 4648 1259 4714 titulo
1303 4647 1796 4732 Aphrodisiensi
1835 4646 1940 4712 CI
1944 4646 2006 4713 G
2051 4652 2244 4714 2840.

608 4751 775 4817 1229
819 4761 971 4819 ΙΜΡ.
1036 4761 1330 4817 CAESAR
1394 4762 1472 4819 M.
1532 4759 1907 4815 AVRELIVS
1969 4759 2304 4815 CLAVDIV
2309 4760 2344 4815 S
2407 4759 2856 4828 QVINTILLVS
2916 4758 3320 4815 AVGVSTVS.

731 4853 946 4919 Plena
1000 4856 1263 4920 nomina
1321 4853 1611 4920 exhibent
1666 4854 1910 4919 nummi
1968 4851 2175 4918 Cohen
2233 4853 2334 4920 VI
2343 4853 2370 4891 ²
2420 4876 2491 4937 p.
2540 4858 2658 4919 163
2698 4874 2824 4936 sqq.
2882 4858 2942 4918 et
2991 4853 3324 4937 inscriptio

731 4956 1007 5023 miliarii
1047 4957 1506 5023 Mauretaniae
1548 4956 1814 5041 Ephem.
1855 4978 1949 5040 ep.
2003 4963 2058 5034 7,
2105 4961 2246 5033 670,
2304 4958 2419 5022 ubi
2462 4955 2795 5037 Quintilus
2852 4956 3158 5039 scriptum
3215 4959 3323 5021 est.

736 5059 939 5147 Apud
980 5061 1322 5145 scriptores
1367 5058 1743 5143 Quintillus.
