3859 5992
500 484 804 540 Avmlvs
1527 459 1533 465 ’
1791 475 1912 540 190
2870 486 3228 541 Ammvs

629 680 894 745 archeae
923 700 994 761 p.
1026 683 1143 755 49;
1182 679 1332 742 item
1374 680 1445 741 in
1478 680 1799 761 principio
1842 678 2050 745 libelli
2092 684 2222 768 περὶ
2266 688 2385 747 τῶν
2436 681 2710 770 βραδέως
2753 681 3226 768 τιμωρουμένων

624 804 755 866 pro
798 779 976 847 Κῦνιε
1023 779 1458 863 corriqendum
1502 781 1723 867 Κῦητε.

506 886 670 951 1173
715 883 992 949 Avidius
1025 883 1320 964 Severus,
1368 893 1554 968 pater
1590 886 1700 968 qui
1748 882 1955 947 fertur
1986 884 2209 949 Avidii
2245 884 2455 950 Cassii
2485 887 2596 950 vit.
2623 884 2852 949 Avidii
2879 891 2955 962 1,·
3001 906 3227 967 coeno-

628 1009 770 1051 men
811 987 1027 1070 fictum
1070 984 1317 1049 videtur
1360 985 1443 1067 cf.
1489 984 1555 1047 A
1600 989 1781 1050 1168.

508 1091 674 1156 1174
718 1097 984 1152 AV1D1A
1041 1095 1385 1169 PLAVTIA,
1452 1085 1553 1169 (C.
1597 1086 1848 1169 Avidii)
1903 1087 2159 1171 Nigrini
2207 1089 2374 1169 filia,
2422 1089 2501 1154 L.
2542 1088 2793 1155 Aurelii
2842 1091 3002 1156 Veri
3049 1090 3221 1173 Aug.

632 1193 833 1256 amita
875 1189 948 1254 X
987 1194 1150 1254 6706
1197 1194 1238 1253 t.
1282 1188 1678 1254 Antiatinus.
1770 1188 1922 1254 Vide
1966 1192 2035 1254 in
2058 1196 2256 1274 patre
2297 1212 2363 1256 n.
2405 1196 2584 1256 1169.

545 1332 633 1342 -—
675 1294 1008 1359 Postumia
1053 1289 1281 1356 Paulla
1321 1291 1565 1355 Avidia
1608 1290 1887 1355 Procula
1929 1291 2175 1356 Rutilia
2218 1293 2453 1358 Proba.

509 1397 671 1462 1175
717 1396 792 1460 L.
838 1392 1120 1459 Avillius
1165 1392 1456 1458 Flaccus,
1524 1393 1925 1458 Memoratur
1971 1396 2039 1459 in
2083 1395 2287 1460 titulis
2329 1396 2667 1480 Aeyyptiis
2705 1396 2875 1463 CIG
2918 1402 3085 1463 4716
3130 1396 3221 1485 (1)

632 1505 691 1564 ct
731 1502 901 1563 4957
936 1517 992 1561 v.
1031 1501 1125 1562 27
1161 1498 1277 1581 (2).
1327 1534 1403 1541 -
1468 1494 1602 1560 Ἐπὶ
1660 1496 1903 1579 Λυ[κίου
1966 1495 2402 1582 Ἀ]ο[υι]λ[λί]ου
2461 1499 2801 1583 Φ[λάκ]κου
2863 1505 2905 1566 t.
2954 1505 2994 1565 1
3048 1501 3228 1565 haud

635 1607 809 1666 certa
862 1600 1272 1675 restitutione,
1334 1601 1619 1665 Φλάκκου
1681 1604 1721 1665 t.
1768 1604 1832 1664 2.
1931 1600 2016 1664 In
2044 1601 2375 1684 principio
2422 1602 2578 1667 libri
2614 1601 2928 1679 Philonis,
2975 1604 3088 1684 qui
3123 1604 3225 1666 in-

631 1704 934 1770 scribitur
978 1705 1073 1768 ὲπὶ
1105 1705 1384 1768 Φλάκκον
1424 1702 1611 1766 semel
1654 1702 1837 1784 1110.
1862 1707 1990 1766 517
2030 1702 2323 1769 editionis
2357 1705 2640 1789 Manyey
2676 1706 2915 1770 dicitur
2944 1707 3225 1778 Φλάκκος

637 1805 982 1885 Ἀουίλλιος,
1037 1810 1305 1870 ceterum
1352 1805 1449 1868 ibi
1494 1825 1736 1887 semper
1780 1803 2070 1869 Flaccus.
2160 1806 2226 1869 A
2271 1806 2547 1872 Philone
2579 1807 2861 1890 pendent
2901 1808 3223 1873 Eusebius

636 1930 870 1975 armen.
907 1907 1114 1973 chron.
1151 1907 1238 1971 ad
1266 1928 1325 1971 a.
1357 1906 1521 1971 Abr.
1544 1910 1713 1971 2054
1740 1907 1854 1971 ubi
1896 1907 2179 1972 traditur
2206 1908 2453 1973 Flauus
2484 1910 2810 1990 Auuilius,
2850 1911 3222 1994 Hieronym.

522 2008 533 2012 ’
636 2015 846 2079 chron.
886 2015 1054 2077 2055
1097 2010 1370 2075 Flaccus
1401 2007 1679 2090 Avilius‚
1728 2009 2058 2092 Syncellus
2083 2034 2158 2093 p.
2192 2016 2337 2089 626,
2368 2016 2409 2077 5
2454 2008 2556 2091 (ex
2587 2013 2894 2096 Eusebio)
2934 2016 3226 2084 Φλάκκος

639 2115 896 2203 Ἀβίλιος,
930 2136 1002 2197 p.
1034 2118 1173 2190 615,
1207 2118 1286 2177 11
1331 2115 1612 2184 Φλάκκος
1658 2110 1973 2185 Ἀσόλαιος.

764 2220 1006 2282 Romae
1050 2226 1240 2282 natus
1285 2226 1348 2280 et
1393 2215 1720 2297 educatuS,
1771 2220 2169 2304 συμφοιτητὴς
2212 2221 2311 2283 καὶ
2355 2222 2694 2307 συμβιωτὴς
2736 2219 3058 2307 γενόμενος
3099 2228 3221 2286 τῶν

635 2324 1002 2407 θυγατριδῶν
1061 2326 1165 2386 τοῦ
1222 2319 1524 2406 Σεβαστοῦ
1586 2314 1693 2397 (---
1732 2318 2035 2402 Auyustz)
2095 2319 2290 2385 Philo
2332 2343 2406 2404 p.
2453 2326 2611 2399 540;
2676 2323 2848 2387 inter
2907 2325 3224 2408 primores

637 2425 875 2487 amicos
906 2422 1152 2486 Tiberii
1196 2422 1323 2487 ibd.
1354 2426 1476 2487 540
1521 2422 1602 2502 cf.
1634 2425 1772 2487 517.
1801 2426 1946 2487 518.
2019 2422 2176 2487 Fuit
2220 2425 2287 2487 in
2333 2426 2429 2507 iis,
2477 2446 2749 2510 quorum
2784 2424 3223 2492 delationibus

635 2526 1000 2612 Agrippina
1058 2526 1278 2612 periit,
1341 2524 1621 2610 indeque
1680 2523 1754 2591 C.
1803 2524 2065 2589 Caesari
2111 2524 2244 2590 filio
2291 2528 2539 2592 invisus
2582 2527 2712 2593 ibd.
2757 2531 2917 2608 518,·
2974 2530 3222 2595 amicus

637 2628 963 2711 (Sertorii)
1025 2628 1346 2692 Macronis
1404 2627 1533 2694 ibd.
1583 2631 1724 2693 519.
1827 2626 2021 2691 Anno
2082 2629 2164 2693 32
2217 2652 2280 2713 p.
2330 2629 2403 2695 C.
2459 2640 2606 2716 post
2663 2630 2891 2697 Severi
2953 2642 3222 2697 mortem

637 2730 718 2795 ad
794 2729 1268 2817 praefecturam
1332 2729 1619 2814 Aegypti
1694 2739 2026 2813 promotus
2099 2734 2498 2814 provinciam
2565 2732 2831 2798 Tiberio
2906 2747 3222 2818 regnante

640 2835 898 2918 egregie
930 2832 1410 2897 administravit
1443 2831 1566 2896 ibd.
1598 2835 1931 2910 517-518;
1977 2832 2341 2918 praefectus
2374 2835 2659 2922 Aegypti
2705 2842 2748 2903 t.
2794 2842 2852 2902 1.
2896 2842 2961 2905 2.
3037 2839 3221 2904 Post·

638 2958 835 3023 quam
868 2936 940 3002 C.
975 2934 1218 3001 Caesar
1261 2936 1604 3019 imperium
1647 2934 1919 3020 adeptus
1957 2935 2331 3001 Macronem
2375 2938 2613 3003 occidit
2654 2948 2739 3023 (a.
2771 2939 2897 3022 38),
2946 2940 3222 3006 Flaccus

640 3037 988 3103 crudeliter
1032 3040 1099 3103 in
1142 3036 1417 3102 Iudaeos
1449 3036 1929 3101 Alexandrinos
1975 3060 2046 3102 se
2083 3040 2283 3121 gessit
2328 3039 2455 3103 ibd.
2487 3045 2811 3108 523-532.
2885 3043 3221 3110 Autumno

638 3165 695 3210 a.
742 3142 823 3207 38
871 3144 1043 3224 (cum
1085 3140 1312 3204 Iudaei
1355 3138 1495 3203 dies
1542 3139 1735 3204 festos
1782 3148 2019 3223 σκηνῶν
2065 3152 2333 3224 agerent
2373 3143 2502 3207 ibd.
2546 3148 2693 3210 532.
2737 3148 2885 3227 534)
2947 3147 3221 3233 impera·

639 3246 796 3309 toris
827 3243 900 3311 C.
935 3243 1231 3310 Caesaris
1276 3245 1457 3307 iussu
1500 3263 1541 3306 a
1582 3242 1787 3307 Basso
1830 3245 2211 3307 centurione
2240 3243 2679 3311 Alexandriae
2716 3248 3223 3335 comprehensus

640 3346 767 3413 ibd.
811 3351 1103 3413 533-534
1157 3358 1220 3411 et
1282 3348 1456 3410 circa
1511 3346 1765 3410 initium
1828 3343 2056 3410 hiemis
2117 3348 2204 3429 (a.
2247 3350 2460 3432 38l39)
2506 3350 2772 3414 Romam
2819 3350 3139 3416 deductus
3183 3375 3224 3416 a

638 3450 973 3535 Lampone
1002 3460 1069 3515 et
1094 3449 1343 3514 Isidoro
1391 3450 1671 3512 inimicis
1716 3447 1890 3533 apud
1937 3450 2390 3534 imperatorem
2422 3462 2760 3516 accusatus
2792 3463 2890 3518 est
2916 3453 3046 3519 ibd.
3074 3458 3222 3521 535.

640 3553 1051 3639 Quamquam
1096 3551 1245 3635 (M.)
1292 3550 1609 3618 Aemilius
1654 3550 1997 3637 (Lepidus)
2043 3549 2153 3635 (cf.
2199 3551 2263 3614 A
2307 3553 2460 3634 249)
2505 3555 2562 3618 ei
2615 3557 3059 3637 patrocinatus
3103 3566 3219 3641 est,

638 3681 677 3721 a
721 3657 794 3723 C.
839 3656 1118 3723 Caesare
1158 3657 1226 3720 in
1269 3654 1569 3720 Andrum
1616 3652 1893 3718 insulam
1940 3653 2264 3737 relegatur
2305 3655 2435 3720 ibd.
2478 3661 2619 3723 539.
2671 3662 2810 3723 543.
2899 3660 3093 3725 Anno
3138 3661 3223 3725 39

638 3764 817 3826 iussu
861 3760 1264 3847 imperatoris
1312 3758 1399 3824 ibi
1445 3758 1694 3822 occisus
1740 3756 1869 3822 ibd.
1911 3761 2219 3823 543-544.

766 3865 895 3929 Per
953 3885 1155 3928 annos
1213 3884 1360 3945 sex,
1428 3860 1674 3925 scilicet
1730 3862 2019 3945 quinque
2074 3860 2337 3925 Tiberio
2388 3863 2776 3947 imperante,
2842 3887 3043 3930 unum
3101 3865 3222 3931 sub

636 3969 711 4037 C.
759 3967 1039 4033 Caesare
1081 3965 1455 4051 Aegyptum
1510 3965 1680 4028 rexit
1720 3963 1848 4028 ibd.
1893 3968 2017 4027 540
2061 3964 2145 4046 cf.
2190 3968 2329 4027 517.
2374 3968 2513 4028 518.
2604 3965 2736 4031 Sed
2775 3966 2887 4032 hos
2927 3989 3224 4035 numeros

634 4075 843 4137 minus
888 4075 1220 4137 accuratos
1264 4088 1391 4133 esse
1432 4089 1508 4131 ea:
1550 4069 1687 4150 ipso
1733 4066 2005 4130 Philone
2049 4071 2337 4149 apparet.
2412 4066 2586 4130 Nom
2623 4067 2905 4134 Flaccus
2947 4071 3224 4138 Iudaeos

633 4196 863 4240 vexare
907 4175 1127 4256 coepit,
1163 4177 1505 4255 postquam
1552 4170 1927 4234 Macronem
1974 4170 2245 4233 occisum
2289 4189 2418 4234 esse
2463 4169 2707 4234 audivit
2749 4192 2803 4235 v.
2848 4192 3068 4257 supra.
3137 4176 3222 4240 In

637 4279 801 4344 libro
847 4282 1058 4343 autem
1102 4276 1176 4341 de
1220 4274 1529 4357 leyatione
1574 4272 1661 4337 ad
1700 4271 1940 4338 Gaium
1972 4273 2062 4336 II
2088 4293 2155 4355 p.
2186 4275 2311 4336 548
2338 4292 2466 4355 sqq.
2525 4272 2719 4337 Philo
2747 4275 2947 4356 refert
2979 4274 3222 4342 Gaium

633 4382 896 4465 septimo
939 4400 1157 4446 mense.
1188 4378 1446 4461 imperii
1488 4376 1584 4460 (id
1620 4381 1711 4441 est
1752 4397 1833 4440 m.
1886 4375 2162 4453 Octobri,
2206 4396 2346 4440 eum
2385 4376 2594 4441 Gaius
2639 4376 2698 4442 d.
2730 4382 2812 4442 18
2854 4400 2936 4445 m.
2978 4379 3226 4444 Martii

635 4487 986 4569 imperator
1032 4481 1388 4568 appellatus
1449 4484 1605 4544 esset
1664 4479 1745 4561 cf.
1794 4483 1945 4543 acta
1986 4464 2350 4562 Arvalium)
2400 4481 2778 4563 yram'ssimo
2822 4482 3040 4548 morbo
3085 4503 3222 4548 cor-
3271 4558 3275 4562 ,

632 4594 878 4673 reptum
925 4609 1070 4664 esse,
1120 4584 1342 4652 deinde
1367 4587 1723 4649 recreatum
1760 4583 1901 4648 Tib(
1914 4583 2084 4647 rium
2113 4583 2404 4665 fratrem
2450 4604 2594 4647 mox
2627 4583 3004 4649 Macronem
3033 4586 3222 4651 inter-

636 4693 871 4757 emisse.
947 4691 1191 4756 Eorum
1232 4689 1434 4772 iyitur
1464 4686 1684 4752 caedes
1724 4707 1854 4751 non
1899 4691 2046 4750 ante
2089 4685 2346 4751 hiemem
2393 4707 2452 4751 a.
2483 4688 2672 4768 37s38
2701 4692 3012 4769 patratae
3053 4694 3219 4765 sunt,

634 4800 692 4859 et
724 4795 1062 4859 Macronis
1105 4793 1352 4876 quidem
1398 4812 1568 4856 anno
1611 4790 1856 4855 demum
1882 4794 1967 4854 38
2008 4791 2088 4870 cf.
2121 4788 2253 4854 Dio
2281 4794 2381 4865 59,
2421 4792 2481 4852 8.
2561 4790 2838 4871 Quocum
2883 4792 3034 4857 bene
3077 4811 3220 4856 con·-

631 4899 832 4974 venit,
891 4897 1062 4981 quod
1101 4894 1541 4961 Alexandriae
1593 4916 1661 4959 eo
1707 4899 1998 4977 tempore,
2047 4914 2166 4976 quo
2211 4892 2429 4957 domus
2473 4892 2860 4958 Iudaeorum
2904 4893 3222 4976 ecepilatae

632 5006 799 5078 sunt,
847 5002 1150 5066 tabernae
1193 4999 1449 5065 clausae
1489 5003 1675 5062 erant
1703 5001 1976 5080 propter
2021 4995 2254 5059 luctum
2282 4994 2617 5078 publicum
2642 4995 2980 5061 Drusillae
3021 4995 3218 5062 Philo

626 5127 700 5188 1).
744 5108 891 5183 525,
950 5126 1112 5188 quae
1171 5127 1231 5170 a.
1283 5106 1369 5168 38
1427 5100 1726 5183 defuncta
1786 5105 1877 5165 est
1932 5098 2070 5164 Dio
2124 5104 2226 5177 59,
2272 5104 2372 5165 10.
2431 5105 2530 5164 11.
2633 5101 2862 5183 Itaque
2921 5105 3219 5165 autumno
