3859 5992
611 529 987 589 BALBINVS
1901 523 2031 589 226
3031 533 3325 589 BALBVS

611 764 697 779 -—
738 727 975 795 Arrius
1014 724 1352 793 Balbinus.
1406 736 1415 745 “

608 866 698 878 -
739 839 811 895 D.
857 838 1177 896 CAELIVS
1224 838 1601 895 CALVINVS
1645 838 2040 897 BALBINVS.

608 969 698 981 —
738 941 802 998 P.
848 941 1167 998 GOELIVS
1210 940 1584 997 BALBINVS
1627 941 2026 998 VIBVLLIVS
2070 942 2256 998 PIVS.

611 1073 698 1083 —-
739 1044 813 1101 D.
860 1043 1125 1101 GVTIVS
1171 1043 1543 1099 BALBINVS
1590 1043 1672 1099 M.
1718 1044 2144 1103 CORNELIVS
2190 1043 2504 1099 POTITVS
2549 1044 2618 1100 L.
2648 1043 2918 1101 ATTIVS
2963 1042 3324 1101 IVNIANVS

736 1146 1115 1204 BoMVLVS.
1616 1125 1628 1142 '

613 1278 697 1289 --
736 1251 805 1311 L.
852 1249 1170 1307 SAENIVS
1214 1238 1659 1325 [BALBINVSJ.

608 1381 695 1391 —-
737 1353 807 1409 1..
851 1351 1229 1407 VALERIVS
1274 1352 1689 1407 POPLICOLA
1733 1351 2106 1406 BALBINVS
2151 1352 2519 1409 MAXIMVS.

608 1482 695 1492 -
737 1449 845 1514 Μ’.
891 1454 1143 1511 VIBIVS
1191 1454 1523 1510 BALBINV
1528 1455 1586 1513 S.

610 1549 695 1613 34
737 1548 983 1615 Balbus
1001 1598 1018 1632 ,
1078 1549 1492 1632 gromaticus.
1581 1547 1668 1612 In
1724 1548 2185 1631 subscriptione
2243 1547 2401 1612 libri
2457 1547 2853 1614 coloniarum
2897 1548 3088 1615 codex
3127 1548 3328 1615 Arce-

734 1651 964 1723 rianus
1008 1650 1288 1717 exhibet:
1345 1650 1496 1715 huic
1554 1649 1887 1719 addendas
1946 1662 2282 1715 mensuras
2339 1649 2618 1716 limitum
2664 1659 2731 1715 et
2773 1653 3197 1719 terminorum
3241 1673 3328 1719 ex

735 1752 919 1820 libris
978 1752 1262 1836 Augusti
1323 1763 1388 1818 et
1444 1752 1722 1817 Neronis
1784 1751 2171 1836 Caesarum,
2248 1752 2361 1818 sed
2424 1762 2491 1818 et
2547 1752 2738 1819 Balbi
2797 1756 3148 1838 mensoris,
3210 1754 3325 1841 qui

735 1856 1137 1942 temporibus
1196 1854 1481 1939 Augusti
1541 1856 1830 1919 omnium
1885 1856 2373 1941 provinciarum
2434 1864 2500 1922 et
2555 1854 2796 1922 formas
2855 1858 3216 1922 civitatium
3260 1865 3328 1923 et

738 1980 1074 2024 mensuras
1117 1967 1479 2044 compertas
1526 1958 1592 2020 in
1638 1959 2118 2022 commentariis
2162 1958 2438 2027 contulit
2480 1969 2546 2023 et
2587 1958 2797 2042 legem
2842 1960 3166 2042 agrariam
3209 1982 3329 2046 per

737 2061 1149 2127 diversitates
1192 2061 1680 2147 provinciarum
1723 2059 2028 2125 distinxit
2084 2082 2162 2125 ac
2210 2060 2566 2125 declaravit
2611 2060 2942 2144 Schriften
2983 2061 3095 2126 der
3133 2062 3327 2127 romi-

732 2164 921 2237 sehen
960 2163 1357 2231 Feldmesser
1399 2164 1452 2229 I
1456 2172 1465 2181 ·
1485 2184 1558 2246 Ρ.
1603 2167 1732 2229 239
1790 2161 1981 2243 (unde
2024 2163 2308 2247 pendent
2362 2163 2674 2231 Boethius
2729 2163 2940 2246 falsus
2980 2165 3033 2230 I
3062 2186 3135 2249 p.
3175 2172 3323 2244 402,

736 2266 1101 2335 Cassiodor.
1137 2288 1277 2334 var.
1312 2270 1373 2344 3,
1401 2269 1515 2354 52)
1560 2267 1644 2348 cf.
1690 2288 1776 2330 ex
1818 2264 1987 2331 libro
2035 2265 2222 2333 Balbi
2268 2267 2321 2332 I
2341 2289 2415 2350 p.
2446 2271 2599 2335 225.
2643 2272 2789 2334 245.
2834 2271 2983 2335 249.
3056 2268 3328 2333 Librum

732 2371 914 2437 illum
935 2421 951 2450 ‚
1013 2372 1193 2437 cuius
1251 2374 1544 2453 excerpta
1600 2369 1784 2435 hodie
1841 2375 2091 2452 extant,
2153 2369 2350 2435 multo
2397 2371 2818 2454 posteriorem
2874 2371 3073 2452 fuisse
3119 2375 3328 2436 aetate

731 2474 1015 2558 Auyusti
1059 2473 1344 2556 probant
1397 2473 1661 2537 nomina
1717 2473 2174 2555 imperatorum
2190 2522 2206 2550 ,
2266 2474 2378 2555 qui
2432 2474 2527 2538 ibi
2581 2474 3005 2549 inveniuntur,
3063 2495 3328 2556 quorum

732 2577 946 2643 ultimi
984 2581 1133 2642 sunt
1164 2576 1264 2641 M.
1292 2574 1602 2640 Aureh‘us
1631 2580 1691 2640 et
1729 2574 2108 2641 Commodus
2134 2575 2187 2640 I
2205 2597 2279 2659 p.
2312 2580 2457 2654 236,
2491 2581 2572 2655 9,·
2613 2577 2812 2659 fuisse
2842 2580 3051 2642 autem
3068 2581 3325 2659 partem

735 2682 962 2765 operis,
979 2678 1148 2763 quod
1159 2678 1410 2744 Balbus
1434 2679 1520 2761 (n.
1538 2682 1644 2765 35)
1669 2683 1879 2743 aetate
1903 2679 2182 2744 Traiani
2202 2680 2578 2761 confecerat,
2603 2679 3053 2744 additamentis
3073 2679 3325 2760 quibus-

736 2783 885 2848 dam
915 2782 1344 2867 posteriorum
1387 2781 1564 2844 aucti
1602 2782 1868 2845 coniecit
1913 2781 2269 2845 Mommsen
2314 2782 2354 2846 l.
2399 2782 2439 2846 l.
2474 2804 2545 2866 p.
2579 2787 2700 2848 176
2727 2802 2856 2864 sqq.

605 2886 690 2952 35
734 2885 979 2951 Balbus
1024 2885 1140 2968 (sic
1185 2883 1377 2948 codex
1417 2882 1816 2948 Arcerianus
1861 2884 1943 2965 cf.
1986 2884 2364 2949 Lachmann
2381 2933 2397 2962 ‚
2453 2884 2780 2967 Schriften
2824 2884 2937 2949 der
2975 2883 3325 2949 romischen

733 2987 1128 3053 Feldmesser
1171 2986 1264 3051 II
1297 3008 1369 3069 p.
1401 2990 1549 3063 133,
1610 2987 1964 3051 Mommsen
2019 2987 2150 3052 ibd.
2195 3009 2267 3070 p.
2312 2990 2458 3073 146)
2519 2987 2707 3054 Celso
2767 2986 3024 3052 cuidam
3081 2986 3321 3052 librum

624 3138 633 3142 -
737 3089 1095 3170 dedicavit,
1156 3091 1270 3174 qui
1330 3089 1680 3174 inscriptus
1739 3098 1839 3153 est
1899 3090 2243 3175 ‘expositio
2290 3100 2355 3154 et
2396 3093 2558 3155 ratio
2608 3092 2894 3155 omnium
2937 3090 3315 3155 formarum’

735 3193 915 3258 cuius
972 3193 1399 3275 fraymentum
1458 3195 1633 3256 extat
1670 3191 1723 3256 I
1756 3213 1828 3274 Ρ.
1876 3195 2155 3258 91-108.
2244 3191 2407 3258 Cum
2455 3192 2702 3258 Balbus
2760 3191 2847 3258 ad
2905 3192 3320 3259 scribendum

737 3295 1133 3377 accessisset,
1187 3294 1560 3358 ‘intervenit
1602 3292 1779 3358 clara
1821 3295 2235 3360 sacratissimi
2278 3297 2682 3381 imperatoris
2720 3296 2924 3361 nostri
2963 3294 3314 3381 expeditio’

731 3397 1016 3485 (Dacica
1064 3397 1288 3480 piima
1338 3396 1613 3463 Traiani
1665 3402 1739 3461 ut
1793 3397 2063 3479 videtur)
2115 3396 2368 3463 Balbus
2413 3399 2633 3481 praef.
2679 3419 2754 3482 Ρ.
2797 3402 2888 3465 92
2898 3419 2919 3476 ;
2977 3408 3320 3485 postquam

734 3501 1057 3591 maximus
1113 3503 1465 3586 imperator
1520 3500 1798 3565 victoria
1852 3500 2130 3565 Daciam
2190 3501 2484 3584 proxime
2526 3501 2857 3584 reseravit,
2904 3501 3122 3565 statim
3166 3511 3241 3566 ut
3284 3523 3322 3565 e

734 3602 1218 3689 septentrionali
1277 3601 1473 3688 plaga
1530 3623 1749 3667 annua
1804 3602 1951 3666 vice
1996 3604 2271 3667 transire
2315 3603 2636 3687 permisit,
2692 3601 2938 3669 Balbus
2978 3602 3064 3668 ad
3106 3602 3325 3668 studia

732 3729 1033 3771 reversus
1097 3705 1331 3771 librum
1403 3705 1681 3770 confecit
1729 3728 1802 3789 Ρ.
1854 3709 1954 3772 93.
2057 3705 2228 3771 Vnde
2284 3727 2539 3771 munere
2597 3705 2868 3789 quodam
2922 3705 3199 3771 militari
3250 3706 3321 3771 in

734 3809 1122 3892 expeditione
1164 3807 1419 3874 Dacica
1461 3808 1718 3889 functus
1762 3828 1890 3873 esse
1932 3807 2202 3873 videtur.
2291 3806 2395 3873 De
2439 3807 2605 3873 libro
2647 3809 2731 3890 cf.
2778 3808 3135 3874 Mommsen
3172 3807 3210 3876 l.
3256 3808 3319 3885 l„

734 3912 1005 3979 Hultseh
1060 3911 1400 3994 scriptores
1456 3910 1847 3993 metroloyici
1887 3910 1982 3975 II
2013 3932 2085 3994 p.
2122 3916 2165 3975 7
2188 3930 2315 3993 sqq.
2401 3909 2607 3977 Falso
2653 3911 2866 3977 Balbo
2912 3911 3187 3976 tributus
3229 3916 3324 3976 est

733 4014 980 4080 libellus
1024 4013 1097 4079 de
1142 4033 1280 4078 asse
1325 4014 1408 4095 cs.
1446 4012 1720 4078 Hultseh
1748 4035 1822 4097 p.
1855 4018 1955 4078 14.

605 4155 691 4165 -—
734 4117 1144 4182 *Antoninus
1187 4114 1433 4181 Balbus
1477 4136 1533 4180 v.
1578 4116 1905 4181 Antonius
1949 4114 2210 4181 Balbas.

603 4257 689 4266 ·——
731 4229 814 4284 M.
857 4227 1236 4282 ANTONIVS
1283 4227 1592 4282 BALBVS.

605 4360 690 4369 -
735 4332 797 4394 C.
843 4330 1349 4389 ABRVNTANVS
1396 4330 1707 4391 BALBVS.

603 4462 690 4471 —
734 4435 797 4493 G.
846 4433 1206 4489 COCCEIVS
1252 4432 1563 4491 BALBVS.

602 4564 691 4575 —
736 4527 839 4595 *0.
888 4537 1204 4593 COELIVS
1249 4536 1566 4592 BALBVS.

604 4666 690 4677 --
735 4628 1074 4697 Cornelius
1120 4630 1384 4696 BalbuS.

602 4769 690 4780 ·—
734 4742 797 4799 Ο.
845 4741 1266 4798 CORNELIVS
1312 4741 1624 4801 BALBVS.

602 4872 689 4882 —
730 4845 1092 4901 DOMITIVS
1137 4846 1448 4907 BALBVS.
1664 4854 1670 4862 “

603 4977 690 4987 -
734 4948 803 5019 Q.
846 4949 1117 5005 FABIVS
1160 4950 1475 5006 BALBVS.

601 5079 689 5091 —
733 5052 798 5122 Q.
845 5046 1221 5127 FL(Avlvs)
1268 5055 1577 5111 BALBVS.

602 5184 687 5211 -.-
730 5154 980 5212 IVLIVS
1026 5157 1336 5218 BALBVS.
