3859 5992
445 572 727 630 ANNIVS
1734 564 1818 630 '70
2871 573 3154 632 ANNIVS

444 770 573 836 528
616 779 696 838 M.
741 777 1023 834 ANNIVS
1074 777 1384 834 SABINVS
1437 776 1633 851 L1BO,
1689 767 2084 833 clarissimus
2133 770 2255 852 vir,
2304 777 2565 834 curator
2616 769 2880 836 Lavinii
2929 792 3158 838 memo-

569 877 757 937 ratur
783 872 856 936 in
896 876 942 940 t.
976 871 1289 936 Lavinate
1317 871 1439 936 XI
1444 870 1710 948 V2070‚
1757 871 1869 953 qui
1915 869 2240 937 dedicatus
2282 876 2375 937 est
2417 870 2571 936 divo
2602 870 2935 938 Antonino
2979 873 3151 959 Aug.

568 975 683 1058 (=
735 973 1065 1039 Antonino
1122 971 1290 1056 Pio).
1404 972 1673 1039 Omnino
1726 973 2071 1057 parentela
2135 975 2504 1039 coniunctus
2568 994 2709 1040 cum
2775 975 2874 1041 M.
2933 977 3153 1043 Annio

566 1076 810 1142 Libone
850 1098 914 1143 n.
958 1080 1098 1142 509.

439 1177 568 1244 529
609 1187 889 1243 ANNIVB
937 1186 1291 1261 SEVERVS,
1340 1200 1526 1244 socer
1569 1176 1887 1246 Gordiani
1934 1178 2021 1261 (Ι)
2068 1180 2178 1264 qui
2225 1180 2572 1265 imperavit
2611 1180 2721 1245 vit.
2761 1179 2961 1249 Gord.
3001 1186 3058 1259 6,
3090 1187 3150 1250 4.

439 1281 567 1346 530
607 1279 865 1347 An'nius
906 1279 1209 1364 Severus,
1259 1280 1344 1346 ad
1387 1302 1582 1367 quem
1625 1282 1888 1366 scripsit
1930 1279 2182 1345 Plinius
2225 1302 2321 1364 ep.
2364 1284 2426 1359 3,
2469 1284 2510 1346 6
2553 1285 2613 1345 et
2654 1284 2716 1360 5,
2759 1287 2820 1347 1.

438 1383 557 1448 531
606 1392 867 1448 APPIVS
908 1392 1188 1448 ANNIVS
1233 1393 1656 1448 TREBONIVS
1705 1392 2027 1467 GALLVS,
2085 1382 2308 1448 consul
2352 1406 2408 1449 a.
2457 1384 2577 1449 108
2622 1406 2772 1449 cum
2813 1384 2902 1450 M.
2946 1385 3149 1453 Atilio

564 1484 816 1551 Metilio
880 1484 1164 1551 Bradua.
1260 1486 1346 1551 In
1401 1485 1765 1552 consulatu:
1834 1484 2091 1572 Appius
2158 1484 2415 1552 Annius
2481 1484 2850 1552 Trebonius
2919 1488 3150 1556 Gallus

565 1587 668 1654 VI
696 1591 841 1665 680,
899 1587 1153 1675 Appius
1212 1587 1469 1654 Annius
1525 1587 1753 1656 Gallus
1812 1589 1917 1655 VI
1947 1592 2157 1655 29631
2175 1638 2192 1666 ,
2254 1586 2513 1654 Annius
2571 1587 2806 1657 Gallus
2864 1590 2959 1656 II
3003 1596 3145 1667 179,

521 1695 792 1757 ceterum
819 1690 1049 1757 Gallus
1091 1691 1271 1772 fasti.
1304 1727 1385 1738 —-
1430 1689 1533 1756 De
1563 1692 1841 1774 posteris
1881 1691 2023 1756 vide
2067 1692 2135 1755 in
2167 1690 2385 1774 Appio
2413 1691 2635 1756 Annio
2673 1690 2870 1757 Gallo
2913 1713 2977 1758 n.
3008 1698 3148 1760 493.

435 1793 562 1859 532
605 1803 674 1861 L.
719 1801 998 1858 ANNIVS
1051 1802 1360 1872 TVLLVS,
1421 1791 1820 1858 clarissimus
1864 1815 2059 1880 puer,
2107 1793 2185 1858 L.
2234 1793 2455 1877 [Anni]
2510 1794 2876 1879 Tere(tina)
2935 1794 3148 1880 Longi

557 1894 898 1962 clarissimi
952 1897 1079 1960 viri
1137 1905 1204 1960 et
1244 1892 1482 1961 Vibiae
1527 1894 1835 1979 Se[renae
1850 1893 1907 1979 ‘?]
1969 1894 2363 1961 clarissimae
2420 1894 2703 1961 feminae
2758 1894 2934 1962 filius
2989 1896 3151 1963 obiit

560 2020 711 2064 ann.
756 1999 791 2064 I
833 2019 1015 2063 mens
1044 2047 1229 2063 .....
1276 1997 1439 2063 XII
1461 2001 1629 2063 5804
1672 2003 1715 2063 t.
1746 1997 2168 2064 Arelatensis.

431 2100 558 2167 533
600 2110 881 2166 ANNIVS
928 2109 1194 2183 VERVS,
1228 2121 1512 2186 proavus
1551 2109 1858 2186 paternus
1889 2100 2098 2165 Marci
2129 2101 2557 2186 imperatoris,
2592 2121 2677 2165 ex
2708 2099 3146 2167 Succubitano

558 2204 909 2289 municipio
954 2204 1071 2286 (an
1113 2200 1569 2268 Vccubitano?
1617 2203 1700 2286 cf.
1749 2202 2178 2280 Kubitschek,
2232 2203 2580 2286 Inmerium
2623 2202 2992 2269 Romanum
3031 2204 3148 2268 tri-

558 2307 757 2371 butim
785 2305 1166 2389 descriptum
1195 2327 1270 2388 p.
1304 2304 1458 2388 182)
1500 2327 1586 2370 ex
1615 2306 1938 2393 Hispania
1972 2304 2184 2371 factus
2218 2316 2498 2389 senator,
2531 2306 2897 2392 praetorius
2928 2304 3144 2390 (obiit)

552 2410 662 2475 vit.
709 2407 937 2475 Marci
975 2414 1035 2486 1,
1079 2412 1141 2473 4.

425 2512 554 2577 534
596 2521 675 2580 Μ.
720 2519 1000 2576 ANNIVS
1044 2518 1292 2576 VEBVS
1337 2511 1548 2576 nescio
1591 2510 1730 2593 quis
1769 2515 2157 2577 memoratur
2198 2511 2269 2576 in
2314 2515 2357 2576 t.
2401 2511 2572 2576 servi
2614 2509 2718 2576 VI
2747 2515 2973 2580 16906.

426 2614 551 2679 535
597 2622 678 2679 Μ.
725 2622 1004 2678 ANNIVS
1065 2623 1347 2698 VERVS,
1407 2611 1630 2679 consul
1688 2612 1792 2679 III
1850 2636 1910 2678 a.
1962 2615 2086 2680 126
2148 2635 2297 2679 cum
2355 2612 2432 2680 C.
2493 2614 2707 2698 Eggio
2768 2611 3140 2680 Ambibulo.

565 2716 814 2783 Titulus
857 2717 994 2783 eius
1034 2717 1235 2798 fuisse
1273 2718 1521 2783 videtur
1565 2717 1667 2782 VI
1699 2721 1861 2782 1340
1905 2714 2019 2800 (1),
2077 2717 2194 2782 ubi
2231 2717 2495 2782 nomina
2548 2717 2685 2782 eius
2714 2715 3146 2800 probabiliter

550 2818 861 2903 supplevit
901 2818 1197 2900 Henzem
1261 2825 1649 2886 memoratur
1704 2820 1774 2884 in
1818 2820 1983 2885 actis
2023 2819 2366 2884 Arvalium
2410 2839 2473 2884 a.
2505 2822 2627 2885 105
2673 2818 2777 2884 VI
2805 2822 2980 2886 2075
3022 2818 3137 2903 (2),

553 2921 623 2987 in
673 2925 716 2986 t.
759 2920 1201 2989 Beneventano
1244 2923 1366 2989 IX
1403 2926 1572 2988 1617
1611 2921 1721 3006 (3),
1783 2922 1854 2986 in
1906 2922 2189 2988 carmine
2249 2921 2353 2988 VI
2398 2926 2568 2988 9797
2618 2918 2727 3004 (4),
2789 2921 2861 2988 in
2920 2921 3143 3006 tequlis

553 3023 825 3090 urbanis
852 3024 926 3090 X
938 3024 1162 3092 V245.
1206 3031 1336 3093 246
1378 3026 1565 3110 (anni
1589 3027 1772 3112 135),·
1813 3029 1955 3092 453.
1998 3029 2120 3091 454
2157 3025 2345 3108 (anni
2370 3024 2561 3107 123),·
2599 3028 2722 3090 455
2751 3023 2938 3108 (anni
2962 3028 3145 3110 134),-

554 3130 696 3195 478.
732 3131 855 3193 479
900 3127 1087 3211 (anni
1125 3128 1313 3213 123),·
1368 3132 1738 3207 480-486;
1792 3132 1932 3193 799.
1990 3131 2136 3193 800.
2180 3131 2325 3195 805.
2373 3131 2500 3192 806
2543 3127 2731 3212 (anni
2769 3126 2955 3210 123);
2995 3130 3140 3194 807.

554 3233 699 3297 808.
743 3232 889 3296 809.

681 3332 771 3396 In
810 3332 1177 3397 consulatu:
1221 3330 1288 3414 a)
1320 3334 1538 3416 pn'mo
1583 3333 1839 3398 Annius
1883 3333 2099 3398 Verus
2151 3330 2397 3415 Diyest.
2440 3334 2543 3409 48,
2589 3335 2649 3409 8,
2695 3335 2737 3396 6
2750 3351 2772 3409 ;
2829 3332 2893 3416 b)
2939 3331 3142 3397 altero

554 3455 616 3499 a.
662 3438 790 3501 121
834 3432 1092 3499 Annius
1137 3433 1349 3499 Verus
1396 3434 1546 3501 XV
1574 3439 1733 3513 344,
1778 3440 2049 3500 ceterum
2090 3432 2304 3499 Verus
2342 3434 2505 3516 fasti
2515 3453 2537 3511 ,·
2587 3432 2646 3517 c)
2691 3434 2880 3499 tertio
2921 3454 2984 3500 a.
3014 3438 3143 3501 126

554 3535 645 3602 Μ.
691 3534 947 3602 Annius
978 3536 1191 3602 Verus
1239 3536 1340 3602 VI
1371 3543 1515 3615 970,
1560 3537 1820 3604 Annius
1862 3537 2076 3604 Verus
2123 3536 2226 3603 VI
2257 3538 2432 3603 4225
2460 3534 2534 3601 X
2546 3534 2765 3604 V109.
2808 3540 2953 3602 506.
2996 3539 3138 3614 554,

549 3644 823 3705 ceterum
864 3638 1079 3705 Verus
1120 3640 1300 3722 fasti.
1348 3678 1429 3689 —-
1471 3640 1563 3707 M.
1610 3641 1866 3706 Annius
1906 3639 2167 3725 V[erus]
2216 3644 2258 3705 t.
2304 3643 2379 3717 2,
2425 3637 2685 3703 Annius
2729 3639 2943 3704 Verus
2989 3644 3032 3704 t.
3077 3643 3135 3717 3,

548 3741 762 3808 Verus
807 3746 852 3807 t.
893 3746 955 3821 4,
1000 3742 1090 3808 M.
1123 3742 1380 3808 Annius
1409 3743 1623 3810 Verus
1667 3745 1795 3809 sive
1824 3743 2084 3809 Annius
2119 3742 2332 3809 Verus
2373 3742 2443 3805 in
2490 3741 2733 3824 tegulis.
2768 3779 2846 3787 —
2879 3742 3137 3808 Annius

551 3844 767 3912 Verus
809 3845 919 3913 vit.
966 3843 1080 3910 Pii
1117 3850 1178 3925 1,
1222 3849 1280 3925 6,
1326 3848 1435 3912 vit.
1483 3845 1712 3912 Marci
1750 3852 1809 3925 1,
1855 3851 1923 3924 2,
1969 3845 2106 3911 Dio
2147 3849 2247 3923 69,
2291 3849 2380 3911 21
2393 3864 2415 3923 ,·
2472 3843 2688 3909 Verus
2737 3844 3013 3910 Marcus
3057 3846 3140 3916 εἰς

552 3948 762 4014 ἑαυτόν
806 3952 866 4025 1,
913 3952 972 4013 1.

676 4049 884 4116 Filius
950 4048 1152 4114 Annii
1220 4050 1379 4117 Veri
1461 4053 1763 4138 praetorii
1840 4049 1929 4131 (n.
1996 4050 2176 4134 533),
2245 4049 2530 4115 adscitus
2593 4051 2658 4114 in
2729 4050 3037 4136 patricios
3103 4071 3142 4112 a

550 4154 949 4239 Vespasiano
1006 4162 1076 4218 et
1129 4152 1279 4217 Tito
1340 4154 1717 4221 censoribus
1773 4157 1882 4220 vit.
1935 4153 2162 4220 Marci
2212 4159 2260 4230 1,
2307 4159 2372 4220 2.
2475 4151 2719 4218 Consul
2764 4154 2798 4218 I
2841 4150 3143 4231 suffectus

550 4277 613 4321 a.
656 4256 896 4321 incerto
938 4256 1055 4321 sub
1085 4253 1464 4323 Domitiano
1491 4257 1738 4342 Diqest.
1770 4262 1875 4337 48,
1910 4261 1972 4336 8,
2005 4262 2082 4337 6,·
2125 4256 2353 4322 consul
2398 4257 2466 4322 H
2508 4256 2878 4322 ordinarius
2922 4279 2983 4324 a.
3018 4260 3132 4324 121

550 4381 698 4424 cum
753 4358 1027 4442 Augure
1085 4359 1248 4441 fasti
1261 4379 1282 4438 ,·
1340 4361 1710 4447 praefectus
1771 4359 1914 4426 urbi
1978 4365 2022 4426 t.
2069 4365 2140 4438 1,
2185 4363 2246 4437 3,
2307 4360 2415 4425 vit.
2478 4359 2705 4424 Marci
2745 4364 2818 4437 1,
2881 4365 2947 4438 2,
3008 4360 3143 4426 Dio

546 4465 646 4540 69,
692 4466 779 4529 21
823 4458 1090 4542 (Zona-r.
1136 4469 1235 4541 11,
1265 4462 1379 4547 24)
1411 4464 1845 4549 probabiliter
1891 4466 2068 4530 circa
2111 4486 2173 4528 a.
2221 4468 2366 4541 121,
2416 4483 2556 4527 cum
2608 4484 2686 4527 ea
2728 4467 2936 4528 aetate
2978 4462 3143 4529 alter

552 4564 919 4631 consulatus
948 4587 1090 4631 cum
1126 4568 1542 4650 praefectura
1568 4569 1825 4633 urbana
1854 4568 2037 4651 iecnqi
2057 4566 2293 4645 soleat;
2338 4565 2562 4631 consul
2593 4566 2695 4631 III
2729 4589 2787 4631 a.
2823 4567 2946 4632 126
2992 4588 3141 4632 cum

551 4667 626 4735 C.
669 4668 884 4754 Eggio
929 4669 1284 4736 Ambibulo
1328 4671 1523 4753 fasti5
1580 4681 1680 4737 ter
1737 4669 1965 4736 consul
2011 4676 2053 4735 t.
2100 4675 2160 4748 1,
2204 4675 2263 4747 4,
2304 4667 2438 4734 Dio
2485 4668 2525 4733 l.
2574 4667 2615 4733 l.
2664 4667 2861 4750 (falso
2907 4669 3140 4735 iterum

546 4770 774 4837 consul
814 4773 924 4838 vit.
968 4772 1194 4839 Marci
1231 4778 1292 4851 1,
1338 4773 1431 4857 2).
1474 4811 1562 4820 -
1618 4774 1853 4839 Frater
1892 4771 2157 4838 Arvalis
2218 4770 2429 4837 adfuit
2477 4773 2546 4836 in
2591 4769 2865 4855 collegio
2910 4794 2969 4837 a.
3023 4773 3140 4837 105

547 4879 591 4941 t.
622 4880 688 4944 2.
724 4914 806 4925 —-
835 4877 920 4942 In
947 4877 1106 4941 vivis
1135 4897 1274 4942 ewm
1303 4877 1502 4958 fuisse
1534 4898 1703 4943 anno
1729 4880 1845 4943 135
1874 4875 2094 4941 docent
2126 4873 2372 4958 teyulae
2416 4895 2475 4939 v.
2505 4894 2740 4958 supra3
2785 4875 3145 4960 interfuisse

545 4980 815 5057 senatui,
864 5000 1005 5044 cum
1031 4980 1401 5046 Antoninus
1425 5001 1615 5063 yener
1646 4980 1727 5045 ab
1761 4978 2107 5044 Hadriano
2153 4976 2589 5060 adoptwetur,
2638 4975 2736 5061 (id
2777 4981 2870 5042 est
2902 4999 2963 5042 a.
2994 4981 3142 5067 138)

542 5083 738 5166 ponit
778 5082 1276 5149 narratiuncula
1305 5105 1434 5167 per
1475 5103 1540 5149 se
1582 5084 1745 5148 satis
1786 5083 2007 5165 inepta
2047 5081 2157 5148 vit.
2206 5079 2322 5145 Pii
2361 5085 2421 5146 4.

671 5185 860 5252 onr
900 5185 1165 5273 Rupilia
1208 5187 1524 5252 Faustina
1566 5187 1675 5250 vit.
1720 5185 1941 5250 Marci
1966 5191 2024 5263 1,
2055 5188 2133 5262 4,·
2175 5181 2399 5249 liberi:
2447 5184 2594 5268 (M.)
2639 5182 2897 5250 Annius
2927 5183 3141 5250 Verus
