3859 5992
545 558 925 615 ANTONIVS
1862 551 1948 615 99
2876 562 3257 618 ANTONIVS

671 756 898 821 tribuit
945 754 1519 840 Chronoyraphus;
1577 758 1957 843 ἐβασίλευσεν
2004 757 2297 845 Βαλβῖνος
2357 764 2545 843 μῆνας
2587 755 2644 843 γ’
2690 760 2787 822 καὶ
2844 760 3079 847 ἐσφάγη
3098 778 3115 795 ·
3160 762 3259 826 καὶ

672 861 1054 948 ἐβασίλευσεν
1089 859 1385 931 Πούπλιος
1428 861 1656 946 ἡμέρας
1700 862 1908 925 ἑκατὸν
1954 862 2053 925 καὶ
2096 863 2330 947 ἐσφάγη
2387 860 2625 927 Chron.
2673 859 2970 925 Paschal.
3008 885 3082 945 p.
3127 868 3256 929 269

670 964 753 1045 cf.
785 963 1024 1029 Zonar.
1054 966 1160 1039 12,
1190 967 1278 1025 17
1304 984 1378 1044 p.-
1409 967 1543 1026 127
1566 961 1873 1045 Dindorf.
1943 963 2171 1045 Itaque
2201 962 2528 1045 Pupienus
2570 967 2631 1028 et
2664 962 2987 1028 Balbinus
3027 987 3255 1047 reyna-

540 1129 546 1134 .
671 1068 895 1129 verunt
935 1086 1060 1147 per
1105 1069 1232 1130 tres
1274 1065 1409 1146 fere
1451 1086 1691 1130 menses
1745 1065 1842 1130 vel
1885 1066 2093 1148 paulo
2147 1066 2421 1148 amplius
2475 1066 2624 1130 inde
2669 1088 2712 1131 a
2752 1088 2958 1132 mense
3003 1068 3257 1134 Martio

671 1168 921 1233 ineunte
959 1168 1032 1232 in
1073 1167 1349 1232 medium
1384 1188 1652 1233 mensem
1680 1169 1962 1246 Iunium,
1994 1169 2108 1233 ubi
2131 1169 2501 1234 Gordianus
2528 1169 2699 1234 solus
2728 1170 3059 1252 imperium
3088 1173 3253 1237 iniit.

795 1268 899 1335 De
940 1270 1511 1354 subscriptionibus
1554 1272 2067 1336 constitutionum
2112 1293 2172 1336 a.
2206 1276 2334 1338 238
2374 1272 2445 1336 in
2488 1271 2696 1336 codice
2739 1272 3130 1351 lastiniam,
3181 1274 3256 1339 de

673 1373 893 1457 eclipsi
959 1373 1114 1438 solis
1187 1375 1318 1458 (vit.
1382 1372 1697 1438 Gordian.
1763 1378 1877 1451 23,
1930 1377 2032 1459 2),
2110 1374 2185 1438 de
2257 1374 2663 1456 inscriptione
2720 1376 2968 1458 papyri
3029 1397 3255 1459 qraece

668 1477 945 1559 scriptae
1004 1473 1524 1559 (Mittheilunyen
1583 1496 1701 1540 aus
1761 1476 1873 1541 der
1931 1476 2307 1560 Sammluny
2364 1475 2475 1541 der
2536 1475 2835 1561 Papyrus
2891 1478 3254 1562 Erzherzoq

668 1579 918 1644 Rainer
959 1578 1058 1645 II.
1090 1577 1227 1644 III
1244 1600 1318 1661 p.
1347 1578 1455 1659 31)
1500 1577 1616 1642 hoc
1661 1578 1793 1643 loeo
1840 1600 2028 1661 aqere
2068 1599 2197 1644 non
2239 1600 2443 1643 meum
2488 1584 2597 1656 est,
2645 1580 2727 1662 cf.
2758 1579 3074 1664 Boryhesi
3108 1603 3251 1664 opp.

673 1681 735 1746 V
751 1703 824 1764 p.
855 1685 981 1746 486
1008 1701 1159 1763 sqq„
1209 1680 1404 1747 Seeck
1447 1680 1861 1746 Rheinisches
1900 1681 2199 1747 Museum
2241 1682 2423 1746 XLI
2440 1704 2514 1764 p.
2544 1687 2667 1747 161
2695 1702 2853 1766 sqq.,
2899 1683 3123 1761 Sadc'e,
3178 1685 3254 1750 dc

667 1784 1123 1866 imperatorum
1148 1782 1588 1849 Romanorum
1619 1784 1794 1848 tertii
1820 1784 2060 1849 saeculi
2090 1785 2474 1867 temporibus
2503 1785 2952 1850 constituendis
2969 1790 3102 1868 p.8
3123 1807 3250 1869 sqq.

539 1887 664 1952 665
709 1896 788 1953 Μ.
833 1895 1213 1951 ANTONIVS
1260 1895 1689 1951 GORDIANVS
1734 1916 1819 1940 =
1863 1896 2018 1952 IMP.
2066 1896 2361 1951 CAESAR
2404 1897 2482 1954 M.
2514 1896 2893 1952 ANTONIVS
2939 1896 3252 1952 GORDIA-

668 1998 810 2053 NVS
858 1998 1440 2054 SEMPRONIANVS
1499 1998 1861 2054 ROMANVS
1907 1998 2330 2054 AFRICANVS
2374 1998 2546 2054 AVG.
2593 1991 2726 2073 (11).
2814 1988 2917 2055 De
2958 1993 3248 2068 nummis,

669 2091 903 2169 titulis,
948 2092 1311 2157 nominibus
1353 2092 1493 2158 vide
1541 2093 1611 2157 in
1643 2098 1859 2175 patre.
1918 2130 2004 2139 —
2063 2092 2152 2160 M.
2204 2091 2492 2157 Antonio
2537 2092 2870 2160 Gordiano
2917 2115 3000 2157 ex
3044 2092 3253 2159 Fab1a

666 2193 972 2261 Orestilla
1014 2205 1204 2260 natus
1250 2205 1348 2260 est
1388 2196 1524 2259 vita
1567 2200 1666 2272 17,
1711 2200 1753 2260 4
1798 2217 1968 2261 anno
2012 2196 2147 2277 fere
2176 2200 2325 2272 192,
2371 2215 2511 2260 cum
2554 2217 2615 2260 a.
2645 2198 2775 2261 238
2819 2196 3253 2281 quadraginta

668 2306 733 2362 et
775 2320 894 2362 sex
924 2319 1128 2362 annos
1159 2299 1368 2381 egisse
1400 2297 1656 2363 dicatur
1682 2299 1818 2363 vita
1852 2302 1952 2376 15,
1986 2304 2051 2364 2.
2116 2298 2554 2378 Quaesturam
2584 2297 2942 2382 Elagabalo
2985 2311 3250 2365 auctore

665 2402 1055 2486 promeruit3
1121 2410 1490 2486 praeturam
1547 2400 1927 2466 Alexandro
1988 2410 2254 2466 auctore
2313 2400 2628 2466 urbanam
2690 2403 2929 2484 tenuit,
2994 2403 3059 2466 in
3120 2425 3251 2489 qua

662 2511 880 2568 tantus
942 2503 1103 2568 iuris
1161 2502 1459 2568 dictionis
1518 2505 1731 2587 gratia
1786 2503 1943 2587 fuit,
2018 2513 2093 2569 ut
2150 2505 2367 2569 statim
2428 2503 2833 2569 consulatum
2892 2514 3258 2571 mereretur.

661 2606 795 2670 vita
835 2609 937 2684 18,
967 2609 1119 2672 4-5.
1205 2603 1440 2672 Consul
1481 2603 1781 2685 suffectus
1825 2627 1994 2672 anno
2037 2607 2276 2671 incerto
2319 2607 2436 2671 sub
2480 2606 2874 2672 Alevandro.
2962 2607 3249 2691 Legatus

663 2710 863 2794 patris
894 2706 1297 2796 proconsulis
1325 2707 1593 2774 Africae
1624 2730 1770 2774 cum
1800 2719 1985 2795 patre
2023 2711 2374 2795 imperator
2413 2708 2773 2796 appellatus
2803 2731 2843 2773 a
2873 2707 3248 2794 Capelliano

662 2812 873 2877 vietus
917 2812 1113 2898 periit
1154 2810 1508 2876 Herodian.
1558 2816 1616 2888 7,
1660 2816 1810 2889 7-9,
1870 2814 2006 2876 vita
2047 2816 2279 2878 15-16.
2366 2812 2547 2876 Inter
2604 2811 2760 2876 deos
2818 2811 3058 2878 relatus
3114 2815 3250 2879 vita

663 2918 760 2992 16,
790 2918 850 2991 4,
895 2915 1004 2982 vit.
1053 2913 1341 2979 Maximi
1381 2920 1441 2979 et
1481 2914 1758 2980 Balbini
1795 2920 1855 2992 4,
1903 2914 2095 2980 divus
2141 2914 2514 2983 Gordianus
2558 2915 2630 2979 in
2660 2915 2876 2980 'titulis
2929 2916 3254 2982 Gordiani

660 3017 792 3082 III
826 3017 910 3099 cf.
955 3038 1019 3082 n.
1054 3021 1190 3082 666.
1228 3054 1315 3062 -
1354 3016 1512 3082 Cum
1553 3019 1798 3082 nummi
1836 3017 2317 3084 Gordianorum
2348 3019 2569 3101 patris
2612 3023 2671 3083 et
2712 3018 2840 3102 filii
2882 3023 3132 3083 tantum
3175 3041 3253 3084 ex

660 3119 921 3185 diversis
978 3119 1296 3203 capitibus
1353 3119 1829 3202 di‘stinyuantur
1843 3171 1859 3198 ‚
1914 3141 2237 3185 nummum
2296 3120 2471 3203 apud
2525 3118 2736 3186 Gohcn
2779 3143 2853 3204 p.
2887 3126 2926 3185 6
2966 3142 3030 3185 n.
3069 3126 3110 3186 4
3150 3122 3249 3186 in-

658 3223 963 3305 scriptum
999 3222 1071 3286 in
1107 3242 1334 3287 aversa
1372 3222 1445 3286 P.
1485 3221 1576 3290 M.
1623 3221 1735 3287 Tr.
1781 3222 1854 3287 P.
1900 3223 1974 3288 P.
2021 3223 2096 3287 P.
2143 3222 2209 3291 S.
2258 3222 2331 3288 O.
2377 3222 2548 3305 falso
2593 3222 2682 3287 ad
2722 3223 2928 3307 filium
2973 3224 3248 3289 relatum

661 3345 788 3390 esse
829 3322 1204 3389 crediderim
1238 3329 1298 3389 et
1323 3328 1595 3407 propter
1639 3325 1712 3389 P.
1758 3323 1847 3391 M.
1880 3325 2205 3408 pertinere
2249 3324 2337 3389 ad
2364 3329 2641 3408 patrem.

530 3429 659 3494 666
701 3438 781 3493 Μ.
828 3435 1207 3491 ANTONIVS
1255 3435 1684 3492 GORDIANVS
1722 3457 1809 3480 =
1841 3436 1995 3492 IMP.
2043 3436 2337 3491 CAESAR
2381 3437 2461 3495 M.
2506 3437 2885 3492 ANTONIVS
2934 3437 3247 3491 GORDIA-

659 3539 802 3595 NVS
847 3538 1020 3594 AVG.
1069 3532 1232 3613 (ΙΙΙ).
1324 3530 1482 3594 Divi
1526 3528 1617 3593 M.
1662 3528 1935 3594 Antonii
1983 3529 2300 3598 Gordiani
2360 3553 2595 3616 ηεροδ,
2657 3530 2793 3595 djvi
2839 3531 2928 3594 M.
2974 3530 3246 3595 Antonii

660 3632 978 3699 Gordiani
1031 3632 1270 3696 sororis
1312 3654 1428 3697 sue
1473 3630 1613 3716 (sic)
1658 3630 1828 3696 filius
1872 3632 2139 3715 Ephem.
2186 3654 2281 3715 ep.
2329 3634 2388 3710 7,
2433 3637 2584 3710 575,
2647 3632 2783 3697 divi
2843 3633 2932 3700 M.
2975 3631 3246 3697 Antonii

660 3733 979 3801 Gordiani
1036 3755 1269 3819 nePOS,
1332 3733 1468 3799 divi
1515 3733 1785 3799 Antonii
1832 3733 2151 3802 Gordiani
2196 3735 2436 3800 sororis
2481 3733 2652 3799 filius
2698 3733 2882 3799 VIII
2914 3738 3056 3812 848,
3106 3734 3245 3799 divi

659 3835 976 3904 Gordiani
1021 3858 1221 3922 nepos
1266 3845 1332 3901 et
1372 3836 1507 3902 divi
1553 3835 1872 3902 Gordiani
1911 3839 2153 3902 sororis
2197 3836 2370 3901 filius
2414 3836 2600 3902 VIII
2616 3841 2804 3913 4218,
2849 3836 3115 3919 Ephem.
3147 3858 3241 3920 ep.

655 3945 714 4019 5,
761 3944 932 4006 1097
940 3959 961 4019 ,·
1006 3944 1065 4017 7,
1110 3942 1264 4019 754,·
1321 3938 1498 4004 haud
1555 3944 1852 4004 accurate
1893 3961 2367 4022 nonnumquam
2412 3939 2712 4004 divorum
2760 3938 3243 4006 Gordianorum

656 4064 857 4130 nepos
915 4041 1113 4108 veluti
1166 4040 1352 4108 VIII
1385 4046 1607 4107 10330.
1654 4047 1874 4110 10331.
1922 4048 2144 4109 10431.
2196 4047 2425 4109 10452.
2482 4046 2721 4122 10460,·
2779 4040 3096 4107 Gordiani
3157 4063 3243 4106 ex

656 4144 791 4210 filia
831 4166 1031 4231 nepos
1075 4142 1427 4210 Herodian.
1463 4149 1518 4222 7,
1555 4150 1655 4222 10,
1691 4150 1745 4223 7,
1792 4147 1928 4210 vita
1965 4151 2076 4229 22,
2107 4151 2183 4223 4;
2227 4146 2571 4232 Dexippus
2616 4167 2764 4210 eum
2810 4154 3110 4230 nepotem
3155 4167 3241 4210 ex

657 4246 790 4313 filio
835 4257 1151 4314 statuerat
1201 4249 1337 4311 vita
1377 4252 1479 4325 19,
1526 4253 1566 4312 9
1618 4248 1700 4330 cf.
1749 4248 1983 4313 Zosim.
2028 4253 2086 4326 1,
2118 4253 2217 4313 16.
2303 4247 2513 4313 Filius
2558 4247 2849 4313 Maeciae
2890 4248 3243 4312 Faustinae

657 4360 722 4415 et
762 4350 936 4416 Iunii
981 4349 1171 4416 Balbi
1216 4348 1570 4415 consularis
1611 4351 1737 4414 viri
1780 4351 1915 4415 vita
1957 4356 2018 4428 4,
2055 4356 2121 4418 2.

781 4452 991 4518 Natus
1034 4461 1133 4517 est
1175 4451 1239 4517 d.
1286 4453 1369 4517 20
1426 4453 1666 4517 mensis
1710 4453 1999 4518 Ianuarii
2043 4454 2207 4534 fasti
2247 4452 2576 4518 Phi-”locali
2616 4452 2668 4516 I
2700 4472 2775 4534 p.
2809 4456 2933 4517 334
2975 4473 3033 4516 a.
3077 4453 3240 4534 2253

651 4576 806 4622 nam
849 4554 1164 4620 tredecim
1206 4576 1410 4619 annos
1452 4564 1642 4619 natus
1681 4555 2023 4641 imperium
2072 4555 2346 4641 adeptus
2407 4577 2545 4620 esse
2604 4554 2839 4619 dicitur
2881 4552 3237 4619 Herodian.

651 4663 713 4737 8,
757 4661 819 4737 8,
865 4661 925 4735 8,
987 4656 1345 4722 secundum
1403 4657 1562 4722 alios
1621 4666 1778 4722 tunc
1837 4659 1971 4742 egit
2014 4658 2317 4723 undecim
2359 4658 2466 4722 vel
2511 4657 2791 4723 sedecim
2835 4658 2970 4722 vita
3011 4660 3123 4732 22,
3168 4661 3236 4723 2.

653 4761 814 4827 Post
856 4782 1079 4825 necem
1123 4760 1402 4825 duorum
1433 4760 1914 4827 Gordianorum
1958 4783 2106 4827 cum
2135 4762 2467 4846 Pupienus
2513 4771 2578 4826 et
2604 4759 2922 4826 Balbinus
2952 4758 3239 4842 Augusti

651 4862 961 4950 appellati
1004 4872 1252 4946 essent,
1300 4862 1672 4930 Gordianus
1723 4862 1958 4949 populo
2009 4873 2072 4928 et
2114 4863 2427 4929 militibus
2471 4860 2951 4951 postulantibus
2997 4860 3240 4926 Caesar

648 4976 1056 5053 nuncupatus
1101 4975 1201 5031 est
1240 4986 1448 5031 mense
1489 4966 1625 5048 fere
1656 4966 1910 5031 Martio
1948 4989 2008 5032 a.
2034 4971 2166 5032 238
2195 4966 2356 5050 (vide
2383 4987 2585 5050 supra
2617 4989 2687 5049 p.
2724 4964 2849 5048 98),
2881 4962 3235 5029 Herodian.

653 5073 712 5147 7,
741 5074 842 5147 10,
886 5069 1024 5134 vita
1066 5073 1179 5147 22,
1224 5069 1334 5134 vit.
1382 5069 1740 5133 Maximini
1780 5073 1886 5146 20,
1934 5071 2041 5136 vit.
2077 5070 2366 5135 Maximi
2406 5074 2467 5134 et
2502 5068 2777 5134 Balbini
2815 5072 2876 5132 3.
2963 5066 3053 5131 M.
3099 5065 3231 5131 An-

651 5170 865 5238 tonius
909 5171 1282 5239 Gordianus
1323 5169 1567 5237 Caesar
1608 5172 1679 5236 in
1719 5173 1993 5237 nummis
2025 5171 2269 5238 Eckhel
2315 5171 2456 5236 VII
2475 5194 2549 5254 p.
2579 5176 2724 5248 309,
2769 5170 2860 5302 Μ.
2903 5167 3232 5234 Antonius

2751 5273 2782 5326 7
