3859 5992
695 538 1007 595 CAESIVS
1984 528 2108 592 268
3093 534 3403 591 CAESIVS

1470 633 1801 639 —-—.--——
3263 633 3396 641 -Φ

738 636 947 643 ——-—

956 732 1029 799 C.
1062 732 1126 816 f.,
1176 731 1351 797 tribu
1399 730 1675 798 Claudia
1714 736 1756 796 t.
1788 736 1846 809 1,
1893 733 2260 819 praefectus
2307 732 2590 798 cohortis
2634 730 2957 799 secundae
3000 728 3208 815 (addit
3252 737 3294 800 t.
3335 736 3404 817 2)

824 837 1266 922 Hispanorum
1313 836 1637 920 equitatae
1673 838 1717 899 t.
1748 839 1807 898 1.
1838 840 1904 912 2,
1953 857 2122 899 anno
2161 836 2246 901 60
2291 840 2333 901 t.
2364 841 2430 913 2,
2480 832 2779 901 tribunus
2809 833 3107 917 militum,
3156 840 3404 918 (postea

819 939 890 1004 in
933 937 1215 1003 ordinem
1255 937 1716 1020 amplissimum
1753 937 2036 1003 adlectus
2064 939 2496 1022 probabiliter
2538 961 2580 1004 a
2625 938 3057 1025 Vespasiano),
3105 949 3404 1025 quaestor

822 1064 938 1127 pro
986 1063 1083 1127 pr.
1130 1041 1323 1105 Ponti
1387 1050 1452 1105 et
1496 1039 1866 1126 Bithyniae,
1930 1040 2157 1106 aedilis
2220 1041 2427 1127 plebis
2472 1040 2764 1125 Cerialis,
2828 1052 3106 1127 praetor,
3154 1040 3403 1126 legatus

821 1166 937 1230 pro
983 1167 1079 1230 pr.
1131 1143 1511 1230 provinciae
1556 1143 1916 1209 Sardiniae.
1969 1181 2038 1190 -
2089 1144 2399 1210 Diversus
2442 1149 2534 1210 est
2578 1143 2651 1210 C.
2700 1143 2969 1210 Caesius
3011 1144 3196 1229 Aper
3237 1165 3399 1226 mag.

824 1248 954 1310 vie.
1000 1246 1121 1311 XI
1153 1250 1334 1323 6013,
1382 1248 1531 1310 item
1576 1246 1745 1310 alius
1774 1245 1850 1312 C.
1885 1246 2152 1312 Caesius
2199 1247 2379 1334 Aper
2423 1248 2729 1312 Mestriae
2775 1244 3225 1330 Saturnin(a)e
3272 1248 3402 1310 sive

825 1349 1173 1432 Marci(a)e
1205 1354 1247 1413 t.
1266 1350 1487 1432 posuit
1516 1348 1637 1414 XI
1656 1353 1845 1417 6021.
1913 1350 2043 1431 Qui
2084 1349 2258 1414 tituli
2296 1371 2434 1415 eum
2480 1355 2540 1415 et
2572 1351 2701 1433 ipsi
2729 1350 2971 1415 Sestini
2996 1349 3235 1433 reperti
3260 1350 3399 1425 sint,

825 1453 924 1515 ibi
959 1451 1332 1516 Onesiorum
1373 1451 1701 1534 Apromm
1747 1451 2070 1533 familiam
2112 1452 2406 1533 floruisse
2450 1452 2685 1519 docent.

705 1555 826 1619 149
874 1554 1146 1619 Caesius
1193 1555 1466 1637 Bassus,
1528 1555 1774 1618 amicus
1829 1554 2034 1618 Persii
2093 1556 2225 1619 vita
2281 1555 2495 1620 Persii
2537 1556 2791 1623 Sueton.
2837 1555 2951 1620 rel.
2998 1554 3091 1620 ed.
3136 1554 3402 1637 Reiffer-

822 1657 1037 1722 scheid
1068 1679 1140 1740 p.
1176 1661 1273 1734 73,
1322 1658 1435 1742 qui
1468 1656 1551 1721 ad
1583 1679 1728 1721 eum
1769 1658 2029 1743 scripsit
2059 1667 2346 1722 saturam
2377 1668 2661 1741 sextam3
2706 1668 2852 1744 post
2893 1668 3169 1722 mortem
3202 1658 3402 1722 Persii

827 1761 1136 1825 Annaeus
1181 1759 1510 1824 Cornutus
1553 1759 1791 1825 librum
1852 1761 2196 1825 satirarum
2256 1761 2458 1825 Basso
2504 1762 2780 1847 petenti,
2845 1772 2919 1825 ut
2962 1762 3085 1846 ipsi
3129 1759 3401 1843 cederet,

828 1862 1097 1928 tradidit
1140 1862 1465 1929 edendum
1494 1863 1623 1927 ibd.
1656 1885 1729 1946 p.
1764 1868 1860 1927 74.
1928 1863 2133 1928 Fama
2176 1874 2273 1928 est
2318 1886 2461 1928 eum
2509 1865 2574 1928 in
2621 1863 2905 1950 praediis
2949 1864 3082 1928 suis
3127 1864 3405 1949 positum

825 1965 1093 2031 ardente
1152 1976 1367 2031 monte
1425 1966 1713 2031 Vesuvio
1782 1975 1846 2030 et
1907 1965 2035 2031 late
2104 1965 2363 2050 ignibus
2429 1965 2802 2032 abundante
2869 1989 3016 2032 cum
3075 1965 3237 2030 villa
3294 1989 3406 2031 sua

825 2081 1040 2135 ustum
1100 2068 1290 2137 schol.
1352 2068 1442 2134 ad
1494 2069 1673 2134 Pers.
1724 2074 1845 2134 sat.
1892 2074 1950 2147 6,
1998 2076 2056 2134 1.
2147 2068 2361 2150 (Vnde
2418 2070 2680 2153 quidam
2736 2091 2960 2135 nomen
3018 2071 3152 2135 eius
3213 2069 3406 2134 latere

822 2173 959 2237 loeo
1015 2176 1310 2255 corrupto
1370 2172 1548 2237 Ptin.
1611 2173 1789 2254 epist.
1836 2177 1894 2249 6,
1942 2177 2042 2249 16,
2085 2177 2130 2236 8
2188 2174 2499 2256 suspicati
2552 2178 2700 2239 sunt
2757 2174 3116 2238 coniectura
3167 2173 3406 2237 incerta

823 2277 903 2358 ef.
947 2297 1109 2358 quae
1154 2275 1482 2340 adnotavit
1528 2275 1728 2357 Keil.)
1771 2312 1857 2323 —
1901 2276 2118 2342 Potest
2160 2276 2326 2341 idem
2378 2297 2507 2342 esse
2565 2276 2641 2343 C.
2687 2276 2957 2343 Caesius
3008 2276 3252 2342 Bassus
3299 2278 3408 2362 qui

823 2400 1053 2462 agrum
1101 2377 1423 2464 quendam
1471 2379 1538 2442 in
1584 2378 1824 2443 finibus
1869 2378 2358 2444 Tiburtinorum
2404 2379 2792 2444 vendiderat
2834 2380 2955 2445 XI
2961 2379 3225 2446 V3471.

953 2482 1156 2546 Poeta
1198 2482 1305 2548 υἱέ.
1354 2480 1570 2545 Persii
1596 2502 1670 2563 p.
1705 2486 1785 2545 73
1799 2501 1820 2559 ‚·
1867 2483 2104 2546 ‘iamne
2147 2481 2294 2567 lyra
2337 2492 2403 2546 et
2444 2485 2672 2547 tetrico
2719 2484 2951 2548 vivunt
2993 2482 3108 2547 tibi
3154 2483 3408 2568 pectine

825 2583 1124 2667 chordae,
1172 2585 1335 2648 mire
1380 2582 1599 2670 opifex
1645 2586 1930 2648 numeris
1962 2594 2256 2649 veterum
2287 2585 2643 2671 primordia
2671 2607 2904 2649 vocum
2941 2595 3138 2671 atque
3166 2606 3404 2650 marem

822 2691 1162 2773 strepitum
1208 2686 1356 2750 fidis
1400 2686 1755 2751 intendisse
1797 2685 2053 2769 latinae,
2104 2710 2252 2752 mox
2291 2689 2559 2752 iuvenes
2601 2689 2848 2772 agitare
2881 2689 3054 2752 iocos
3083 2697 3150 2752 et
3181 2686 3408 2773 pollice

826 2790 1094 2854 honesto
1140 2791 1444 2872 egregius
1489 2788 1718 2854 lusisse
1762 2800 1986 2854 senex‘
2039 2790 2301 2855 Persius
2342 2795 2464 2858 sat.
2509 2796 2565 2867 6,
2609 2796 2768 2858 2-6.
2846 2791 2916 2857 Si
2962 2791 3107 2877 quis
3152 2791 3406 2855 adicere

826 2893 990 2957 velis
1029 2892 1189 2976 ceca.
1222 2892 1546 2968 Hora-tio),
1595 2893 1648 2955 is
1695 2894 1819 2956 erit
1856 2892 2126 2957 Caesius
2162 2894 2416 2974 Bassus,
2461 2915 2656 2979 quem
2702 2915 2910 2980 nuper
2946 2893 3251 2977 vidimus,
3297 2893 3405 2958 sed

826 3019 972 3061 cum
1018 2995 1211 3079 longe
1254 2994 1655 3082 praecedunt
1684 2997 1948 3079 ingenia
1980 2998 2335 3061 viventium
2376 2998 2752 3078 Quintilian.
2785 3001 2885 3073 10,
2917 3002 2975 3074 1,
3007 3002 3106 3061 96.
3169 2998 3405 3062 Bassus

825 3101 891 3163 in
936 3099 1003 3162 ΙΙ
1049 3096 1404 3183 lyricorum
1450 3099 1689 3163 citatur
1735 3097 2054 3165 Priscian.
2096 3098 2380 3166 Gramm.
2423 3100 2573 3164 Lat.
2605 3100 2697 3164 II
2717 3121 2789 3182 p.
2817 3103 2969 3177 527,
3000 3104 3098 3164 16.

954 3201 1133 3266 Idem
1178 3202 1312 3265 sine
1357 3200 1548 3265 dubio
1593 3206 1685 3265 est
1728 3200 1999 3267 Caesius
2059 3201 2301 3266 Bassus
2360 3203 2424 3265 in
2485 3201 2650 3267 libro
2697 3202 2779 3266 de
2835 3202 3059 3267 metris
3105 3201 3403 3266 Victoria.

829 3304 1116 3370 Gramm.
1149 3305 1297 3368 Lat.
1339 3303 1441 3369 VI
1461 3326 1532 3386 p.
1563 3309 1715 3381 209,
1749 3310 1830 3367 10
1875 3304 1984 3383 (=
2015 3305 2187 3372 And.
2219 3305 2523 3388 Excerpt.
2573 3305 2716 3370 VII
2737 3328 2809 3388 p.
2839 3310 2981 3381 337,
3011 3309 3121 3391 2)‚·
3165 3306 3403 3371 Bassus

824 3408 904 3472 ad
940 3408 1264 3473 Neronem
1297 3406 1380 3471 de
1410 3405 1640 3471 iambis
1670 3407 1947 3490 Rufi-nus
1980 3407 2083 3472 VI
2089 3430 2159 3491 p.
2179 3413 2326 3485 209,
2353 3414 2469 3485 10;
2499 3408 2736 3472 citatur
2764 3417 3102 3495 praeterea
3131 3411 3404 3494 scriptor

828 3511 917 3574 rei
982 3511 1288 3576 metricae
1347 3530 1389 3574 a
1446 3508 1753 3575 Diomede
1796 3511 1847 3575 I
1882 3532 1956 3593 p.
2000 3515 2142 3587 513,
2189 3515 2284 3587 16,
2342 3511 2718 3576 Terentiano
2778 3510 2880 3576 VI
2911 3533 2987 3593 p.
3029 3515 3172 3587 395,
3218 3514 3399 3585 2358,

823 3613 1064 3697 Rufino
1110 3612 1212 3677 VI
1232 3635 1304 3695 p.
1335 3616 1474 3689 565,
1506 3616 1566 3679 3.
1651 3613 1984 3678 Tribuitur
2029 3614 2090 3677 ei
2134 3636 2176 3678 a
2219 3615 2671 3678 recentioribus
2716 3613 2878 3677 liber
2921 3613 2997 3678 de
3038 3615 3258 3677 metris
3298 3613 3404 3695 qui

823 3721 997 3780 extat
1036 3714 1322 3780 Gramm.
1372 3716 1520 3779 Lat.
1570 3714 1671 3780 VI
1692 3737 1765 3797 p.
1797 3720 1925 3781 255
1953 3736 2082 3798 sqq.
2126 3717 2208 3797 ef.
2243 3716 2400 3781 Keil
2439 3716 2569 3781 ibd.
2605 3739 2675 3799 p.
2711 3720 2864 3782 252.

702 3822 822 3885 150
868 3828 1179 3882 CAESIVS
1227 3827 1536 3900 CORDVS,
1584 3816 1931 3903 proconsul
1964 3818 2199 3884 Cretae
2236 3818 2742 3904 repetundarum
2786 3818 3008 3882 addito
3054 3817 3400 3883 maiestatis

823 3923 1090 3986 crimine
1149 3943 1208 3984 a.
1252 3923 1329 3985 21
1388 3919 1471 3985 ab
1516 3920 1847 3985 Anchario
1908 3923 2134 3986 Prisco
2195 3920 2588 4007 postulatuS,
2651 3944 2706 3985 a.
2755 3924 2837 3987 22
2898 3921 3398 4006 repetundarum

824 4025 1165 4089 damnatus
1212 4034 1309 4087 est
1360 4024 1506 4090 Tac.
1544 4044 1603 4087 α.
1635 4028 1695 4101 3,
1726 4028 1827 4087 38.
1872 4030 1969 4088 70.

713 4165 800 4173 —
865 4137 962 4192 TI.
1009 4137 1273 4189 CATIVS
1322 4136 1632 4190 CAESIVS
1681 4135 2004 4191 FRONTO.

698 4232 812 4295 151
865 4242 934 4294 A.
969 4239 1279 4292 CAESIVS
1313 4238 1625 4311 GALLVS,
1672 4229 1899 4293 aedilis
1935 4228 2139 4313 plebis
2171 4227 2462 4310 CerialiS,
2503 4238 2780 4315 praetor,
2818 4227 3051 4292 flamen
3080 4228 3402 4311 Augusta·

823 4331 921 4413 lis,
970 4342 1279 4417 patronus
1326 4330 1616 4395 coloniae
1679 4332 2014 4415 (inan-tum
2058 4331 2261 4413 ew'us)
2306 4331 2495 4396 XIV
2521 4336 2690 4395 3590
2749 4330 3001 4406 titubes,
3065 4332 3173 4393 eui
3230 4331 3402 4412 oriyo

832 4435 1171 4499 Tiburtina
1214 4434 1382 4517 falso
1429 4435 1757 4517 adscripta
1803 4455 1931 4498 esse
1977 4434 2221 4497 videtur
2276 4437 2355 4516 es.
2402 4455 2561 4516 Quae
2606 4433 2934 4497 (tibtotavit
2975 4432 3232 4497 Dessau
3277 4433 3318 4497 l.
3361 4433 3398 4497 l.

714 4575 800 4583 —
866 4537 939 4602 C.
987 4539 1301 4603 Octavius
1342 4538 1603 4602 Pudens
1651 4536 1921 4602 Caesius
1969 4537 2365 4601 Honoratus.

702 4644 819 4706 152
867 4640 1134 4705 Caesius
1179 4641 1446 4723 Longus
1462 4690 1477 4723 ,
1543 4642 1808 4704 maritus
1866 4640 2157 4705 Liciniae
2201 4638 2302 4704 VI
2335 4644 2503 4704 1442
2547 4644 2588 4703 t.
2634 4638 2926 4715 maritime,
2979 4639 3094 4701 ubi
3147 4607 3419 4705 dubium

821 4748 911 4807 est
962 4765 1043 4808 an
1089 4744 1287 4825 suerit
1330 4745 1399 4808 in
1443 4743 1657 4826 lapide
1702 4743 2020 4826 1.0N01[N1].

699 4848 820 4912 153
866 4846 947 4927 Q.
995 4846 1266 4911 Caesius
1329 4847 1660 4911 Macrinus
1720 4846 1873 4910 fana
1929 4846 2014 4911 ab
2060 4844 2133 4913 C.
2186 4845 2380 4910 Vibio
2425 4846 2602 4910 Varo
2661 4854 2846 4930 patre
2903 4842 3204 4908 inchoata
3264 4867 3399 4932 per-

819 4950 974 5014 fecit
1019 4962 1083 5015 et
1126 4950 1454 5014 dedicavit
1496 4950 1778 5033 Rorigmi
1814 4950 2034 5016 V308.
2079 4954 2223 5013 309.

700 5055 821 5118 154
867 5063 934 5118 L.
980 5063 1289 5117 CAESIVS
1337 5062 1770 5136 MARTIALIS,
1830 5049 2055 5116 consul
2115 5052 2449 5133 (suffectus
2510 5050 2792 5115 secundo
2852 5050 3172 5131 semestri)
3220 5073 3275 5116 a.
3323 5050 3400 5115 57

820 5177 966 5220 cum
1010 5156 1270 5221 Nerone
1314 5158 1399 5223 H.
1470 5154 1846 5220 Consulatus
1890 5159 2276 5218 memmi-atur
2319 5155 2386 5218 in
2434 5154 2669 5219 tabulis
2721 5154 2954 5218 ceratis
2997 5152 3404 5236 Pompeianis
