3859 5992
504 617 928 674 CORNELIVS
1800 610 1927 675 469
2833 620 3213 676 CORNELIA

630 814 1037 880 bibliothecis
1083 814 1408 880 conlocari
1453 816 1658 898 iussit,
1715 837 1880 880 neve
1925 816 2238 881 lectorum
2282 818 2533 885 incuria
2580 818 2925 904 deperiret,
2971 816 3214 883 librum

626 940 744 1005 per
802 940 1007 984 annos
1068 918 1353 1008 singulos
1400 919 1614 983 decies
1668 919 1862 983 scribi
1922 919 2275 1004 publicitus
2323 919 2579 985 *euicos
2631 921 2870 986 archiis
2916 922 3103 985 iussit
3146 931 3211 986 et

628 1025 699 1088 in
755 1021 1166 1089 bibliothecis
1225 1023 1380 1109 poni
1436 1023 1546 1087 vit.
1601 1022 1811 1087 Taciti
1849 1027 1950 1100 10,
1994 1027 2054 1088 3.
2141 1022 2203 1087 A
2249 1021 2552 1088 Cornelio
2598 1024 2826 1089 Tacito
2889 1025 3206 1107 originem

630 1126 868 1191 ducere
929 1124 1138 1190 voluit
1193 1135 1259 1190 et
1315 1124 1642 1190 Polemius
1659 1174 1676 1209 ,
1750 1126 2117 1211 praefectus
2176 1128 2498 1210 praetorio
2560 1126 2925 1193 Galliarum
2985 1126 3211 1194 Sidon.

627 1228 845 1313 Apoll.
892 1229 1073 1310 epist.
1119 1233 1177 1305 4,
1223 1232 1322 1305 14,
1368 1233 1427 1293 1.

759 1330 1164 1396 Memoratur
1203 1331 1302 1396 vel
1349 1331 1587 1395 citatur
1646 1330 1904 1396 Tertull.
1952 1330 2121 1414 apol.
2166 1336 2248 1396 16
2287 1361 2373 1385 =
2424 1330 2513 1396 ad
2552 1332 2797 1399 nation.
2842 1336 2902 1409 1,
2950 1336 3064 1409 11,
3127 1332 3216 1397 ad

625 1434 867 1502 nation.
892 1440 957 1511 2,
984 1438 1089 1511 12,
1120 1434 1228 1501 vit.
1254 1432 1605 1499 Aureliani
1629 1438 1695 1511 2,
1719 1440 1779 1512 1,
1812 1433 2019 1499 Probi
2043 1440 2110 1511 2,
2145 1440 2202 1511 7,
2241 1433 2610 1518 Hieronym.
2643 1435 2714 1498 in
2735 1434 3015 1499 Zachar.
3043 1439 3103 1512 3,
3132 1439 3213 1499 14

628 1536 730 1602 VI
748 1559 823 1620 p.
855 1541 978 1602 913
1021 1535 1115 1602 ed.
1163 1535 1462 1614 Vallarsi,
1506 1536 1685 1606 oros.
1725 1542 1780 1620 1,
1814 1542 1873 1615 5,
1913 1542 1990 1615 1;
2032 1543 2091 1614 1,
2130 1541 2229 1615 10,
2274 1542 2333 1602 1.
2370 1542 2430 1604 3.
2475 1542 2517 1602 5
2531 1557 2552 1616 ,·
2600 1542 2655 1614 7,
2698 1542 2759 1615 3,
2804 1543 2879 1616 7,·
2924 1543 2981 1614 7,
3029 1541 3088 1615 9,
3139 1543 3211 1616 7,·

627 1646 685 1718 7,
719 1645 819 1717 10,
851 1646 934 1718 4;
976 1646 1034 1719 7,
1066 1645 1166 1717 19,
1197 1645 1274 1718 4,·
1321 1645 1376 1718 7,
1412 1646 1520 1717 27,
1558 1645 1633 1719 1,·
1677 1647 1736 1718 7,
1765 1646 1867 1717 34,
1897 1645 1957 1718 5,
2001 1640 2362 1708 Cassiodor.
2403 1640 2553 1706 Var.
2582 1644 2642 1718 5,
2673 1646 2739 1718 2,
2771 1640 3036 1705 Iordan.
3066 1638 3208 1705 Get.

621 1749 685 1820 2,
718 1749 818 1821 13,
863 1743 1087 1809 Sidon.
1126 1743 1413 1826 Apollin.
1465 1744 1643 1826 epist.
1687 1749 1748 1823 4,
1779 1749 1892 1822 22,
1924 1749 1991 1820 2,
2039 1765 2233 1809 carm.
2273 1749 2340 1822 2,
2372 1749 2537 1823 192;
2581 1748 2685 1821 23,
2717 1748 2857 1821 154,
2899 1741 3090 1809 schol.
3124 1743 3212 1807 ad

624 1847 839 1912 Iuven.
892 1852 957 1924 2,
1006 1852 1123 1925 99,·
1163 1852 1264 1923 14,
1310 1852 1459 1923 102,
1521 1846 1698 1912 Serv.
1743 1847 1906 1911 Aen.
1949 1851 2010 1924 3,
2054 1851 2199 1924 399,
2261 1851 2485 1912 auctor
2542 1847 2810 1930 finyitur
2869 1845 3208 1912 Cornelius

623 1951 891 2014 Tacitus
934 1948 1100 2014 libro
1144 1948 1527 2014 facetiarum
1570 1947 1867 2031 Fulyent.
1899 1970 1975 2031 p.
2006 1952 2128 2014 183
2171 1947 2263 2017 ed.
2312 1949 2646 2014 Muncker.

909 2049 1084 2104 Verba
1109 2049 1284 2105 Taciti
1307 2067 1356 2103 a.
1379 2053 1434 2115 2,
1457 2054 1524 2105 61
1553 2066 1691 2117 quae
1723 2066 1897 2117 supra
1934 2051 2218 2106 attulimus
2254 2050 2535 2120 referenda
2568 2066 2681 2105 esse
2714 2050 2789 2104 ad
2822 2049 3209 2120 expeditionem

772 2154 809 2190 a
837 2136 1087 2192 Cornelio
1109 2135 1312 2190 Palma
1337 2140 1641 2204 susceptam
1664 2135 1845 2203 itaque
1866 2136 2075 2205 scripta
2098 2153 2212 2191 esse
2238 2152 2403 2204 posse
2428 2141 2561 2204 post
2589 2153 2640 2190 a.
2665 2138 2776 2191 108
2809 2135 2998 2205 [immo
3022 2152 3074 2188 a.
3098 2139 3209 2190 106

770 2225 839 2291 ef.
856 2238 1033 2289 supra
1048 2239 1106 2275 n.
1119 2227 1148 2275 1
1159 2221 1287 2290 155]
1312 2220 1504 2275 statuit
1520 2221 1739 2275 Asbach
1755 2220 2027 2276 Raumers
2046 2221 2418 2277 Histoi-ischas
2438 2221 2821 2277 Taschenbuch
2843 2225 2994 2276 1887
3009 2239 3071 2290 p.
3083 2225 3207 2286 147,

768 2309 865 2375 qm·
897 2325 1044 2362 mare
1076 2308 1326 2363 Rubrum
1363 2305 1506 2374 quod
1539 2306 1670 2362 dicit
1706 2306 1930 2362 Tacitus
1967 2309 2152 2362 sinum
2186 2309 2485 2362 Arabicum
2518 2308 2795 2376 intelleqit.
2865 2306 3209 2377 Quamquam

768 2410 923 2446 mare
955 2392 1210 2447 Rubrum
1244 2392 1324 2460 (id
1357 2399 1435 2446 est
1468 2408 1702 2447 oceanus
1726 2392 1977 2461 Indicus)
2015 2393 2079 2446 in
2113 2392 2255 2447 duos
2292 2391 2574 2446 dividitur
2608 2391 2784 2458 sinus,
2818 2390 3113 2447 Persicum
3150 2394 3208 2444 et

768 2477 1096 2547 Arabicum,
1133 2484 1195 2533 ut
1226 2479 1306 2533 ait
1328 2478 1478 2532 Ptin.
1507 2495 1565 2531 n.
1593 2479 1646 2532 h.
1668 2484 1718 2544 6,
1742 2483 1875 2544 108,
1910 2484 2087 2534 tamen
2121 2479 2272 2548 apud
2309 2478 2555 2534 Tacitum
2588 2495 2734 2533 mare
2761 2477 3013 2533 Rubrum
3050 2479 3204 2532 intel-

767 2565 1039 2635 leyemdum
1083 2581 1196 2619 esse
1239 2565 1422 2618 sinum
1468 2562 1753 2618 Persicum
1799 2571 2032 2633 apparet
2068 2581 2134 2619 ex
2178 2565 2352 2621 verbis
2401 2564 2518 2618 eius
2558 2580 2611 2618 a.
2647 2568 2736 2633 14,
2772 2566 2860 2618 25.
2932 2563 3110 2631 Atque
3143 2580 3206 2617 ea

767 2651 1133 2718 interpretatio
1167 2650 1515 2719 confirmatur
1549 2651 1944 2717 conferentibus
1978 2651 2140 2705 nobis
2181 2649 2341 2703 verba
2372 2648 2636 2718 Eutropii
2668 2654 2721 2714 8,
2757 2654 2792 2705 3
2804 2672 2820 2702 .·
2876 2646 3207 2718 (Traianus)

763 2754 944 2807 usque
980 2735 1055 2789 ad
1091 2734 1290 2789 Indiae
1323 2732 1467 2788 fines
1504 2737 1564 2787 et
1598 2750 1754 2789 mare
1789 2734 2048 2790 Rubrum
2088 2734 2331 2790 accessit
2368 2738 2541 2806 atque
2584 2733 2671 2787 ibi
2718 2738 2836 2789 tres
2870 2732 3201 2805 provincias

766 2820 907 2876 fecit
941 2820 1271 2874 Armeniam
1308 2817 1607 2890 Assyriam
1641 2819 2128 2892 Mesopotamiam,
2164 2826 2231 2890 ef.
2256 2820 2391 2891 Rus.
2416 2820 2566 2875 Fest.
2593 2824 2697 2876 20.-
2737 2819 2797 2873 in
2832 2820 2975 2873 mari
3009 2818 3203 2873 Rubro

769 2907 1007 2962 classem
1044 2906 1313 2960 instituit.

499 3015 657 3079 1201
710 3012 1052 3079 Cornelius
1082 3013 1400 3093 Titianus,
1448 3014 1696 3076 amicus
1742 3011 1959 3093 Plinii,
2005 3013 2117 3097 qui
2161 3011 2246 3076 ad
2288 3032 2438 3076 eum
2481 3012 2742 3103 scripsit
2784 3012 2961 3093 epist.
2993 3015 3051 3087 1,
3088 3015 3173 3075 17
3182 3030 3204 3089 ,·

623 3116 789 3183 idem
830 3115 1079 3180 videtur
1120 3116 1438 3199 Titianus,
1487 3114 1570 3179 ad
1616 3137 1807 3202 quem
1852 3113 2034 3180 dedit
2076 3116 2255 3198 epist.
2285 3119 2345 3192 9,
2375 3118 2483 3179 32.

493 3221 658 3285 1202
703 3217 1046 3285 Cornelius
1079 3205 1359 3300 (Tuscus
1374 3216 1440 3301 1³)
1469 3218 1869 3282 Mamercum
1901 3216 2223 3282 Scaurum
2255 3238 2387 3281 una
2415 3238 2579 3281 cum.
2600 3215 2875 3281 Servilio
2912 3238 3079 3281 anno
3114 3218 3201 3281 34

617 3322 972 3387 maiestatis
1031 3319 1387 3407 postulavit
1439 3321 1587 3385 Tac.
1633 3341 1694 3387 a.
1739 3325 1796 3397 6,
1844 3324 1969 3399 29;
2026 3319 2224 3385 iidem
2275 3328 2682 3384 accusatores
2729 3329 2981 3404 postea,
3047 3321 3204 3405 quia

620 3425 967 3511 pecuniam
1011 3446 1052 3488 a
1095 3423 1296 3488 Vario
1343 3423 1589 3506 Ligure
1632 3421 2026 3488 omittendae
2071 3421 2410 3487 delationis
2457 3430 2794 3508 ceperant,
2842 3422 2909 3484 in
2954 3421 3199 3486 insulas

619 3527 961 3592 interdicto
1007 3527 1144 3610 igni
1187 3536 1384 3612 atque
1428 3548 1601 3612 aqua
1643 3525 1883 3590 demoti
1929 3534 2082 3589 sunt
2122 3524 2251 3590 ibd.
2282 3530 2340 3602 6,
2369 3529 2470 3590 30.
2543 3523 2762 3589 Alteri
2800 3525 2936 3588 utri
2977 3544 3197 3607 coquo-

614 3651 755 3695 men
799 3629 1071 3695 Tuscwm
1113 3630 1310 3712 fuisse
1356 3634 1628 3712 apparet
1669 3650 1745 3694 ex
1787 3629 1994 3694 verbis
2037 3627 2313 3695 Senecae
2353 3627 2628 3693 rhetoris
2670 3647 2914 3693 suasor.
2961 3632 3026 3704 2,
3071 3632 3201 3694 22,·

622 3733 899 3797 ‘Tuscus
942 3730 1051 3796 ille
1096 3733 1209 3817 qui
1244 3731 1564 3797 Scaurum
1607 3731 2011 3795 Mamercum
2054 3767 2133 3777 —
2172 3767 2254 3777 --
2300 3731 2658 3795 maiestatis
2703 3750 2890 3794 reum
2935 3729 3193 3814 fecerat,

614 3833 804 3898 homo
836 3856 1030 3921 quam
1074 3832 1349 3919 improbi
1396 3833 1593 3897 animi
1632 3843 1762 3898 tam
1795 3831 2072 3897 infelicis
2104 3834 2347 3916 ingenii
2378 3831 2569 3896 dixit’
2605 3832 2702 3916 (in
2744 3831 3199 3898 declamatione

612 3936 967 4020 suasoriae)
1014 3942 1126 4002 etc.

492 4041 655 4104 1203
701 4039 1173 4123 [CORJNELIVS
1219 4038 1749 4123 VALENT1[NVS]
1797 4038 2366 4122 [H]oNEsT1Ast
2408 4047 2800 4121 IVNIANVS,
2867 4037 3196 4123 [quaestor

616 4163 806 4227 prov.
836 4141 1168 4225 A]chaiae,
1217 4140 1519 4207 tribunus
1555 4141 1781 4227 plebis,
1834 4140 2135 4227 [praetor,
2184 4140 2523 4225 cu]rat(or)
2552 4140 2856 4224 via[rum]
2905 4139 3089 4206 VIII
3122 4140 3192 4208 S.

617 4249 828 4311 18269
875 4249 917 4309 t.
948 4245 1488 4310 Lambaesitanus
1528 4244 1806 4311 mutilus,

487 4348 653 4411 1204
698 4346 1040 4412 Cornelius
1099 4345 1518 4429 ValerianuS,
1588 4356 1815 4411 auctor
1875 4346 2071 4411 Plinii
2131 4345 2211 4410 de
2270 4344 2655 4409 animalibus
2723 4356 2790 4410 et
2852 4345 3193 4411 arboribus

610 4448 790 4513 Ptin.
831 4471 895 4514 n.
940 4449 1001 4514 h.
1046 4449 1179 4517 ind.
1227 4449 1266 4516 l.
1312 4453 1371 4513 8.
1419 4455 1518 4516 10.
1565 4454 1663 4516 14.
1710 4453 1807 4525 15,
1855 4450 2094 4513 citatur
2136 4448 2264 4513 ibet.
2311 4453 2410 4523 10,
2455 4452 2497 4513 5
2510 4468 2531 4526 ,⁶
2574 4453 2673 4526 14,
2718 4453 2818 4513 11.
2905 4448 3195 4514 Dubium

607 4551 873 4627 videm,
918 4573 1069 4617 nwm
1111 4552 1278 4617 idem
1321 4552 1771 4635 intelleyendus
1813 4554 1899 4616 sit
1928 4552 2319 4617 Valerianus
2365 4551 2491 4615 ibd.
2526 4551 2655 4616 ind.
2691 4551 2732 4616 l.
2769 4555 2813 4617 3
2853 4555 2913 4616 et
2951 4556 3012 4628 3,
3048 4556 3190 4617 108.

519 4691 609 4700 -
650 4664 716 4719 Ρ.
758 4663 1086 4719 LICINIVS
1134 4663 1555 4719 CORNELIVS
1605 4663 2089 4719 VALERIANVS
2136 4662 2448 4717 CAESAR.

482 4759 647 4823 1205
693 4755 1033 4821 Cornelius
1059 4758 1267 4822 Vrsus
1299 4757 1417 4839 (sic
1435 4757 1626 4839 plene
1655 4758 1725 4820 in
1753 4758 2165 4840 inscriptione
2200 4758 2379 4838 epist.
2397 4761 2456 4832 4,
2478 4760 2553 4834 9,·
2574 4760 2632 4832 5,
2651 4761 2755 4832 20,
2782 4761 3051 4820 ceterum
3067 4757 3190 4821 Vr-

605 4860 760 4943 sus),
794 4860 1038 4923 amicus
1069 4859 1286 4938 Plinii,
1319 4862 1432 4945 qui
1463 4859 1548 4924 ad
1578 4881 1727 4923 eum
1757 4862 2019 4945 scripsit
2048 4860 2227 4941 epist.
2255 4864 2316 4935 4,
2349 4863 2424 4937 9,-
2460 4863 2518 4935 5,
2550 4864 2673 4937 20,·
2702 4863 2759 4942 6,
2791 4862 2851 4923 5.
2881 4862 2998 4937 13;
3037 4862 3099 4936 8,
3128 4863 3188 4924 9.

482 4964 647 5028 1206
694 4971 1076 5027 CORNELIA
1135 4962 1383 5046 (nomen
1422 4963 1693 5044 ponitur
1734 4982 1791 5027 v.
1836 4967 1935 5028 13.
1979 4961 2105 5044 43),
2166 4961 2249 5025 de
2306 4961 2491 5025 cuius
2551 4973 2755 5025 morte
2814 4960 3191 5046 Propertius

608 5064 981 5131 consolatur
1024 5067 1329 5130 maritum
1378 5065 1580 5148 eleyia
1620 5070 1679 5142 5,
1726 5071 1824 5132 11.

733 5169 792 5232 Ε
822 5177 1017 5251 gente
1046 5178 1317 5253 paterna
1346 5168 1724 5254 Scipionum
1751 5189 1809 5233 v.
1841 5173 1943 5246 30,
1975 5168 2119 5252 filia
2145 5171 2218 5231 ut
2243 5165 2490 5231 videtur
2519 5165 2596 5231 P.
2631 5164 2912 5231 Cornelii
2940 5164 3188 5248 Scipio-

601 5272 705 5338 nis
749 5274 1024 5340 consulis
1066 5270 1319 5354 suffecti
1354 5293 1415 5339 a.
1463 5276 1584 5337 716
1625 5300 1711 5327 =
1751 5276 1839 5338 38
1883 5294 1947 5341 α.
1986 5270 2059 5338 0.
2096 5270 2236 5335 vide
2277 5290 2479 5357 supra
2517 5291 2582 5339 u.
2612 5275 2809 5347 1174,·
2851 5266 2985 5332 filia
3021 5266 3189 5337 Scri-
