3859 5992
525 579 825 635 CASSIVS
1814 567 1942 633 315
2931 577 3229 633 CASSIVS

649 776 899 860 Ioseph.
956 781 1087 842 ant.
1132 781 1240 854 20,
1287 780 1347 855 1,
1392 781 1467 854 1;
1537 797 1641 839 res
1699 774 1783 841 ab
1842 797 1916 840 eo
1978 773 2187 859 legato
2245 784 2467 859 gestae
2531 774 2682 841 Tae.
2723 796 2782 842 a.
2829 778 2936 854 12,
2982 778 3088 841 12.
3131 780 3232 853 13,

650 878 897 961 Ioseph.
944 884 1075 944 ant.
1121 883 1221 957 15,
1254 885 1355 956 11,
1388 884 1462 957 4‚·
1502 881 1608 955 20,
1652 884 1711 955 1,
1753 883 1808 948 1.
1899 877 2091 942 Anno
2131 878 2213 943 58
2257 876 2544 943 delectus
2589 888 2687 943 est
2728 877 3232 942 Puteolanorum

652 981 952 1047 seditioni
1015 980 1499 1068 componendae
1565 982 1712 1047 Tae.
1774 1002 1834 1046 a.
1890 986 1989 1059 13,
2034 984 2118 1046 48
2130 1001 2151 1060 ;
2217 983 2600 1047 sententiam
2662 982 2729 1045 in
2789 989 3017 1045 senatu
3067 979 3236 1044 dixit

657 1107 827 1151 anno
875 1084 957 1150 58
1002 1084 1132 1150 ibd.
1178 1090 1277 1162 13,
1324 1089 1427 1162 41,
1473 1106 1641 1148 anno
1686 1085 1762 1149 61
1812 1083 1941 1150 ibcl.
1976 1088 2074 1161 14,
2105 1087 2336 1150 43—44.
2427 1083 2595 1151 Cum
2638 1084 2716 1149 L.
2764 1084 3021 1148 Iunium
3069 1080 3233 1147 Sila-

655 1209 810 1251 num
853 1186 1058 1252 filium
1106 1187 1321 1252 fratris
1366 1186 1655 1273 Lepidae
1693 1188 1917 1252 uxoris
1961 1186 2331 1266 educasset,
2377 1186 2570 1251 ambo
2615 1184 2809 1251 simul
2852 1206 3024 1250 anno
3068 1186 3151 1249 65
3195 1206 3236 1247 a

651 1290 911 1355 Nerone
968 1290 1143 1376 apud
1203 1300 1499 1354 senatum
1555 1290 1901 1373 imperium
1975 1287 2189 1354 moliri
2256 1288 2610 1354 insimulati
2676 1297 2832 1353 sunt
2887 1296 2955 1352 et
3008 1285 3234 1353 Cassio

653 1392 914 1479 quidem
961 1393 1351 1458 obiectatum
1399 1400 1512 1474 est,
1562 1390 1738 1477 quod
1778 1392 1946 1456 inter
1986 1392 2304 1476 imagines
2343 1392 2660 1457 maiorum
2690 1392 2885 1455 etiam
2915 1388 2989 1456 C.
3023 1387 3232 1455 Cassii

650 1496 1074 1578 (percussoris
1119 1493 1442 1577 Caesaris)
1489 1493 1770 1577 effigiem
1814 1492 2155 1577 coluisset3
2208 1503 2472 1559 senatus
2516 1492 2808 1558 consulto
2854 1492 3118 1559 Cassius
3164 1492 3234 1556 in

656 1597 928 1663 insulam
996 1597 1366 1664 Sardiniam
1431 1597 1809 1683 deportatus
1877 1605 1977 1661 est
2040 1608 2106 1662 et
2169 1606 2467 1663 senectus
2537 1598 2674 1662 eius
2734 1593 3235 1683 exspectabatur

655 1700 779 1766 ibd.
811 1705 910 1777 16,
944 1705 1091 1778 7-9,
1139 1700 1525 1783 Pomponius
1558 1699 1597 1765 l.
1633 1700 1696 1777 l.,
1731 1699 1920 1782 (male
1955 1721 1998 1765 a
2029 1700 2332 1766 Suetonio
2370 1700 2527 1765 Ner.
2555 1704 2641 1765 37
2667 1699 2902 1764 dicitur
2946 1697 3230 1780 occisus),

652 1801 935 1867 Juvenal.
965 1808 1087 1870 sat.
1120 1808 1219 1880 10,
1252 1808 1349 1868 16.
1439 1803 1803 1867 Revocatus
1852 1824 1894 1866 a
1934 1801 2338 1887 Vespasiano
2382 1802 2555 1868 diem
2600 1824 2807 1892 suum·
2833 1800 2998 1866 obiit
3039 1799 3233 1866 Pom-

654 1905 895 1987 ponius
925 1904 966 1969 l.
1000 1905 1041 1970 l.
1075 1943 1153 1951 —
1188 1906 1408 1971 Senex
1451 1903 1809 1970 luminibus
1837 1902 2121 1970 'orbatus
2153 1903 2409 1971 Sueton.
2446 1904 2485 1970 l.
2519 1903 2558 1969 l.
2597 1943 2673 1954 —
2706 1904 2950 1988 (Iunia)
2984 1901 3236 1990 Lepida

657 2029 823 2072 uxor
874 2006 1022 2073 Tae.
1067 2029 1128 2073 a.
1173 2012 1271 2085 16,
1319 2011 1377 2075 7.

781 2109 883 2175 Ea
927 2119 1308 2196 tempestate
1354 2108 1620 2176 Cassius
1662 2119 1911 2175 ceteros
1954 2108 2400 2199 praeminebat
2442 2108 2674 2194 peritia
2715 2108 2933 2194 legum
2984 2109 3132 2176 Tac.
3174 2132 3234 2176 a.

653 2217 759 2289 12,
796 2217 884 2279 12
927 2209 1066 2291 (sub
1102 2233 1271 2278 anno
1297 2211 1441 2295 49),·
1481 2211 2026 2298 prudentissimus
2056 2213 2176 2295 vir,
2223 2212 2383 2277 iuris
2420 2221 2646 2278 auctor
2677 2212 3034 2294 Scriptores
3072 2211 3239 2278 Gro-

653 2316 878 2380 matici
905 2316 956 2380 I
975 2338 1049 2399 p.
1083 2320 1363 2382 17..124.
1391 2320 1536 2381 399.
1566 2320 1709 2380 403.
1784 2313 2071 2379 Auditor
2111 2314 2384 2380 Masurii
2432 2314 2659 2380 Sabini
2703 2314 2950 2380 Paulus
2989 2313 3234 2398 Diyest.

652 2423 713 2496 4,
758 2421 817 2503 8,
865 2423 966 2496 19,
1003 2424 1070 2495 2,
1118 2419 1220 2482 cui
1268 2419 1581 2483 successit
1606 2417 1998 2500 Pomponius
2043 2417 2082 2485 l.
2131 2416 2193 2495 l.,
2241 2417 2591 2482 Cassianae
2634 2415 2894 2481 scholae
2936 2417 3238 2501 princeps

656 2529 721 2585 et
764 2543 998 2606 parens
1043 2520 1222 2586 Plin.
1269 2522 1447 2606 epist.
1496 2525 1554 2598 7,
1599 2526 1708 2598 24,
1751 2524 1815 2586 8.
1909 2520 2187 2606 Scripsit
2241 2518 2442 2585 libros
2487 2518 2570 2584 de
2625 2520 2765 2583 iure
2808 2518 3018 2583 civili:
3072 2516 3240 2583 liber

654 2623 976 2689 secundus
1007 2625 1245 2689 citatur
1275 2626 1355 2689 ab
1390 2624 1670 2707 leiano
1698 2622 1945 2707 Diyest.
1976 2627 2085 2699 29,
2115 2628 2182 2699 2,
2213 2625 2321 2700 25,
2349 2627 2412 2700 3,
2458 2630 2680 2686 sextus
2725 2622 2807 2687 ab
2853 2621 3064 2687 eodem
3107 2620 3238 2688 ibcl.

651 2729 758 2802 26,
790 2731 849 2803 1,
880 2731 940 2803 3,
970 2729 1037 2803 2,
1084 2727 1395 2812 septimus
1440 2724 1631 2790 Paul.
1675 2724 1804 2790 ibd.
1848 2729 1953 2802 37,
1984 2729 2043 2802 6,
2072 2728 2139 2802 2,
2168 2728 2229 2801 5,
2272 2733 2543 2789 octavus
2590 2722 2852 2806 Vspian.
2898 2723 3026 2790 ibd.
3076 2728 3130 2806 7,
3178 2728 3236 2800 1,

655 2832 712 2904 7,
742 2833 818 2906 3,·
865 2833 920 2905 7,
952 2833 1011 2905 1,
1045 2832 1104 2905 9,
1134 2832 1195 2905 5,
1243 2827 1529 2892 decimus
1575 2828 1657 2893 ab
1703 2826 1914 2892 eodem
1954 2826 2081 2892 ibd.
2131 2832 2189 2905 7,
2221 2831 2280 2904 1,
2314 2831 2393 2891 71
2427 2848 2535 2910 pr.
2610 2825 2865 2892 Passim
2896 2831 3240 2909 praeterea

657 2931 790 2995 eius
831 2931 1175 2996 sententiae
1220 2928 1582 3009 afferuntur
1626 2952 1670 2995 a
1708 2929 1899 3007 Gaio,
1948 2930 2016 2995 in
2058 2928 2364 3013 DiyestiS,
2410 2929 2480 2995 in
2522 2931 2753 3013 fraym.
2802 2928 3040 3009 Vatie.,·
3092 2928 3240 2995 reli-

655 3033 842 3115 quias
885 3033 1135 3117 colle‘yit
1172 3032 1400 3110 Lenel,
1457 3032 1909 3116 Palinyenesia
1949 3033 2001 3098 I
2021 3054 2094 3115 p.
2124 3037 2248 3098 109
2283 3052 2414 3115 sqq.
2505 3032 2780 3119 Scripsit
2821 3041 2885 3097 et
2929 3041 3112 3097 notas
3155 3032 3239 3097 ad

655 3133 992 3200 Vitellium
1037 3134 1295 3219 leian.
1327 3136 1457 3205 ibd.
1487 3141 1587 3214 33,
1623 3141 1679 3213 7,
1708 3140 1814 3213 12,
1846 3138 1957 3202 27.
2916 3136 2923 3141 ’

527 3237 654 3301 429
696 3246 765 3301 L.
799 3247 1099 3304 CASSIVS
1130 3248 1528 3323 LONGINVS,
1562 3236 1788 3303 consul
1822 3238 2132 3303 suffectus
2177 3260 2349 3303 anno
2382 3240 2458 3303 11
2492 3260 2557 3324 p.
2588 3237 2662 3306 C.
2696 3260 2842 3303 oum
2871 3239 2948 3304 T.
2982 3237 3238 3305 Statilio

655 3340 892 3408 Tauro,
936 3377 1024 3388 —
1067 3342 1152 3407 In
1195 3342 1559 3407 consulatu:
1621 3341 1752 3427 [e]x
1794 3341 1861 3405 k.
1907 3339 2033 3407 Iul.
2080 3341 2155 3407 L.
2203 3341 2469 3407 Cassius
2515 3341 2592 3406 L.
2636 3340 2682 3406 f.
2731 3389 2746 3405 .
2773 3364 2856 3406 .n
2902 3341 3241 3424 Longinus

655 3443 817 3524 fasti
852 3441 1145 3527 Capitol„
1192 3444 1318 3510 suf.
1366 3446 1440 3513 L.
1490 3444 1799 3529 Ca[ssius]
1844 3445 2008 3528 fasti
2047 3443 2390 3509 Arvalium
2434 3442 2585 3510 CIL
2629 3444 2681 3509 I
2686 3444 2712 3482 ²
2744 3466 2818 3527 p.
2853 3449 2947 3522 70,
2994 3444 3063 3510 X
3106 3443 3239 3510 kal.

658 3543 922 3611 Octobr.
967 3547 1045 3612 T.
1093 3546 1349 3614 Statilio
1394 3546 1612 3612 Tauro
1659 3546 1733 3613 C.
1780 3545 2007 3613 Cassio
2052 3547 2350 3631 Longino
2397 3568 2524 3614 cos.
2571 3546 2732 3612 XII
2759 3551 2940 3612 4333.

785 3649 1005 3715 Gener
1047 3649 1126 3731 Q.
1173 3649 1343 3715 Aelii
1389 3649 1793 3732 Tuberonis,
1842 3651 1984 3714 iure
2027 3649 2305 3715 consulti
2350 3649 2741 3733 Pomponius
2783 3649 3029 3733 Diyest.
3076 3656 3134 3728 1,
3170 3655 3236 3728 2,

656 3755 722 3828 2,
759 3754 874 3834 513
920 3761 1106 3838 pater
1134 3753 1213 3818 L.
1247 3752 1454 3818 Cassii
1485 3754 1769 3838 Longini
1817 3753 2100 3817 consulis
2147 3752 2457 3818 ordinarii
2488 3776 2546 3821 a.
2581 3755 2666 3820 30
2696 3776 2758 3839 Ρ.
2794 3752 2888 3838 C.,
2922 3754 2995 3822 C.
3030 3753 3240 3820 Cassii

657 3853 940 3938 Longini
997 3854 1280 3921 consulis
1345 3857 1595 3921 suffecti
1664 3855 1951 3920 eiusdem
2015 3859 2190 3921 anni.
2248 3894 2328 3903 —
2388 3855 2637 3922 Severa
2702 3859 2842 3921 eius
2898 3856 3243 3943 disciplina

667 3955 814 4021 Tae.
862 3977 921 4020 a.
968 3961 1027 4034 6,
1072 3962 1169 4023 15.

531 4057 659 4122 430
703 4067 769 4123 L.
817 4067 1118 4124 CASSIVS
1166 4067 1563 4143 LONGINVS‚
1612 4058 1836 4125 consul
1883 4058 2306 4142 (ordinarius)
2354 4084 2410 4126 a.
2456 4060 2540 4126 30
2582 4083 2643 4146 p.
2691 4059 2763 4126 C.
2809 4083 2956 4126 cum
3001 4062 3091 4127 M.
3129 4062 3243 4127 Vi-

659 4162 849 4226 nicio.
893 4198 980 4208 —
1035 4162 1123 4229 In
1161 4161 1524 4228 consulatu:
1580 4163 1658 4227 L.
1706 4162 1971 4230 Cassius
2018 4162 2353 4247 Longinus
2397 4162 2471 4227 X
2505 4168 2673 4229 1233
2716 4164 2904 4248 (fasti
2948 4163 3239 4245 Nolani),

658 4264 737 4328 L.
783 4263 1051 4331 Cassius
1095 4265 1478 4350 Long[inus]
1529 4264 1632 4330 VI
1662 4270 1892 4343 29681,
1938 4265 2016 4333 L.
2066 4265 2330 4331 Cassius
2373 4267 2537 4348 fasti
2578 4266 2918 4332 Arvalium
2962 4265 3112 4333 CIL
3155 4267 3237 4332 1²

656 4389 729 4450 p.
763 4371 861 4445 71,
910 4365 1289 4446 Cassiodor„
1339 4373 1608 4432 ceterum
1639 4368 2013 4451 plerumque
2057 4369 2395 4453 Longinus
2438 4369 2619 4450 fasti.

788 4469 996 4535 Filius
1027 4471 1130 4554 (ex
1160 4471 1578 4554 praenomine
1620 4471 1831 4535 maior
1871 4474 1945 4535 ut
1983 4470 2253 4555 videtu&
2282 4471 2358 4538 L.
2394 4469 2600 4536 Cassii
2636 4471 2916 4554 Longini
2962 4471 3244 4537 consulis

662 4571 910 4637 suffecti
944 4596 1001 4637 a.
1039 4575 1112 4638 11
1153 4595 1214 4659 Ρ.
1247 4572 1343 4655 C.,
1377 4572 1581 4637 frater
1612 4573 1687 4639 C.
1720 4573 1928 4639 Cassii
1959 4573 2242 4657 Longini
2274 4572 2559 4639 consulis
2589 4574 2843 4637 suffecti
2874 4596 2931 4641 a.
2962 4575 3047 4640 30
3081 4597 3141 4660 Ρ.
3167 4574 3241 4640 C.

661 4673 905 4742 Consul
935 4698 994 4740 a.
1025 4676 1110 4742 30
1139 4677 1317 4759 fasti,
1362 4675 1719 4741 consularis
1743 4676 1999 4742 Sueton.
2037 4675 2243 4761 Galiy.
2275 4681 2408 4756 24,·
2451 4677 2727 4743 Seianus
2756 4678 2815 4740 ei
2845 4686 3072 4742 auctor
3100 4677 3240 4761 fuit,

663 4787 735 4842 ut
766 4788 993 4845 contra
1014 4779 1310 4844 Drusum
1336 4779 1710 4845 Germanici
1739 4779 1945 4845 filium
1980 4791 2205 4864 ageret
2225 4778 2359 4846 Dio
2386 4784 2487 4857 58,
2510 4784 2571 4845 3.
2617 4779 2810 4845 Anno
2833 4781 2917 4846 33
2937 4779 3245 4845 Tiberius

662 4882 721 4944 ei
766 4880 1125 4947 Drusillam
1169 4881 1363 4947 filiam
1399 4883 1772 4949 Germanici
1819 4885 1885 4947 in
1929 4883 2413 4947 matrimonium
2452 4881 2666 4967 dedit3
2713 4882 2977 4950 Cassius
3006 4881 3243 4967 plebeii

662 4983 904 5048 Romae
933 4985 1209 5069 generis,
1257 5006 1486 5050 verum
1530 4985 1784 5070 antiqui
1828 4984 2259 5073 honoratique
2301 4995 2368 5050 et
2407 5007 2641 5051 severa
2668 4987 2872 5073 patris
2902 4982 3246 5070 disciplina

664 5084 976 5152 educatus
1007 5086 1321 5153 facilitate
1350 5089 1608 5174 saepius
1640 5108 1835 5173 quam
1864 5087 2188 5153 industria
2216 5089 2788 5154 commendabatur
2813 5089 2960 5153 Tae.
2987 5110 3048 5153 a.
3069 5092 3126 5164 6,
3144 5090 3244 5153 15.

667 5187 857 5254 Anno
904 5191 989 5256 36
1032 5212 1183 5255 cum
1230 5188 1438 5255 tribus
1482 5188 1627 5254 aliis
1671 5192 2049 5276 progeneris
2093 5189 2338 5255 Tiberii
2386 5189 2673 5255 delectus
2712 5199 2810 5255 est
2850 5187 3246 5255 aestimando
