3859 5992
657 579 1024 645 CLAVDIVS
1944 572 2073 645 390
2990 588 3383 651 cLAvnrvs

781 796 1008 870 aetate,
1055 786 1371 851 bonarum
1413 787 1649 851 artium
1693 787 1961 873 cupiens
2005 796 2163 868 erat,
2213 785 2325 851 sed
2372 787 2711 852 imminuta
2737 809 2918 853 mens
2949 789 3091 853 eius
3120 789 3383 855 obstitit

789 890 936 955 Tac.
967 910 1031 955 a.
1059 894 1119 966 6,
1147 893 1248 953 46.
1308 888 1438 969 Qui
1470 899 1685 953 tamen
1715 890 1997 953 moriens
2028 911 2178 954 eum
2207 889 2272 952 in
2304 889 2512 954 tertiis
2544 888 2893 955 heredibus
2922 903 3375 977 nuncupatum

777 993 992 1078 legato
1023 992 1195 1057 haud
1226 991 1536 1056 mediocri
1566 1002 1950 1078 prosecutus
1982 993 2249 1078 insuper
2281 992 2676 1058 exercitibus
2707 1002 2771 1058 et
2799 996 3052 1060 senatui
3096 994 3374 1081 populo·

779 1116 906 1181 que
963 1096 1255 1160 Romano
1321 1096 1495 1160 inter
1559 1104 1805 1160 ceteras
1871 1094 2382 1160 necessitudines
2449 1097 2827 1162 nominatim
2888 1099 3377 1164 commendavit

775 1196 1029 1262 Sueton.
1069 1194 1176 1261 Ol.
1213 1201 1269 1261 6.

906 1299 1111 1365 Gaius
1155 1300 1498 1384 imperium
1541 1298 1818 1385 adeptus
1866 1319 2015 1363 eum
2060 1308 2421 1364 senatorem
2464 1299 2621 1364 fecit
2664 1310 2728 1365 et
2771 1299 3086 1385 collegam
3126 1302 3251 1368 sibi
3298 1304 3369 1368 in

780 1400 1120 1467 consulatu
1166 1402 1514 1487 assumpsit
1551 1400 1807 1468 Sueton.
1850 1399 2057 1484 Caliy.
2094 1405 2191 1479 15,
2226 1399 2326 1467 Cl.
2362 1407 2403 1466 7
2413 1422 2433 1479 ,·
2478 1402 2701 1468 consul
2748 1404 3054 1469 suffectus
3100 1427 3184 1469 ex
3225 1405 3365 1470 kal.

777 1504 960 1571 Iuliis
1004 1527 1064 1571 a.
1106 1504 1190 1570 37
1236 1525 1356 1590 per
1398 1503 1562 1569 duos
1603 1525 1858 1569 menses
1901 1525 2051 1568 cum
2095 1503 2171 1570 C.
2216 1503 2498 1570 Caesare
2542 1506 2721 1587 fasti.
2810 1507 2891 1572 In
2943 1508 3087 1593 ipso
3132 1531 3365 1575 consu-

775 1608 929 1692 latu,
977 1607 1153 1693 quod
1181 1607 1458 1672 Neronis
1490 1617 1557 1672 et
1583 1606 1785 1672 Drusi
1817 1605 2091 1672 fratrum
2122 1606 2424 1673 Caesaris
2454 1618 2702 1673 statuas
2746 1611 3010 1693 segnius
3057 1609 3363 1677 locandas

779 1710 1242 1797 ponendasque
1302 1721 1622 1794 curasset,
1691 1718 1914 1796 paene'
1968 1709 2213 1775 honore
2271 1721 2628 1777 summotus
2684 1722 2782 1776 est
2838 1712 3093 1781 Sueton.
3146 1713 3248 1783 ΟΖ.
3300 1721 3361 1781 9.

773 1814 967 1880 Anno
1010 1814 1097 1881 39
1139 1834 1287 1878 cum
1331 1812 1586 1878 detecta
1629 1812 1746 1895 (M.
1780 1811 2074 1896 Aemilii)
2116 1813 2348 1899 Lepidi
2393 1814 2502 1898 (cf.
2546 1834 2747 1898 supra
2777 1813 2843 1878 A
2874 1820 3027 1896 249)
3072 1828 3137 1882 et
3176 1816 3361 1899 (Cor-

777 1916 930 1982 nelii
955 1915 1251 1999 Lentuli)
1283 1914 1610 1982 Gaetulici
1642 1917 2108 2000 coniuratione,
2155 1913 2470 1982 Claudius
2514 1918 2684 1983 inter
2726 1916 2972 2002 legatos
3015 1918 3100 1984 ad
3142 1934 3362 2002 gratu-

773 2019 1039 2087 landum
1068 2021 1138 2084 in
1169 2018 1591 2086 Germaniam
1619 2019 1856 2083 missus
1888 2029 2074 2103 esset,
2107 2019 2314 2087 Gaius
2345 2018 2718 2103 indignatus
2763 2030 3069 2106 patruum
3105 2025 3356 2108 potissi·

772 2145 950 2188 mum
993 2121 1076 2187 ad
1107 2144 1177 2187 se
1204 2123 1475 2186 missum
1511 2143 1651 2186 esse
1680 2143 1826 2186 eum
1857 2143 2066 2207 paene
2094 2121 2420 2186 interfecit
2447 2121 2701 2188 Sueton.
2737 2120 2843 2189 Ol.
2869 2127 2931 2200 9,
2961 2123 3095 2190 Dio
3119 2129 3221 2202 59,
3250 2131 3355 2192 23.

773 2226 993 2313 Atque
1054 2248 1138 2290 ex
1197 2246 1273 2291 eo
1335 2246 1670 2311 nunquam
1726 2246 1856 2289 non
1908 2225 1978 2288 in
2024 2235 2253 2290 senatu
2298 2226 2690 2290 novissimus
2734 2225 3171 2292 consularium
3215 2250 3353 2293 scn-

777 2330 1044 2396 tentiam
1089 2328 1258 2393 dixit
1317 2327 1710 2411 ignominiae
1755 2349 1955 2392 causa
1999 2338 2146 2414 post
2188 2329 2394 2392 omnis
2441 2330 2877 2413 interrogatus
2921 2328 3182 2395 Sueton.
3226 2329 3267 2394 l.
3314 2330 3353 2395 l.

773 2431 1056 2499 Omnino
1101 2431 1228 2499 Gai
1271 2429 1460 2496 aulae
1517 2428 1801 2495 ludibrio
1859 2440 2001 2496 erat
2044 2430 2300 2497 Sueton.
2342 2429 2555 2514 Caliy.
2599 2435 2705 2509 23,
2752 2429 2853 2498 Ol.
2904 2436 2965 2496 8.
3014 2437 3075 2509 9,
3120 2432 3355 2498 Seneca

775 2534 1015 2618 apocol.
1050 2537 1131 2600 15
1145 2554 1167 2615 ,·
1209 2556 1251 2599 a
1279 2531 1548 2599 Polluce
1585 2554 1773 2597 servo
1804 2532 1980 2619 apud
2012 2531 2254 2599 Gaium
2285 2543 2628 2599 accusatus
2657 2532 2903 2618 Ioseph.
2929 2539 3060 2599 ant.
3086 2540 3186 2613 19,
3209 2541 3266 2613 1,
3288 2541 3353 2603 2.

774 2638 978 2706 Gaius
1037 2658 1185 2705 cum
1243 2636 1493 2723 Iupiter
1553 2635 1831 2701 Latiaris
1886 2635 2147 2701 adorari
2206 2647 2472 2723 coeptus
2525 2646 2713 2718 esset,
2776 2638 2945 2702 inter
2995 2638 3355 2703 sacerdotes

775 2740 1059 2805 numinis
1089 2740 1189 2804 sui
1221 2749 1287 2803 et
1318 2737 1670 2805 Claudium
1702 2739 1999 2822 instituit,
2048 2738 2158 2825 qui
2190 2748 2451 2804 coactus
2481 2760 2600 2826 pro
2638 2740 2909 2805 introitu
2952 2741 3107 2804 novi
3150 2762 3356 2805 sacer·

772 2842 932 2908 dotii
965 2841 1327 2907 sestertium
1361 2843 1644 2925 octogies
1676 2841 2054 2928 impendere
2082 2842 2165 2907 ad
2198 2864 2481 2907 summas
2512 2844 2605 2907 rei
2643 2841 2980 2908 familiaris
3025 2846 3355 2928 angustias

774 2944 1020 3010 decidit
1062 2944 1320 3012 Sueton.
1362 2943 1460 3009 Ol.
1494 2947 1535 3009 9
1579 2944 1664 3025 cf.
1706 2941 1911 3028 Galia.
1943 2949 2056 3020 22,
2104 2942 2236 3009 Dio
2277 2949 2379 3021 59,
2418 2948 2523 3011 28.

904 3049 1258 3133 Postquam
1290 3047 1497 3115 Gaius
1524 3045 1588 3111 d.
1618 3047 1704 3112 24
1746 3048 1988 3110 mensis
2032 3047 2321 3112 Ianuarii
2367 3070 2426 3111 a.
2459 3049 2536 3114 41
2588 3048 2841 3112 occisus
2885 3058 2999 3132 est,
3047 3046 3355 3113 Claudius

775 3172 923 3215 cum
965 3152 1034 3215 in
1077 3148 1391 3236 palatium
1437 3171 1506 3213 se
1550 3146 1937 3232 abdidisset,
2000 3170 2036 3213 e
2093 3148 2359 3214 latebris
2416 3170 2459 3214 a
2512 3148 2834 3215 militibus
2891 3149 3245 3237 productus
3289 3161 3353 3217 et

776 3254 1128 3339 imperator
1172 3251 1491 3318 salutatus
1535 3253 1602 3317 in
1647 3262 1861 3317 castra
1916 3254 2243 3338 praetoria
2298 3251 2553 3318 delatus
2612 3263 2743 3336 est3
2804 3275 2953 3319 cum
3001 3254 3071 3318 in
3133 3264 3357 3319 senatu

774 3378 893 3443 per
947 3355 1219 3421 biduum
1278 3354 1361 3420 de
1418 3354 1716 3420 libertate
1776 3354 2175 3420 restituenda
2232 3354 2477 3421 frustra
2532 3366 2749 3421 actum
2795 3366 2991 3439 esset,
3040 3354 3359 3423 Claudius

775 3469 1032 3546 postero
1079 3459 1186 3524 die
1229 3468 1375 3545 post
1420 3457 1546 3525 Gai
1591 3479 1816 3523 necem
1860 3457 2096 3523 milites
2142 3461 2209 3524 in
2255 3480 2485 3523 nomen
2534 3481 2721 3524 suum
2764 3461 2978 3524 iurare
3020 3481 3249 3546 passus
3293 3470 3355 3524 et

780 3562 931 3628 dein
988 3563 1073 3628 ab
1131 3561 1427 3627 omnibus
1486 3563 1836 3648 imperator
1880 3563 2141 3645 agnitus
2188 3571 2286 3626 est
2326 3560 2580 3627 Sueton.
2620 3560 2721 3627 01.
2759 3567 2839 3627 10
2881 3562 2964 3644 cf.
3006 3560 3212 3646 Galiy.
3256 3566 3354 3638 60,

778 3665 910 3731 Dio
952 3670 1053 3743 60,
1092 3671 1130 3729 1
1176 3664 1501 3744 (Zonaras
1543 3670 1642 3741 11,
1688 3667 1776 3749 8),
1824 3663 1980 3729 Vict.
2022 3663 2202 3731 Caes,
2232 3668 2292 3748 3,
2339 3663 2588 3747 Ioseph.
2635 3669 2768 3730 ant.
2813 3669 2913 3743 19,
2955 3669 2998 3729 3
3022 3684 3174 3748 sqq„
3221 3663 3357 3730 bell.

777 3774 843 3846 2,
888 3773 987 3835 11.
1075 3768 1173 3834 Ti.
1221 3765 1533 3833 Claudius
1579 3766 1824 3833 Caesar
1868 3766 2206 3850 Augustus
2253 3768 2679 3834 Germanicus
2728 3768 2979 3851 passim
3038 3769 3110 3832 in
3160 3766 3360 3832 titulis

777 3872 1167 3954 mmisque
1196 3871 1279 3952 cf.
1311 3869 1553 3935 Eckhel
1591 3869 1772 3954 le.
1796 3874 1926 3936 235
1956 3890 2104 3952 sqq„
2149 3869 2362 3935 Cohen
2391 3870 2474 3935 1⁹
2495 3892 2566 3954 p.
2588 3874 2720 3937 250
2748 3890 2914 3954 sqq.,·
2948 3872 3360 3957 praenomine

781 3975 1183 4061 imperatoris
1227 3971 1541 4038 abstinuit
1584 3973 1842 4039 Sueton.
1884 3972 1987 4041 Cl.
2021 3978 2128 4038 12.
2204 3971 2451 4039 Consul
2493 3973 2563 4038 H
2603 3996 2661 4038 a.
2700 3975 2803 4057 42,
2844 3973 2948 4038 ΙΠ
2989 3996 3047 4041 a.
3079 3974 3182 4056 43,
3227 3973 3359 4038 ΠΗ

783 4102 841 4144 a.
886 4077 988 4160 47,
1035 4077 1098 4141 V
1138 4098 1198 4140 a.
1244 4077 1319 4141 51
1371 4077 1548 4158 fasti.
1636 4075 1938 4141 Mortuus
2001 4086 2100 4140 est
2159 4076 2402 4141 Romae
2463 4075 2570 4141 die
2629 4077 2709 4142 13
2768 4077 3004 4141 mensis
3061 4073 3360 4140 Octobris

784 4181 937 4246 anni
983 4181 1084 4257 54,
1146 4189 1218 4244 ut
1261 4177 1457 4264 vulgo
1516 4177 1889 4266 putabatur,
1938 4201 2190 4245 veneno
2252 4181 2520 4263 occisus,
2583 4179 2722 4244 sive
2778 4177 2991 4245 boleto
3049 4177 3359 4243 medicato

780 4292 1045 4370 accepto
1105 4284 1243 4348 sive
1300 4305 1551 4349 veneno
1611 4284 1843 4349 hausto
1912 4284 2059 4350 Tac.
2108 4306 2169 4352 α.
2226 4288 2332 4361 12,
2378 4287 2624 4361 66-69,
2672 4282 2930 4350 Sueten.
2984 4281 3086 4348 Ol.
3132 4286 3357 4366 44-45,

788 4387 945 4452 Ner.
975 4390 1077 4463 33,
1109 4384 1244 4452 Dio
1271 4391 1370 4464 60,
1399 4390 1481 4453 34
1513 4387 1836 4470 (Zonaras
1864 4393 1964 4466 11,
1996 4391 2123 4473 11),
2157 4385 2340 4456 Ptin.
2368 4408 2431 4453 n.
2463 4386 2522 4455 h.
2554 4392 2620 4465 2,
2652 4391 2772 4466 92;
2797 4391 2896 4464 11,
2926 4389 3085 4464 189;
3113 4389 3224 4464 22,
3255 4390 3359 4463 42,

785 4489 1088 4558 Martial.
1110 4494 1170 4570 1,
1195 4495 1301 4567 20,
1325 4495 1384 4568 4,
1419 4490 1705 4556 Juvenal.
1732 4494 1793 4568 5,
1817 4495 1941 4555 147
1946 4511 1967 4569 ;
1996 4495 2055 4566 6,
2082 4495 2207 4556 621
2239 4510 2381 4555 cum
2407 4489 2617 4568 schol„
2652 4488 2898 4574 Ioseph.
2931 4493 3064 4556 ant.
3086 4494 3193 4567 20,
3218 4491 3278 4567 8,
3303 4494 3359 4554 1.

916 4593 1201 4680 Sponsas
1259 4592 1608 4658 admodum
1669 4591 2053 4658 adulescens
2112 4592 2274 4658 duas
2334 4590 2594 4658 habuit:
2656 4590 3001 4657 Aemiliam
3051 4591 3362 4678 Lepidam

786 4698 1067 4781 Augusti
1113 4707 1510 4783 proneptem,
1563 4718 1760 4783 quam
1790 4697 2112 4781 virginem
2158 4694 2371 4761 adhuc
2415 4694 2802 4781 repudiavit,
2850 4693 3025 4780 quod
3067 4704 3359 4780 parentes

788 4802 925 4867 eius
955 4799 1216 4885 (scilicet
1245 4800 1320 4864 L.
1352 4798 1667 4864 Aemilius
1695 4798 1975 4864 Paullus
2017 4819 2139 4864 cos,
2173 4820 2232 4863 a.
2268 4803 2309 4863 1
2336 4820 2408 4882 p.
2439 4795 2506 4866 0.
2553 4801 2614 4862 et
2642 4796 2821 4861 Iulia
2861 4798 3064 4879 neptis
3091 4796 3365 4882 Atqu-sti

788 4906 872 4987 cf.
924 4902 990 4966 A
1039 4902 1190 4983 295)
1250 4901 1624 4985 Augustum
1684 4902 2123 4986 offenderant,
2193 4911 2259 4966 et
2314 4901 2569 4966 Liviam
2626 4897 3081 4983 Medullinam,
3140 4901 3246 4965 cui
3303 4910 3365 4966 et

792 5026 1147 5092 cognomen
1193 5003 1508 5070 Camillae
1553 5016 1707 5089 erat,
1770 5028 1967 5091 quam
2012 5006 2150 5091 ipso
2196 5005 2320 5088 die,
2369 5006 2479 5090 qui
2528 5012 2667 5068 erat
2707 5003 2952 5088 nuptiis
2995 5002 3362 5087 destinatus,

789 5134 875 5177 ex
913 5108 1291 5175 valetudine
1337 5108 1553 5173 amisit
1596 5106 1704 5192 (cf.
1753 5109 1846 5174 tit.
1891 5107 2307 5191 sepulcralem
2350 5107 2482 5171 eius
2520 5105 2594 5171 X
2617 5105 2799 5190 6561)
2832 5105 3086 5171 Sueton.
3128 5104 3230 5171 Ol.
3259 5109 3361 5173 26.

792 5214 1049 5283 onres
1094 5212 1332 5279 deinde
1360 5212 1552 5277 duxit
1585 5213 1865 5299 primam
1895 5210 2221 5279 Plautiam
2250 5208 2726 5294 Vrgulanillam
2772 5207 3145 5296 triumphali
3185 5218 3365 5297 patre
