3859 5992
549 526 923 583 cARRmAs
1843 516 1969 584 307
2799 525 3256 587 GASGELLIVS

549 725 674 790 377
723 732 1095 789 CARRINAS
1143 732 1408 807 CELER,
1458 734 1717 797 senator
1758 733 2103 789 accusante
2133 744 2321 788 servo
2351 723 2705 793 maiestatis
2737 723 2903 788 inter
2941 744 3086 788 reos
3128 745 3259 789 non

676 836 978 912 receptus
1021 836 1119 890 est
1164 826 1312 891 Tac.
1345 847 1406 894 a.
1435 830 1534 904 13,
1567 831 1671 892 10.

553 929 682 995 378
727 927 1034 994 Carrinas
1097 928 1468 1012 Secundus,
1534 928 1752 993 rhetor
1807 951 1848 993 a
1906 930 2106 1012 Gaio,
2171 930 2328 1014 quia
2386 936 2613 993 contra
2677 936 2987 1013 tyrannos
3052 924 3262 991 decla-

680 1040 991 1114 maverat‚
1040 1032 1107 1094 in
1153 1030 1420 1096 exilium
1461 1031 1687 1117 pulsus
1717 1028 1850 1096 Dio
1879 1036 1984 1109 59,
2014 1036 2134 1109 20,
2126 1050 2139 1065 ·
2183 1067 2263 1076 -
2306 1067 2388 1077 -
2432 1031 2670 1096 ‘exitus
2715 1029 3002 1097 Secundi
3028 1027 3260 1101 Carri-

680 1136 885 1217 natis·
931 1143 995 1198 et
1023 1133 1244 1198 hunc
1226 1155 1483 1219 inopem
1516 1133 1770 1199 vidistis
1798 1133 2097 1199 Athenae
2140 1132 2234 1197 nil
2275 1143 2536 1219 praeter
2578 1131 2826 1216 gelidas
2871 1153 3068 1197 ausae
3111 1153 3259 1196 con-

678 1238 850 1303 ferre
881 1239 1147 1304 cicutas’
1183 1237 1469 1303 Juvenal.
1499 1242 1622 1302 sat.
1653 1242 1712 1315 7,
1743 1242 1870 1303 204
1896 1256 2048 1321 sqq„
2083 1237 2223 1306 See.
2254 1236 2565 1302 Carrinas
2595 1236 2905 1319 (traditur
2934 1237 3261 1319 Socrates)

680 1361 930 1405 veneno
977 1341 1185 1425 periit,
1235 1362 1384 1404 cum
1428 1339 1688 1424 fugeret
1730 1349 2178 1426 paupertatem
2217 1338 2409 1407 schol.
2455 1338 2586 1406 ibd.

551 1450 677 1516 379
722 1450 1031 1517 Carrinas
1078 1450 1448 1533 Secundus,
1508 1472 1746 1535 graeca
1789 1450 2086 1516 doctrina
2129 1473 2242 1515 ore
2286 1460 2474 1514 tenus
2519 1451 2877 1530 exercitus,
2921 1473 2961 1515 a
3003 1449 3263 1516 Nerone

678 1575 737 1621 a.
784 1555 868 1623 64
929 1575 1078 1618 cum
1122 1554 1363 1619 Acrato
1424 1555 1489 1617 in
1534 1553 1760 1618 Asiam
1819 1562 1884 1618 et
1924 1551 2243 1617 Achaiam
2300 1554 2533 1618 missus
2577 1551 2662 1617 ad
2706 1553 3076 1639 provincias
3121 1574 3263 1640 spo·

681 1655 931 1722 liandas
985 1656 1133 1722 Tac.
1175 1678 1235 1721 a.
1267 1660 1366 1734 15,
1397 1660 1497 1721 45.
1571 1655 1790 1720 Filius
1827 1655 2076 1720 videtur
2119 1655 2255 1720 eius
2304 1656 2414 1738 qui
2443 1654 2792 1738 praecedit.
2878 1654 2980 1738 Of.
3023 1677 3088 1722 n.
3117 1660 3261 1720 376.

554 1768 682 1833 380
729 1776 1122 1832 CARSIDIVS
1170 1775 1575 1851 SACERDOS,
1636 1789 1695 1834 a.
1738 1768 1821 1832 23
1865 1788 2015 1831 reus
2061 1776 2391 1852 tamquam
2442 1766 2763 1831 frumento
2806 1766 3057 1832 hostem
3100 1765 3262 1830 Tac-

681 1870 1022 1935 farinatem
1068 1872 1361 1952 iuvisset,
1410 1868 1743 1935 absolutus
1791 1878 1888 1934 est
1940 1869 2088 1935 Tae.
2121 1891 2180 1937 a.
2219 1873 2280 1947 4,
2313 1874 2429 1948 13,-
2473 1867 2852 1953 [Cars]idius
2898 1866 3262 1952 Sa[cerdos]

682 1972 874 2057 [urb.]
923 1973 1237 2060 (praetor)
1282 1995 1339 2037 a.
1387 1974 1467 2037 27
1515 1972 1678 2054 fasti
1711 1971 2052 2036 Arvalium
2108 1969 2263 2037 GIL
2291 1971 2373 2036 1²
2411 1992 2479 2054 p.
2515 1977 2629 2050 71‚·
2669 1972 3029 2058 praetorius
3074 1991 3132 2038 a.
3180 1969 3261 2035 37

681 2086 754 2140 ut
795 2077 1091 2140 minister
1136 2086 1508 2162 stuprorum
1540 2073 1908 2140 Albucillae
1950 2077 2016 2138 in
2063 2073 2341 2139 insulam
2384 2074 2760 2160 deportatus
2796 2074 2944 2142 Tac.
2976 2094 3037 2139 a.
3073 2078 3130 2150 6,
3161 2075 3265 2138 48.

553 2188 672 2252 381
724 2186 1055 2271 Curtilius,
1102 2189 1243 2252 iure
1273 2185 1624 2270 consultus,
1658 2189 1764 2251 cui
1799 2185 2112 2251 Proculus
2143 2207 2447 2250 assensus
2480 2195 2579 2251 est
2603 2185 2990 2270 Pomponius
3017 2181 3264 2268 Diyest.

678 2294 785 2367 28,
817 2293 877 2368 5,
913 2295 1011 2368 70,
1058 2291 1296 2355 citatur
1341 2291 1423 2354 ab
1469 2289 1751 2372 Vupiano
1795 2288 1924 2356 ibd.
1957 2292 2055 2365 13,
2089 2293 2148 2366 6,
2176 2292 2237 2366 5,
2268 2293 2367 2353 13.

551 2401 678 2467 382
722 2399 1222 2484 Cartimandua,
1279 2403 1505 2485 regina
1563 2402 1982 2484 Brigantum,
2047 2422 2215 2464 uxor
2258 2400 2560 2482 Venutii,
2618 2423 2745 2487 quo
2791 2408 3008 2487 spreto
3055 2397 3268 2464 Vello-

680 2514 895 2570 catum
951 2505 1343 2586 armigerum
1402 2504 1540 2569 eius
1600 2504 1667 2567 in
1730 2504 2212 2568 matrimonium
2282 2523 2684 2589 regnumque
2743 2503 3031 2588 accepit3
3092 2499 3268 2566 unde

684 2605 925 2671 bellum
970 2607 1348 2671 intestinum
1395 2616 1608 2671 ortum
1654 2615 1751 2671 est
1800 2606 1948 2671 Tae.
1996 2627 2059 2670 a.
2105 2610 2209 2683 12,
2253 2609 2353 2670 36.
2394 2610 2492 2683 40,
2537 2605 2598 2670 h.
2638 2610 2699 2683 3,
2742 2608 2841 2670 45.

551 2727 681 2791 383
728 2725 1054 2791 Carvilius
1112 2726 1335 2790 Pictor
1394 2724 1748 2808 (Carbilius
1810 2725 2137 2808 traditur),
2200 2726 2384 2790 cuius
2446 2735 2545 2789 est
2586 2724 2753 2790 liber
2795 2726 2862 2789 in
2904 2723 3270 2808 Vergilium

607 2897 612 2901 ,
685 2831 966 2915 scriptus
1012 2827 1196 2893 titulo
1245 2827 1707 2893 Aeneomastix
1745 2827 1999 2892 Donati
2037 2829 2146 2892 vit.
2194 2827 2459 2911 Veryi'lii
2485 2849 2561 2911 p.
2587 2831 2665 2893 65
2709 2827 2968 2895 Sueton.
3011 2826 3127 2894 rel.
3171 2825 3266 2893 ed.

685 2930 1185 3010 Reifferscheid3
1228 2930 1759 3015 Vergiliomastix
1803 2931 2043 2995 citatur
2087 2930 2262 2998 Serv.
2311 2930 2399 2995 ad
2440 2930 2549 2995 ecl.
2594 2936 2660 3008 2,
2697 2935 2805 2997 23.

559 3052 685 3117 384
731 3051 959 3135 Carus,
1018 3053 1211 3137 poeta
1252 3060 1319 3116 et
1361 3053 1609 3116 amicus
1654 3050 1914 3133 Ovidii,
1977 3049 2061 3115 ad
2107 3072 2296 3137 quem
2344 3051 2600 3136 scripsit
2641 3049 2902 3117 Ovidius
2945 3071 3022 3115 ex
3065 3047 3270 3115 Ponto

684 3159 744 3231 4,
790 3158 905 3231 13,·
961 3155 1268 3238 magister
1322 3154 1607 3219 filiorum
1653 3154 2025 3222 Germanici
2079 3152 2208 3218 ibd.
2254 3173 2311 3219 v.
2352 3158 2437 3219 46
2449 3173 2471 3231 ;
2527 3152 2608 3218 de
2665 3151 2953 3218 Hercule
3012 3174 3270 3218 carmen

685 3257 1021 3342 pepigerat
1063 3255 1191 3323 ibd.
1220 3277 1275 3324 v.
1309 3261 1390 3323 11
1429 3262 1489 3322 et
1532 3278 1607 3322 ar:
1643 3256 1849 3322 Ponto
1874 3262 1936 3333 4,
1969 3260 2067 3333 16,
2106 3248 2161 3319 7.
2237 3255 2351 3320 Λᾶ
2376 3255 2638 3320 emidem
2664 3256 2992 3339 scripsisse
3024 3254 3273 3319 videtur

692 3358 954 3424 Ovidius
997 3360 1187 3425 Trist.
1217 3364 1277 3437 3,
1307 3360 1348 3426 5
1393 3360 1474 3442 cf.
1521 3381 1578 3424 v.
1606 3363 1689 3425 16
1717 3380 1807 3442 sq.
1853 3363 1913 3423 et
1957 3379 2033 3424 ea:
2076 3357 2283 3423 Ponto
2318 3363 2377 3435 4,
2410 3362 2509 3435 13,
2542 3363 2603 3423 9.

559 3479 684 3542 385
731 3478 974 3562 Came,
1036 3488 1228 3565 poeta
1285 3488 1495 3545 aetate
1551 3479 1910 3544 Domitiani
1970 3498 2177 3562 agone
2220 3475 2476 3542 Albano
2537 3485 2883 3542 coronatus
2931 3475 3273 3559 Martialis

687 3587 747 3658 9,
794 3586 900 3649 23.
946 3586 1052 3659 24,
1099 3584 1213 3667 qui
1272 3581 1355 3647 ad
1413 3604 1560 3647 eum
1623 3582 1881 3668 scripsit
1924 3589 1989 3645 et
2032 3581 2228 3663 epiyr.
2273 3584 2333 3657 9,
2375 3585 2459 3646 54
2472 3599 2493 3658 ;
2542 3579 2707 3645 idem
2762 3577 3008 3643 videtur
3065 3579 3272 3646 Carus

690 3686 887 3767 (pars
930 3683 1249 3750 codicum:
1290 3684 1570 3771 Carpus)
1613 3685 1884 3749 maritus
1930 3680 2277 3748 Norbanae
2323 3681 2407 3747 id.
2450 3686 2506 3761 7,
2541 3686 2639 3760 74,
2676 3686 2733 3746 7.

563 3805 689 3870 386
734 3803 963 3887 Carus,
1011 3805 1122 3891 qui
1177 3802 1357 3868 febre
1399 3806 1597 3890 periit
1641 3803 1946 3868 Martial.
1991 3807 2091 3879 10,
2141 3807 2226 3866 77
2237 3822 2259 3881 ;
2315 3801 2593 3867 medicus
2649 3801 2849 3883 fuisse
2894 3799 3142 3870 videtur
3186 3799 3269 3881 cf.

690 3928 851 3991 quae
895 3907 1222 3973 adnotavit
1264 3907 1720 3973 Fnedzander.

580 4047 666 4056 -
733 4009 1322 4083 AemiliusQCarus.

581 4146 668 4158 -·-
727 4123 794 4178 L.
840 4121 1202 4176 AEMILIVS
1249 4119 1509 4176 CARVS.

583 4251 669 4260 —
735 4224 887 4281 IMP.
936 4223 1231 4279 CAESAR
1273 4223 1355 4279 M.
1399 4222 1777 4279 AVRELIVS
1826 4221 2066 4276 CARVS
2110 4220 2281 4275 AVG.

582 4353 667 4363 —
732 4318 936 4384 Iulius
979 4318 1206 4386 Carus·
1254 4384 1259 4390 ,

594 4454 670 4466 -—
734 4430 806 4485 D.
851 4431 1103 4487 IVNIVS
1147 4430 1404 4487 CARVS.

583 4561 669 4569 —
732 4524 1001 4590 Mettius
1046 4524 1278 4591 Carus.

583 4664 667 4673 -
736 4638 797 4693 C.
843 4636 1180 4692 POPILIVS
1228 4634 1467 4691 CARVS
1513 4634 1730 4690 PEDO.
1805 4688 1814 4695 .

583 4767 668 4776 -
736 4739 1008 4795 SALVIV
1012 4739 1048 4794 S
1096 4738 1354 4794 CARVS.

584 4870 669 4880 —
732 4843 800 4898 L.
848 4841 1159 4898 SALVIVS
1208 4841 1469 4897 CARVS.

582 4973 671 4984 --
736 4945 910 5003 SEI'V
914 4946 948 5000 S
997 4944 1255 5003 CARVS.

563 5039 687 5106 387
739 5047 1214 5104 CASCELLIVS.
1311 5036 1561 5103 Titulus
1617 5037 1678 5099 ei
1718 5036 1971 5118 positus
2030 5039 2121 5099 est
2163 5033 2585 5098 Marruviuus
2628 5030 2749 5096 IX
2785 5034 2947 5096 3666
3005 5032 3088 5097 ab
3143 5052 3277 5097 una

686 5148 882 5227 parte
923 5141 1107 5208 hodie
1149 5140 1429 5207 mutibus.
2752 5200 2865 5291 2οὲ
