3859 5992
670 540 1039 596 CLAVDIVS
1960 531 2088 596 362
3005 538 3365 593 CLAVDIVS

929 738 1221 802 Primum
1279 758 1319 799 a
1375 745 1558 822 patre
1616 734 1718 801 Ti.
1773 734 2087 801 Claudius
2148 735 2574 802 Germanicus
2634 734 2883 817 dictus,
2945 734 3181 799 deinde
3236 744 3374 819 post

797 841 1203 905 Britanniam
1251 838 1606 903 subiectam
1638 839 1724 918 (a.
1756 839 1866 920 43)
1899 848 2161 903 senatus
2199 837 2489 903 consulto
2520 839 2935 904 Britannicus
2973 847 3372 923 nuncupatus

801 955 917 1025 est,
950 946 1104 1008 ὥστε
1131 944 1228 1007 καὶ
1260 950 1478 1028 κυρίως
1511 940 1726 1027 τρόπον
1757 941 1882 1007 τινὰ
1916 938 2305 1028 Βρεττανικὸν
2336 942 2516 1006 αὐτὸν
2545 942 2951 1027 ὀνομασθῆναι
2980 938 3113 1005 Dio
3139 944 3237 1016 60,
3266 944 3372 1014 22,

801 1046 1059 1112 Sueton.
1106 1043 1330 1110 Claud.
1376 1050 1483 1111 27.
1571 1043 1630 1108 A
1677 1042 1928 1108 Sosibio
1986 1042 2298 1108 educatus
2351 1043 2500 1109 Tae.
2547 1065 2607 1108 a.
2653 1049 2748 1120 11,
2795 1049 2854 1108 1.
2898 1049 2958 1119 4,
3005 1044 3119 1128 qui
3162 1051 3376 1129 postea

800 1149 1166 1234 Agrippina
1221 1146 1527 1211 moliente
1584 1156 1835 1211 amotus
1895 1160 1962 1209 et
2020 1145 2397 1210 interfectus
2456 1156 2554 1210 est
2609 1143 2742 1210 Dio
2786 1149 2886 1222 60,
2931 1148 3039 1210 32.
3125 1144 3374 1209 Nerone

800 1249 1104 1336 adoptato
1143 1249 1467 1314 desolatus
1497 1247 1813 1335 paulatim
1843 1250 2039 1312 etiam
2075 1247 2423 1312 servilibus
2453 1248 2825 1312 ministeriis
2868 1248 3019 1313 Tac.
3050 1270 3111 1312 a.
3148 1253 3245 1325 12,
3274 1253 3374 1314 26.

801 1350 964 1417 Cum
1034 1374 1091 1416 a.
1156 1355 1225 1417 51
1305 1352 1570 1416 fratrem
1637 1350 2015 1436 adoptatum
2082 1351 2446 1415 Domitium
2513 1348 2955 1434 salutavisset,
3022 1352 3379 1436 Agrippina

801 1476 1086 1518 noverca
1145 1476 1291 1518 eum
1349 1454 1759 1539 adoptionem
1805 1452 2086 1517 Neronis
2146 1475 2450 1540 spernere
2509 1451 2683 1538 apud
2730 1450 3076 1517 Claudium
3125 1453 3377 1516 insimu-

800 1557 977 1638 lavit,
1027 1558 1140 1642 qui
1187 1555 1565 1620 criminibus
1612 1554 1784 1619 illius
1840 1566 2196 1621 commotus
2251 1557 2563 1641 optimum
2609 1576 2932 1641 quemque
2977 1555 3380 1620 educatorem

799 1659 1162 1724 Britannici
1194 1657 1391 1723 exilio
1438 1667 1551 1721 aut
1591 1666 1797 1721 morte
1841 1658 2058 1722 affecit
2101 1658 2416 1743 datosque
2459 1679 2500 1720 a
2543 1677 2829 1722 noverca
2871 1656 3202 1722 custodiae
3246 1658 3376 1721 eius

800 1762 1110 1847 imposuit
1151 1760 1281 1825 ibd.
1319 1765 1424 1836 12,
1455 1765 1554 1837 41,
1602 1760 1861 1826 Sueten.
1910 1760 2089 1826 Nero
2136 1766 2192 1838 7,
2234 1759 2367 1825 Dio
2411 1764 2510 1838 60,
2540 1764 2648 1825 32.
2740 1759 2876 1825 Sub
2923 1761 3171 1824 exitum
3214 1760 3381 1822 vitae

802 1862 1117 1930 Claudius
1149 1865 1336 1946 signa
1358 1862 1679 1949 quaedam
1711 1884 1831 1926 nec
1861 1861 2138 1927 obscura
2168 1864 2599 1949 paenitentiae
2622 1861 2705 1926 de
2734 1861 3010 1927 Neronis
3041 1861 3381 1947 adoptione

801 1966 982 2033 dedit
1025 1975 1091 2029 et
1134 1965 1408 2030 subinde
1454 1966 1721 2030 obvium
1766 1965 1889 2029 sibi
1932 1966 2384 2030 Britannicum
2428 1967 2629 2030 artius
2674 1963 3049 2050 complexus
3097 1964 3380 2029 hortatus

801 2080 916 2151 est,
964 2078 1039 2133 ut
1081 2080 1403 2133 cresceret
1446 2070 1892 2153 rationemque
1934 2089 1976 2131 a
2012 2091 2081 2132 se
2112 2069 2398 2132 omnium
2429 2068 2747 2132 factorum
2776 2069 3101 2152 acciperet
3130 2067 3379 2133 Sueten.

802 2170 1028 2237 Claud.
1060 2176 1165 2236 43.
1258 2170 1363 2235 Ab
1407 2170 1776 2255 Agrippina
1819 2191 1902 2234 ne
1947 2168 2246 2235 cubiculo
2292 2173 2497 2257 patris
2546 2168 2965 2253 egrederetur
3005 2169 3380 2255 prohibitus,

800 2274 957 2339 dum
1003 2272 1109 2337 ille
1154 2274 1434 2337 animam
1480 2270 1729 2336 efflaret
1781 2272 1927 2337 Tae.
1979 2294 2038 2338 a.
2086 2278 2192 2350 12,
2240 2277 2341 2338 68.
2428 2271 2594 2338 Cum
2639 2273 3193 2358 appropinquaret
3232 2272 3383 2352 dies,

801 2399 929 2463 quo
976 2388 1282 2461 quartum
1329 2374 1650 2440 decimum
1696 2375 1924 2439 aetatis
1964 2397 2206 2440 annum
2235 2376 2650 2440 Britannicus
2691 2373 3014 2459 explebat,
3062 2374 3235 2439 Nero
3264 2373 3381 2438 sub

800 2481 1053 2545 initium
1087 2501 1146 2548 a.
1179 2481 1261 2543 55
1293 2499 1492 2564 opera
1520 2477 1847 2541 Lucustae
1876 2477 2204 2541 veneficae
2242 2499 2388 2542 eum
2427 2476 2794 2564 epulantem
2826 2498 3080 2540 veneno
3112 2499 3148 2540 e
3177 2477 3384 2541 medio

805 2581 1067 2647 sustulit
1108 2601 1474 2667 corpusque
1518 2581 1752 2666 raptim
1797 2581 1866 2644 in
1925 2601 2151 2665 campo
2196 2579 2433 2643 Martio
2493 2579 2792 2664 sepelivit
2839 2578 2968 2644 ibd.
3015 2584 3113 2657 13,
3159 2585 3385 2656 15-17,

805 2684 1064 2750 Sueton.
1113 2683 1288 2748 Nero
1334 2687 1435 2759 33,
1482 2680 1615 2746 Dio
1660 2687 1759 2757 61,
1806 2688 1865 2747 1.
1913 2687 1970 2757 7,
2018 2682 2264 2764 Ioseph.
2311 2687 2443 2748 ant.
2492 2687 2598 2758 20,
2644 2684 2705 2759 8,
2752 2686 2817 2758 2,
2880 2680 3022 2746 bell.
3065 2687 3133 2758 2,
3180 2688 3283 2759 12,
3325 2686 3387 2759 8,

801 2787 1077 2870 Eutrop.
1111 2790 1169 2862 7,
1202 2790 1308 2851 12.
1344 2790 1443 2861 14,
1487 2783 1676 2849 schol.
1712 2783 1800 2848 ad
1833 2784 2121 2849 Juvenal.
2158 2790 2278 2851 sat.
2310 2791 2370 2862 1,
2405 2790 2516 2862 71;
2558 2789 2616 2861 6,
2650 2789 2777 2849 117
2786 2804 2807 2862 ‚·
2846 2787 2908 2861 8,
2940 2788 3089 2861 218,
3134 2784 3385 2849 Aelian.

809 2889 884 2955 cle
924 2894 1059 2954 nat.
1108 2887 1372 2955 animal.
1412 2892 1473 2964 5,
1519 2892 1626 2953 29.
1715 2886 1904 2952 Titus
1949 2887 2333 2972 Vespasiani
2396 2886 2569 2952 filius
2614 2888 2726 2973 qui
2772 2885 3271 2952 familiarissime
3314 2910 3387 2951 eo

807 3016 961 3057 usus
1006 3003 1162 3073 erat,
1211 3001 1434 3076 postea
1484 3001 1762 3055 statuam
1803 2993 1861 3055 ei
1907 3012 2174 3055 auream
2219 2992 2285 3053 in
2332 2990 2582 3054 Palatio
2628 2992 2847 3076 posuit
2890 3000 2955 3054 et
2997 2988 3265 3054 alteram
3308 3012 3389 3053 ex

809 3094 1003 3159 ebore
1049 3104 1429 3181 equestrem,
1479 3115 1646 3178 quae
1691 3092 1984 3158 Circensi
2028 3114 2268 3179 pompa
2320 3091 2829 3179 praeferebatur,
2876 3091 3208 3158 dedicavit
3249 3114 3389 3178 pro·

804 3208 1194 3282 secutusque
1239 3207 1336 3261 est
1367 3195 1624 3262 Sueton.
1666 3195 1789 3262 Tit.
1821 3200 1886 3263 2.

931 3299 1332 3364 Memoratur
1383 3298 1531 3363 Tac.
1578 3319 1639 3362 a.
1685 3303 1783 3374 11,
1827 3302 1931 3364 26.
1978 3303 2061 3363 34
2075 3318 2095 3376 ‚·
2136 3303 2242 3375 12,
2280 3303 2347 3364 2.
2381 3304 2440 3364 9.
2474 3303 2570 3364 65.
2602 3302 2703 3366 68.
2735 3303 2853 3376 69;
2896 3303 2995 3375 13,
3028 3303 3126 3363 10.
3157 3303 3257 3363 14.
3286 3302 3384 3364 19.

803 3407 925 3480 21,·
966 3407 1065 3477 14,
1095 3405 1156 3477 3,
1201 3400 1462 3467 Sueton.
1499 3400 1675 3465 Nero
1705 3405 1764 3478 6,
1810 3400 2166 3466 Herodian.
2200 3407 2259 3477 4,
2289 3408 2349 3479 5,
2381 3406 2439 3468 6.

675 3506 798 3570 667
845 3513 937 3570 TI.
1001 3502 1432 3587 GL(AVD1VS)
1493 3511 2034 3566 CALLIPPIANVS
2100 3512 2478 3585 ITALICVS,
2543 3505 2797 3577 ὕπατος,
2865 3505 3227 3590 πρεσβευτὴς
3292 3505 3387 3567 καὶ

804 3609 1253 3693 ἀντιστράτηγος
1307 3611 1427 3670 τῶν
1485 3605 1838 3691 Σεβαστῶν,
1900 3608 2172 3692 λογιστὴς
2229 3608 2328 3671 καὶ
2386 3608 2814 3693 ἐπανορθωτὴς
2872 3613 2990 3670 τῶν
3049 3606 3384 3692 ἐλευθέρων

806 3709 1042 3775 πόλεων
1080 3707 1334 3790 publice
1376 3706 1723 3771 honoratus
1768 3712 1809 3775 t.
1855 3706 2075 3772 Attico
2123 3706 2277 3773 GIA
2321 3707 2451 3772 III
2487 3711 2626 3773 631.

933 3812 1088 3875 Fuit
1129 3808 1354 3874 consul
1397 3807 1720 3893 (suffectus
1751 3831 1919 3875 anno
1949 3810 2233 3888 incerto),
2277 3809 2528 3893 legatus
2560 3812 3003 3895 Augustorum
3050 3834 3167 3897 pro
3212 3833 3385 3897 prae-

807 3925 945 3979 tore
1005 3914 1240 3977 missus
1297 3911 1381 3977 ad
1440 3912 1896 3995 corrigendum
1959 3922 2196 3978 statum
2253 3915 2611 3979 civitatium
2677 3914 3028 3980 liberarum
3084 3913 3384 3978 Achaiae.

807 4015 919 4079 Ad
949 4020 1218 4080 aetatem
1250 4014 1470 4081 Severi
1496 4020 1556 4079 et
1582 4015 1902 4080 Antonini
1928 4015 2173 4080 rettulit
2200 4014 2648 4100 Dittenberyer
2675 4017 2939 4099 Ephem.
2973 4039 3067 4100 ep.
3091 4023 3130 4083 1
3147 4039 3221 4100 p.
3244 4020 3385 4084 248.

683 4120 807 4184 668
855 4127 998 4182 ΤΙΒ.
1033 4116 1457 4200 CL(AVDIVS)
1492 4126 1891 4183 CANDIDVS.
1972 4118 2225 4183 Titulus
2265 4119 2399 4183 eius
2435 4119 2933 4184 Tarraconensis
2972 4120 3065 4185 II
3079 4125 3271 4185 4114.
3308 4156 3383 4164 —

813 4221 1098 4286 Nomina
1127 4219 1330 4303 plena
1374 4218 1619 4284 exhibet
1664 4220 1903 4297 titulus,
1951 4220 2284 4286 Candidus
2332 4221 2506 4305 apud
2545 4220 2842 4286 Dionem.

939 4322 1315 4387 Praefectus
1360 4321 1640 4387 cohortis
1693 4322 2015 4388 secundae
2059 4324 2299 4388 civium
2343 4325 2812 4408 Romanorum,
2874 4324 3173 4390 tribunus
3229 4324 3389 4388 mili·

810 4438 948 4493 tum
1008 4426 1278 4508 legionis
1331 4426 1400 4490 H
1458 4425 1827 4510 Augustae,
1888 4430 2297 4512 praepositus
2351 4429 2686 4515 copiarum
2747 4427 3176 4515 expeditionis
3233 4429 3386 4496 Ger-

807 4530 1100 4594 manicae
1157 4527 1480 4593 secundae
1538 4526 1801 4608 (scilicet
1862 4528 1961 4595 M.
2007 4529 2269 4594 Awrelii
2317 4535 2377 4594 et
2420 4528 2745 4596 Commodi
2787 4531 3087 4596 adversus
3131 4531 3389 4596 Marco·
3486 4621 3491 4626 .

807 4651 1030 4714 manos
1088 4652 1149 4694 a.
1196 4633 1363 4716 178),
1424 4641 1806 4716 procurator
1847 4631 1987 4695 XX
2029 4630 2485 4698 hereditatium
2544 4655 2661 4719 per
2705 4632 2954 4698 Gallias
2999 4633 3386 4717 Lugdunen-

813 4755 948 4799 sem
994 4743 1059 4797 et
1100 4731 1433 4816 Belgicam
1481 4743 1547 4797 et
1589 4744 1936 4820 utramque
1981 4735 2419 4819 Germaniam,
2467 4735 2735 4801 allectus
2780 4738 2949 4801 inter
2992 4736 3392 4814 tribunicios,

811 4838 962 4901 item
1010 4838 1367 4920 praetorios
1386 4885 1401 4915 ,
1463 4846 1723 4902 curator
1767 4837 2050 4902 civitatis
2095 4837 2563 4922 Teanensium,
2623 4838 2877 4923 legatus
2935 4861 3054 4925 pro
3108 4861 3207 4925 pr.
3252 4861 3390 4925 pro-

810 4938 1068 5003 vinciae
1109 4937 1337 5024 Asiae,
1395 4937 1632 5023 logista
1677 4940 1959 5005 civitatis
2005 4939 2565 5026 splendidissimae
2609 4941 3196 5026 Nicomedensium,
3243 4944 3389 5006 item

814 5039 1278 5127 Ephesiorum3
1351 5041 1490 5107 dux
1557 5043 1883 5107 exercitus
1948 5041 2195 5128 Illyrici
2264 5044 2680 5130 expeditione
2735 5041 2984 5109 Asiana
3054 5047 3152 5111 tit.
3218 5042 3386 5131 apud

812 5144 1123 5209 Nicaeam
1166 5166 1224 5212 a.
1274 5145 1396 5208 194
1439 5146 1600 5210 vicit
1641 5145 2075 5209 Pescennium
2116 5146 2393 5229 Nigrum
2436 5145 2572 5211 Dio
2615 5151 2714 5225 74,
2760 5151 2827 5225 6,
2887 5148 3039 5211 item
3092 5147 3392 5212 Parthica
