3859 5992
570 552 941 614 cLAvmvs
1860 549 1991 631 393
2909 561 3281 621 cmvnrvs

688 776 758 838 p.
789 760 872 821 60
913 776 977 822 n.
1012 760 1094 820 44
1138 760 1199 820 et
1240 757 1675 843 Pompeianus
1719 779 1848 823 eos.
1887 781 1947 823 a.
1981 759 2124 842 209,
2171 760 2350 824 cuius
2385 780 2611 826 nomnen
2643 760 3032 843 yentilicimn
3077 760 3284 827 adhue

691 858 1050 940 ignoratur.

567 959 691 1026 767
739 970 1108 1027 CLAVDrVS
1155 971 1665 1046 POMPEIANVS‚
1729 962 1955 1028 consul
2000 985 2169 1028 anno
2217 965 2333 1029 231
2387 987 2534 1029 cum
2578 964 2656 1031 T.
2700 965 2930 1031 Flavio
2976 964 3278 1034 Sallustio

567 1125 574 1133 .
694 1064 1138 1149 PaelignianO.
1193 1067 1277 1131 In
1307 1066 1673 1132 consulatu:
1703 1065 2020 1133 Claudius
2052 1067 2486 1153 Pompeianus
2532 1067 2635 1133 VI
2651 1072 2839 1137 2108.
2878 1069 3069 1136 XIV
3083 1075 3280 1149 2267,

693 1171 961 1232 ceterum
1008 1169 1441 1255 Pompeianus
1485 1170 1664 1252 fasti.
1754 1168 1973 1234 Filius
2012 1168 2263 1235 videtur
2306 1171 2441 1235 eius
2483 1171 2595 1253 qui
2621 1172 2978 1254 praecedit.

567 1267 691 1334 768
738 1279 832 1336 TI.
880 1281 1249 1336 CLAVDIVS
1294 1281 1808 1358 POMPEIANVS,
1863 1271 2091 1338 consul
2135 1273 2205 1338 H
2248 1295 2416 1338 anno
2466 1273 2590 1339 173
2648 1295 2793 1338 cum
2840 1274 2961 1341 Cn.
3002 1276 3279 1342 Claudio

691 1372 935 1438 Severo
979 1375 1066 1442 II.
1165 1375 1397 1440 Tituli:
1440 1376 1501 1440 ei
1530 1377 1785 1459 positus
1826 1380 1920 1442 est
1963 1380 2006 1442 t.
2059 1375 2482 1441 Troe-emensis·
2526 1376 2659 1441 ΙΙΙ
2688 1381 2852 1442 6176
2893 1378 3002 1464 (1),
3055 1400 3279 1445 memo-

690 1482 982 1541 moratur
1022 1479 1094 1542 in
1137 1477 1290 1561 dipl.
1334 1477 1468 1544 mil.
1512 1478 1646 1544 III
1674 1482 1757 1544 46
1799 1476 1916 1563 (2).

819 1578 902 1645 In
942 1579 1273 1646 consulatu
1314 1581 1551 1646 altero:
1606 1582 1707 1646 Ti.
1755 1580 2071 1648 Claudius
2117 1582 2549 1667 Pompeianus
2593 1582 2714 1647 IX
2749 1587 2938 1662 4970,
2981 1584 3129 1654 Tib.
3177 1584 3277 1651 Cl.

689 1682 1170 1769 P[ompeianus]
1217 1683 1404 1749 VIII
1437 1684 1507 1751 S.
1554 1687 1775 1762 18068,
1824 1689 2097 1749 ceterum
2140 1684 2576 1771 Pompeianus
2619 1685 2798 1767 lasti.
2843 1723 2933 1735 —
2980 1686 3129 1755 Tib.
3176 1687 3275 1756 Cl.

688 1786 1124 1872 Pompeianus
1156 1790 1197 1851 t.
1229 1791 1287 1863 1,
1335 1785 1650 1852 Claudius
1681 1786 2118 1872 Pompeianus
2160 1791 2203 1854 t.
2232 1791 2300 1853 2.
2367 1786 2568 1870 Apud
2592 1789 2933 1871 scriptores
2961 1788 3278 1857 Claudius

690 1888 1129 1974 Pompeianus
1172 1891 1301 1955 sive
1346 1890 1801 1977 Pompeianae.
1847 1928 1925 1938 —
1974 1887 2388 1955 Clarissimus
2431 1892 2537 1955 vir
2581 1895 2625 1956 t.
2661 1896 2721 1956 1.

816 1991 1073 2078 Equitis
1133 1993 1407 2058 Romani
1467 1990 1638 2057 filius
1657 2043 1672 2074 ‚
1736 2013 1977 2076 genere
2031 1991 2456 2058 Antiochensi
2516 2014 2638 2057 nee
2693 1994 2850 2059 satis
2907 1993 3110 2060 nobili
3165 1997 3276 2062 vit.

687 2094 912 2159 Marci
935 2100 1046 2173 20,
1078 2100 1136 2162 6.
1196 2093 1429 2162 Consul
1458 2096 1511 2161 I
1526 2093 1829 2174 suffectus
1858 2116 2028 2161 amno
2066 2096 2307 2161 incerto
2338 2101 2486 2160 ante
2514 2117 2576 2161 a.
2606 2101 2729 2161 167
2740 2116 2762 2174 ;
2804 2097 2972 2163 male
2996 2104 3133 2163 vita
3160 2098 3202 2167 l.
3235 2098 3276 2164 l.

567 2230 570 2233 ·
692 2207 911 2283 ‘quem
931 2208 1156 2284 postea
1171 2198 1597 2282 (scilicetpost
1617 2197 1909 2263 Lucillae
1928 2197 2216 2281 madias)
2232 2196 2334 2263 bis
2356 2197 2689 2264 consulem
2710 2199 2912 2267 feeit'.
2942 2200 3136 2268 Anno
3156 2202 3275 2267 167

687 2297 941 2383 legatus
972 2300 1173 2382 (Aug.
1205 2323 1319 2387 pro
1350 2302 1477 2388 pr.)
1508 2301 1887 2366 Pannoniae
1928 2300 2253 2365 inferioris
2299 2305 2341 2366 t.
2382 2306 2450 2367 2.
2532 2301 2725 2367 Anno
2773 2302 2899 2368 169
2941 2315 3090 2391 post
3116 2305 3275 2370 Veri

688 2402 934 2469 obitum
958 2403 1221 2469 Marcus
1244 2404 1331 2469 ad
1360 2403 1604 2470 bellum
1628 2405 2180 2469 Marcomanicum
2211 2403 2630 2489 proficiscens
2648 2405 2932 2471 Anniam
2954 2408 3275 2474 Lucillam

685 2505 885 2571 filiam
948 2529 1076 2571 non
1124 2506 1395 2573 decurso
1456 2506 1669 2572 luctus
1723 2518 2016 2592 tempore
2058 2508 2114 2571 ei
2161 2528 2429 2571 uxorem
2478 2506 2657 2572 dedit
2696 2509 2805 2574 vit.
2853 2508 3080 2576 Marci
3120 2512 3161 2578 l.
3212 2514 3273 2591 l.,

686 2609 1040 2675 Herodian.
1086 2614 1145 2687 1,
1178 2615 1236 2687 6,
1272 2615 1348 2688 4,·
1391 2616 1449 2688 1,
1479 2613 1541 2687 8,
1570 2614 1631 2687 3,
1671 2612 1780 2675 vit.
1827 2609 2073 2674 Pertin.
2120 2614 2187 2686 2,
2224 2614 2285 2687 4,
2330 2611 2438 2675 vit.
2482 2609 2819 2676 Caracalli
2857 2616 2919 2691 3,
2962 2617 3022 2681 8.
3112 2615 3273 2682 Dux

686 2710 838 2777 belli
883 2712 1345 2777 Marcomanici
1387 2713 1496 2777 vit.
1541 2711 1785 2777 Pertin.
1832 2716 1896 2790 2,
1942 2717 2001 2789 4,
2047 2710 2183 2776 Dio
2226 2717 2324 2789 71,
2369 2717 2427 2778 3.
2528 2710 2771 2778 Consul
2816 2714 2886 2779 H
2931 2738 3099 2781 anno
3151 2721 3271 2786 173

683 2815 878 2896 fasti5
918 2816 1020 2881 bis
1062 2815 1289 2880 consul
1333 2821 1375 2880 t.
1408 2821 1467 2893 1,
1510 2817 1620 2880 vit.
1663 2815 1888 2881 Marci
1925 2820 2037 2892 20,
2083 2819 2141 2892 6,
2185 2813 2522 2880 Caracalli
2559 2819 2620 2893 3,
2656 2818 2720 2880 8.
2793 2816 2988 2882 Anno
3040 2821 3160 2885 180
3202 2824 3269 2886 in

685 2918 914 2982 castris
945 2917 1121 3004 apud
1150 2917 1605 2983 Vindobonam
1637 2916 1764 2982 fuit
1790 2917 2146 2985 Herodian.
2181 2923 2238 2994 1,
2272 2922 2331 2995 6,
2359 2922 2419 2985 4.
2465 2916 2860 2983 Commodus
2891 2923 2951 2984 ei
2979 2928 3273 3008 pepercit
3298 2994 3307 3003 ,

683 3019 819 3085 Dio
849 3025 952 3098 72,
985 3026 1046 3098 4,
1092 3043 1239 3085 cum
1285 3033 1551 3107 propter
1589 3023 1887 3086 timorem
1918 3019 2260 3085 Commodi
2291 3019 2672 3106 plerumque
2718 3022 2854 3086 ruri
2898 3036 3123 3108 ageret
3162 3048 3270 3091 ex·

683 3122 971 3187 eusando
1031 3133 1434 3188 senectutem
1499 3133 1562 3189 et
1619 3121 1916 3188 morbum
1975 3121 2316 3187 oculorum
2356 3122 2444 3188 id.
2495 3126 2591 3201 73,
2634 3127 2694 3189 3.
2783 3124 2943 3190 Post
2997 3140 3268 3194 mortem

683 3224 1018 3292 Commodi
1062 3226 1130 3290 in
1173 3237 1471 3291 senatum
1496 3227 1679 3291 venit
1718 3226 1987 3290 summis
2019 3224 2372 3290 honoribus
2401 3248 2442 3291 a
2472 3227 2813 3291 Pertinace
2841 3228 3110 3295 affectus
3136 3230 3267 3297 ibd.

681 3328 956 3393 Frustra
997 3329 1314 3394 Pertinax
1364 3351 1512 3394 eum
1569 3328 1655 3393 ad
1699 3329 2046 3414 imperium
2088 3327 2384 3393 hortatus
2439 3338 2539 3393 est
2593 3330 2703 3393 vit.
2746 3329 2924 3396 Pert.
2965 3337 3032 3410 4,
3078 3338 3160 3398 10
3204 3345 3271 3400 et

682 3430 922 3495 Didius
967 3429 1257 3496 Iulianus
1300 3454 1336 3496 e
1382 3431 1835 3498 Tarracinensi
1883 3430 1969 3495 ad
2010 3432 2469 3517 participatum
2520 3432 2773 3518 imperii
2818 3436 3117 3500 evocavit
3156 3438 3268 3501 vit.

680 3532 839 3599 Did.
882 3537 943 3610 8,
980 3537 1042 3599 3.

807 3636 958 3701 Filii
1003 3638 1142 3702 eius
1185 3648 1627 3703 memorantur
1668 3636 1802 3702 Dio
1849 3641 1954 3714 72,
1998 3640 2120 3714 20,·
2174 3658 2253 3701 ex
2309 3638 2529 3723 priore
2572 3640 2983 3704 matrimonio
3029 3640 3267 3707 tulerat

681 3739 1032 3805 Claudium
1062 3740 1528 3826 Pompeianum
1559 3740 2047 3824 (Quintianum)
2085 3738 2219 3804 Dio
2250 3745 2355 3817 72,
2385 3745 2446 3818 4,
2492 3762 2578 3805 ex
2620 3741 2876 3807 Lucilla
2917 3742 3267 3812 Claudium

679 3843 1151 3930 Pompeianum
1190 3865 1254 3912 u.
1298 3849 1434 3909 766.

807 3945 1118 4013 Perversa
1160 3946 1235 4012 de
1277 3969 1348 4012 eo
1392 3946 1755 4026 afferuntw·
1794 3949 1866 4013 iu
1909 3947 2199 4032 epistulis
2239 3949 2408 4032 fictis
2442 3950 2551 4017 vit.
2581 3946 2772 4014 Avid.
2813 3947 3029 4014 Cassii
3055 3956 3155 4030 10,
3188 3957 3265 4032 3,·

677 4053 777 4126 11,
820 4052 898 4128 8,·
948 4054 1069 4128 12,
1114 4055 1196 4128 2;
1253 4071 1599 4134 perperam
1652 4072 1693 4115 a
1750 4049 2103 4115 Commodo
2165 4052 2414 4116 occisus
2475 4050 2851 4133 perhibetur
2919 4055 3031 4119 vit.
3087 4053 3265 4120 Com-

678 4151 853 4217 modi
886 4155 944 4229 5,
983 4157 1088 4219 22.

549 4253 676 4321 769
720 4263 1090 4319 CLAVDIVS
1152 4264 1628 4320 POMPEIANVS
1690 4264 2146 4333 QVINTIANVS
2208 4254 2550 4339 (Claudius
2611 4257 3044 4343 Pompeianus
3110 4258 3260 4338 Dio,

674 4357 783 4422 vit.
836 4356 1191 4435 Commodi,
1253 4358 1646 4439 Quintianus
1691 4357 2121 4436 Herodianum,
2166 4357 2594 4441 Ammianus),
2654 4359 2830 4442 filius
2889 4365 2962 4424 ut
3016 4361 3266 4427 videtur

684 4458 778 4524 Ti.
834 4457 1105 4526 Claudii
1157 4459 1540 4545 Pompeiani
1593 4480 1714 4526 eos,
1773 4460 1867 4526 II
1909 4482 1971 4528 a.
2016 4464 2139 4525 173
2195 4482 2275 4526 eoe
2328 4461 2737 4526 matrimonio
2775 4463 3004 4545 priore
3047 4468 3257 4543 natus,

672 4561 874 4627 filiam
917 4560 1210 4627 Lucillae
1254 4561 1604 4644 (novercae)
1663 4572 1729 4628 et
1785 4563 1863 4630 L.
1910 4564 2071 4629 Veri
2117 4584 2390 4628 uxorem
2435 4563 2656 4647 duxit,
2717 4563 2832 4628 sed
2875 4565 3067 4630 simul
3111 4587 3261 4631 eum

671 4663 929 4729 Lucilla
970 4685 1107 4729 rem
1150 4664 1384 4731 habuit
1410 4665 1543 4732 Dio
1585 4670 1687 4743 72,
1723 4670 1782 4730 4.
1859 4665 2272 4752 Quamquam
2312 4664 2665 4730 Commodo
2710 4664 3064 4750 familiaris,
3113 4690 3260 4733 cum

674 4766 930 4832 Lucilla
971 4768 1039 4832 in
1085 4789 1234 4833 eum
1277 4770 1662 4852 coniuravit,
1711 4768 1824 4833 sed
1865 4770 2312 4834 coniuratione
2351 4768 2609 4833 detecta
2653 4770 2902 4835 occisus
2948 4781 3046 4835 est
3087 4792 3259 4835 anno

676 4871 798 4936 183
827 4869 961 4937 Dio
993 4870 1034 4936 l.
1067 4871 1129 4949 l.,
1158 4872 1266 4936 vit.
1296 4870 1531 4939 Comm,
1553 4877 1613 4949 4,
1638 4877 1721 4950 2,·
1747 4876 1807 4949 5,
1831 4877 1936 4948 12,
1970 4871 2211 4938 Herod.
2236 4877 2294 4949 1,
2316 4874 2379 4949 8,
2402 4876 2553 4950 4-6,
2586 4870 2908 4938 Ammian.
2932 4878 3041 4950 29,
3067 4880 3123 4950 1,
3150 4879 3253 4939 17.

545 4973 671 5039 770
713 4973 815 5038 Ti.
878 4972 1190 5039 Claudius
1250 4974 1641 5040 Priscianus.
1760 4973 1961 5038 Tituli
2023 4974 2480 5039 Mauretaniae
2530 4972 3002 5040 Caesariemis:
3072 4974 3257 5040 VIII

670 5079 837 5141 9363
880 5075 976 5160 (1)
1020 5077 1104 5159 cf.
1149 5075 1614 5142 Additamenta
1642 5098 1716 5160 p.
1747 5080 1872 5142 974
1914 5077 1975 5141 ei
2002 5077 2286 5159 positae,
2347 5077 2482 5160 ipse
2526 5078 2748 5161 posuit
2789 5081 2953 5143 9364
2995 5077 3092 5162 (2)
3104 5097 3126 5155 ;
3181 5099 3260 5142 ex

672 5183 715 5247 t.
758 5178 1087 5263 Campano
1124 5179 1306 5244 hodie
1350 5179 1671 5263 deperdito
1713 5180 1909 5244 verba
1951 5179 2262 5262 quaedam
2303 5177 2667 5260 affenmtur
2706 5180 2779 5245 X
2813 5183 2978 5245 3849
3023 5177 3135 5266 (3).
