3859 5992
569 567 868 625 ASINIVS
1873 558 1994 624 167
2987 567 3283 623 ASINIVS

700 763 827 830 illis
886 764 1062 830 horis
1122 764 1403 852 ponebat
1442 763 1687 832 Seneca
1730 764 1882 831 dial.
1931 770 1992 843 9,
2037 769 2140 844 17,
2188 769 2246 830 7.
2299 801 2387 812 -
2443 762 2713 830 Amicus
2772 763 3053 829 Herodis
3111 765 3284 849 regis

698 868 1122 952 Iudaeorum,
1184 869 1367 934 cuius
1426 867 1540 933 filii
1587 867 1965 934 Alexander
2026 879 2091 935 et
2132 866 2549 935 Aristobulus
2595 857 2840 933 Romae
2899 867 3078 952 apud
3135 889 3285 932 eum

700 970 1085 1037 habitabant
1119 970 1367 1054 Ioseph.
1400 975 1531 1037 ant.
1568 975 1659 1049 15,
1692 976 1793 1049 10,
1825 976 1882 1036 1.

831 1076 1052 1142 Gener
1093 1074 1172 1139 L.
1219 1073 1505 1157 Quintii,
1570 1075 1686 1160 qui
1729 1096 1769 1138 a
1812 1073 2167 1139 triumviris
2217 1075 2618 1160 proscriptus
2670 1082 2769 1138 est
2807 1071 3094 1157 Appian.
3143 1072 3282 1139 bell.

703 1179 813 1244 civ.
847 1182 1040 1256 4,12.
1071 1181 1179 1244 27.
1255 1175 1515 1242 Liberi:
1562 1176 1636 1243 O.
1681 1174 1954 1242 Asinius
1998 1174 2261 1258 Gallus,
2308 1176 2581 1241 Asinius
2626 1174 2992 1259 Saloninus,
3040 1177 3284 1242 Herius

699 1279 1207 1365 Asinius;1‘ilia
1251 1284 1596 1363 praeterea
1655 1280 1715 1345 ei
1753 1280 1901 1362 fuit,
1949 1300 2110 1361 quae
2149 1284 2457 1362 nupserat
2505 1278 2607 1343 M.
2648 1278 2923 1344 Claudio
2967 1279 3288 1347 Marcello

702 1382 1054 1448 Aesernino
1079 1402 1201 1447 cos‚
1234 1404 1291 1448 a.
1322 1386 1559 1449 732-
1477 1427 1559 1436 --
1586 1387 1697 1460 22,
1744 1402 2008 1464 quorwm
2043 1381 2217 1465 filius
2246 1379 2596 1445 Marcellus
2618 1378 3017 1446 Aeserninus
3050 1381 3283 1447 Pollio-

702 1486 803 1550 nis
849 1506 1047 1571 nepos
1093 1485 1332 1550 dicitur
1369 1483 1626 1552 Sueten.
1663 1483 1935 1567 Auyust.
1965 1487 2065 1561 43,
2114 1481 2356 1549 Seneca
2399 1487 2672 1550 controv.
2701 1487 2744 1547 4
2774 1484 2992 1566 praef.
3021 1488 3080 1550 3.
3110 1489 3171 1550 4.
3201 1522 3283 1531 -

704 1587 1110 1655 Memoratur
1151 1589 1222 1653 in
1267 1586 1450 1652 titulo
1495 1586 1611 1652 Gn.
1658 1585 1880 1652 Asinii
1918 1587 2163 1669 nepotis
2209 1585 2283 1651 X
2323 1589 2511 1661 1682,
2572 1586 2800 1651 incerti
2841 1586 3169 1651 cuiusdam
3211 1609 3288 1653 ex

702 1691 983 1776 posteris
1029 1689 1326 1767 VI1353‚
1371 1691 1442 1755 in
1485 1694 1528 1757 t.
1575 1709 1896 1755 servorum
1936 1688 2033 1754 vel
2076 1687 2444 1754 libertorum
2489 1686 2592 1753 VI
2613 1691 2796 1754 5019.
2834 1693 3021 1756 9901.
3050 1693 3284 1755 12523.

711 1794 982 1878 Teo-ulae
1009 1793 1200 1859 XIV
1215 1797 1400 1870 4090,
1431 1796 1564 1858 4-9
1597 1821 1678 1845 --
1706 1790 2275 1859 ΧῩ2231-2234
2320 1812 2405 1855 ex
2450 1790 2690 1874 figlinis
2721 1789 2933 1855 Asinii
2973 1791 3287 1858 Pollionis

704 1896 807 1980 (C.
852 1896 968 1963 As.
1022 1894 1164 1964 Pol.
1222 1917 1288 1961 n.
1333 1896 1534 1980 2234)
1592 1900 1810 1961 utrum
1868 1895 1957 1960 ad
2009 1915 2206 1960 unum
2263 1893 2577 1959 hominem
2620 1894 2992 1976 pertineant
3049 1916 3137 1959 an
3204 1895 3292 1960 ad

695 1999 951 2084 plures,
1008 1999 1340 2066 dubitatur
1397 2000 1480 2081 cf.
1523 1997 1786 2064 Dressel
1839 1997 1927 2064 ad
1981 2019 2044 2063 n.
2094 2001 2304 2074 2231,
2365 1998 2475 2079 Qui
2533 1996 3009 2079 antiquissimas
3066 2019 3287 2063 earum

704 2101 864 2182 (scil.
910 2125 973 2168 n.
1018 2107 1214 2171 2233.
1259 2101 1462 2185 2234)
1509 2103 1597 2167 ad
1641 2106 1954 2168 oratorem
1996 2101 2234 2183 referri
2263 2120 2454 2183 posse
2497 2100 2740 2166 statuit.

1022 2205 1230 2261 Suidas
1255 2206 1292 2260 1
1313 2223 1377 2275 Ρ.
1401 2209 1537 2263 786.·
1571 2201 1807 2267 Ἀσίνιος
1832 2208 2072 2259 Πωλίων
2091 2201 2355 2277 Ῥωμαῖος
2392 2206 2638 2274 ἱστορίας
2669 2199 2975 2276 Ῥωμαικὰς
2998 2205 3289 2264 συνέταξεν

849 2294 912 2347 ἐν
945 2297 1186 2362 βιβλίοις
1220 2288 1313 2360 ιζ’,
1360 2285 1550 2359 [οὗτος
1597 2292 1815 2362 πρῶτος
1860 2285 2182 2357 Ἑλληνικὴν
2230 2291 2482 2356 ἱστορίαν
2524 2283 2839 2356 Ῥωμαικῶς
2886 2289 3286 2360 συνέγραψεν],

849 2378 946 2433 ubi
969 2379 1149 2445 verba,
1184 2394 1323 2446 quae
1347 2378 1508 2432 uncis
1542 2376 1881 2443 inclusimus,
1916 2375 2036 2429 sine
2069 2374 2234 2429 dubio
2269 2373 2343 2428 ad
2371 2373 2542 2428 alium
2576 2373 2877 2440 spectantia
2913 2373 3181 2442 (sortasse
3215 2375 3290 2428 ad

852 2464 1172 2533 Pompeium
1207 2463 1458 2534 Troyum,
1492 2468 1555 2516 ut
1589 2463 1811 2517 coniecit
1845 2476 1953 2517 von
1978 2458 2329 2523 Gutschmid)
2362 2459 2682 2528 confusione
2705 2457 2908 2513 Suidae
2930 2458 3004 2513 ad
3025 2459 3289 2514 Asinium

851 2551 1024 2605 relata
1059 2555 1213 2604 sunt:
1248 2548 1398 2603 Idem
1431 2548 1509 2602 II
1533 2552 1572 2604 2
1608 2567 1670 2617 Ρ.
1708 2550 1852 2604 387.·
1900 2551 2138 2603 Πωλίων
2174 2544 2204 2600 ὁ
2232 2545 2475 2607 Ἀσίνιος
2517 2550 2884 2616 χρηματίσας,
2926 2542 3286 2618 Τραλλιανός,

852 2632 1124 2709 σοφιστὴς
1168 2641 1264 2691 καὶ
1309 2631 1626 2709 φιλόσοφος
1672 2630 2046 2707 σοφιστεύσας
2089 2633 2152 2687 ἐν
2183 2628 2360 2707 Ῥώμῃ
2408 2634 2508 2686 ἐπὶ
2544 2635 2858 2703 Πομπηίου
2903 2643 3003 2687 τοῦ
3035 2627 3286 2705 μεγάλου

854 2727 947 2777 καὶ
993 2721 1391 2794 διαδεξάμενος
1439 2722 1538 2791 τὴν
1586 2720 1798 2794 σχολὴν
1838 2724 2212 2794 Τιμαγένους·
2258 2720 2504 2791 ἔγραψεν
2538 2748 2606 2757 -
2645 2749 2714 2757 ——
2751 2720 3076 2785 (seqwimtur
3109 2733 3287 2785 opera,

853 2825 991 2877 quae
1022 2807 1266 2876 plna-ium
1301 2814 1582 2864 auctorum
1615 2807 1790 2877 fuisse
1823 2806 2090 2871 videntur,
2132 2805 2258 2858 dein
2292 2803 2403 2859 loco
2436 2804 2664 2872 ultimo)
2703 2809 2835 2876 περὶ
2871 2815 2971 2859 τοῦ
3007 2807 3288 2879 ἐμφυλίου

854 2893 950 2963 τὴς
992 2890 1200 2969 Ῥώμης
1243 2899 1516 2967 πολέμου,
1567 2891 1634 2950 ὃν
1677 2896 2038 2968 ἐπολέμησαν
2079 2890 2302 2964 Καῖσάρ
2347 2909 2407 2945 τε
2454 2896 2550 2945 καὶ
2603 2888 2916 2965 Πομπήιος.
2986 2891 3080 2945 Ea:
3112 2892 3289 2947 verbis

854 2982 1099 3037 extremis
1126 2987 1280 3051 patet
1314 2981 1561 3049 Simiam,
1596 2987 1659 3036 ut
1690 2982 1836 3050 salso
1868 2980 1998 3035 huic
2022 2978 2265 3035 Pollioni
2287 2978 2481 3032 aetatis
2509 2978 2704 3033 liberae
2732 2979 2811 3033 rei
2827 2976 3080 3045 publicae
3100 2976 3295 3032 tribuit

856 3065 1418 3141 ἀπομνημονεύματα
1444 3074 1796 3123 Μουσωνίου
1829 3078 1929 3122 τοῦ
1968 3062 2290 3138 φιλοσόφου
2325 3064 2525 3118 mortui
2557 3066 2668 3131 fere
2702 3063 2800 3117 sub
2837 3062 3176 3128 Domitiano,
3214 3063 3295 3117 ita

856 3171 970 3209 non
1001 3154 1184 3208 minus
1214 3170 1498 3222 perperam
1531 3154 1786 3208 tribuisse
1818 3169 1958 3220 opus
1993 3151 2307 3206 historicum
2341 3149 2534 3204 Asinii
2567 3149 2819 3204 oratoris.
2881 3147 3130 3217 Quacum
3167 3165 3291 3203 con·

857 3241 1075 3307 fusione
1109 3245 1224 3294 arte
1260 3240 1517 3305 cohaeret,
1554 3238 1698 3306 quod
1720 3238 1965 3293 Pollioni
1987 3237 2267 3292 Tralliano
2301 3252 2495 3292 nomen
2530 3234 2724 3288 Asinii
2758 3233 2988 3291 inditum
3025 3239 3132 3301 est,·
3166 3251 3295 3288 nam

858 3324 1000 3393 quod
1025 3323 1181 3379 multi
1203 3322 1551 3378 Trallianum
1572 3323 1818 3377 libertum
1840 3322 2072 3377 oratoris
2107 3323 2282 3390 fuisse
2315 3324 2634 3384 statuerunt,
2672 3318 2768 3373 νέω
2801 3335 2940 3386 opus
2974 3324 3051 3373 est
3084 3336 3293 3374 monere

856 3410 1120 3465 neminem
1159 3426 1404 3477 unquam
1451 3410 1698 3464 libertum
1736 3408 1981 3477 potuisse
2022 3409 2216 3462 habere
2254 3407 2480 3474 patroni
2514 3421 2812 3473 coynomen.
2849 3438 2915 3446 —-
2952 3404 3041 3459 De
3075 3406 3294 3474 scriptis

858 3496 1145 3562 Tralliani,
1181 3496 1278 3563 qui
1309 3497 1372 3549 in
1404 3495 1548 3550 hanc
1582 3494 1832 3564 sylloyem
1867 3511 1982 3549 non
2019 3493 2179 3558 eadit,
2215 3492 2571 3560 disputarunt
2604 3490 2680 3542 H.
2718 3490 2875 3545 Peter
2909 3490 3089 3545 Jahn-9
3123 3492 3294 3545 Jahr-

860 3583 1053 3637 bucher
1086 3581 1287 3636 CXIX
1316 3598 1375 3650 p.
1410 3584 1552 3648 422,
1598 3579 1780 3635 Flach
1821 3579 2174 3634 Rheiniscbes
2213 3578 2467 3633 Museum
2508 3576 2779 3630 XXXVI
2802 3593 2861 3645 p.
2885 3581 3019 3642 316,
3067 3577 3297 3633 Thouret

856 3668 1140 3737 Leipeiyer
1175 3666 1401 3723 Studien
1433 3667 1478 3721 Ι
1499 3685 1555 3736 Ρ.
1577 3672 1690 3723 324
1715 3682 1828 3735 sqq.

590 3758 755 3823 1026
802 3766 864 3821 C.
912 3764 1209 3820 ASINIVS
1255 3764 1547 3837 POLLIO,
1595 3752 1819 3820 consul
1863 3776 1921 3818 a.
1955 3755 2037 3818 23
2083 3773 2229 3816 cum
2275 3748 2348 3818 C.
2379 3749 2660 3815 Antistio
2687 3748 2945 3814 Vetere.
3033 3748 3297 3812 Nummi

714 3858 1032 3926 Sardiani
1084 3858 1156 3923 in
1201 3862 1397 3941 parte
1454 3805 1723 3923 adversa
1776 3856 2068 3921 exhibent
2110 3855 2373 3939 Δροῦσος
2432 3856 2530 3919 καὶ
2576 3853 2940 3937 Γερμανικὸς
2999 3854 3119 3917 νεοὶ
3164 3852 3294 3916 θεοὶ

715 3965 1095 4049 φιλάδελφοι,
1141 3962 1211 4025 in
1255 3981 1482 4025 aversa
1525 3962 1687 4047 Γαίῳ
1732 3957 1958 4045 Ἀσινίῳ
2004 3957 2304 4023 Πολλίωνι
2346 3958 2688 4041 ἀνθυπάτῳ,
2733 3955 2806 4018 in
2846 3953 3050 4018 medio
3095 3959 3294 4020 κοινοῦ

714 4063 902 4137 Ἀσίας
943 4063 1186 4130 Eclchel
1245 4063 1348 4128 VI
1367 4086 1439 4146 Ρ.
1471 4068 1633 4140 211,
1696 4063 1993 4128 Mionnet
2048 4059 2170 4126 IV
2186 4081 2261 4142 Ρ.
2292 4063 2451 4135 121,
2498 4062 2639 4124 688.
2685 4061 2808 4122 689
2868 4055 3092 4139 Suppl.
3150 4056 3293 4121 VII

711 4190 782 4252 Ρ.
811 4172 953 4245 418,
998 4171 1140 4244 465,
1186 4166 1635 4250 Waddinyton‚
1681 4167 1881 4248 fastes
1910 4187 1984 4248 Ρ.
2015 4168 2168 4230 122.

840 4272 925 4336 In
968 4269 1331 4336 consulatu:
1375 4267 1449 4334 C.
1494 4268 1764 4334 Asinius
1809 4266 2017 4333 Pollio
2064 4266 2197 4331 Dio
2239 4265 2371 4330 ind.
2413 4264 2452 4329 l.
2483 4267 2586 4341 57,
2633 4261 2810 4329 Plin.
2855 4283 2919 4326 n.
2965 4261 3024 4327 h.
3054 4266 3156 4338 33,
3185 4267 3291 4339 32,

712 4374 1013 4440 Frontin.
1046 4374 1121 4439 de
1152 4374 1335 4455 aquis
1361 4377 1492 4438 102
1523 4393 1599 4437 ex
1640 4371 2055 4446 restitutione,
2097 4418 2281 4434 .....
2304 4366 2416 4432 11ἱο
2447 4367 2609 4449 fasti
2627 4364 2854 4429 Arval.
2871 4385 2892 4442 ,·
2922 4363 2993 4430 C.
3024 4363 3294 4430 Asinius

722 4479 870 4544 Tac.
914 4499 973 4545 a.
1008 4481 1068 4554 4,
1104 4482 1163 4553 1,
1212 4474 1315 4541 VI
1344 4480 1569 4541 10051.
1613 4478 1845 4551 29681,
1892 4473 1966 4538 Χ
2002 4476 2146 4549 895,
2202 4469 2603 4548 Cassiodor.,·
2661 4467 2822 4532 alibi
2860 4466 3068 4532 Pollio
3113 4468 3292 4548 fasti.

840 4580 918 4647 C.
962 4580 1007 4644 f.
1052 4578 1185 4645 Dio
1230 4578 1360 4643 ind.
1409 4578 1448 4646 l.
1493 4581 1594 4655 57,
1640 4576 1812 4642 filius
1857 4576 1931 4642 O.
1964 4575 2176 4641 Asinii
2208 4572 2399 4656 Galli,
2448 4593 2648 4657 nepos
2694 4569 2768 4636 C.
2802 4568 3014 4634 Asinii
3059 4569 3292 4636 Pollio-

714 4686 848 4768 nis3
908 4691 1171 4770 praetor
1229 4683 1611 4767 peregrinus
1671 4703 1728 4744 a.
1772 4681 1856 4745 20
1900 4679 2063 4761 fasti
2103 4676 2368 4755 Arval.,·
2426 4672 2652 4740 consul
2712 4695 2772 4737 a.
2818 4675 2901 4737 23
2955 4693 3011 4736 v.
3061 4693 3296 4756 supra‚·

714 4785 1062 4875 proconsul
1105 4784 1306 4851 Asiae
1362 4784 1476 4849 sub
1520 4785 1904 4867 imperatore
1950 4779 2123 4847 Gaio
2164 4779 2423 4845 nummi.
2456 4814 2539 4823 —
2585 4775 2694 4842 Vel
2739 4774 2827 4839 acl
2865 4775 3029 4840 hunc
3069 4774 3167 4839 vel
3209 4774 3298 4840 ad

709 4897 966 4975 patrem
1010 4889 1293 4972 pertinet
1350 4892 1393 4951 t.
1446 4886 1607 4952 GIA
1651 4886 1785 4951 III
1813 4888 1938 4951 583
2003 4884 2180 4949 Γάιον
2242 4878 2480 4948 Ἀσινιον
2542 4881 2724 4945 Γαίου
2785 4880 2911 4944 υἱὸν
2967 4878 3291 4963 στρατηγὸν

714 4991 1234 5080 ἀποδεδειγμένον.
1312 4989 1660 5055 Praeterea
1699 4991 2082 5052 memoratus
2112 5005 2240 5050 esse
2269 4983 2519 5048 videtur
2546 4983 2616 5046 in
2651 4986 2692 5046 t.
2723 4981 2972 5045 urbano
3017 4977 3120 5044 VI
3136 4982 3296 5044 1353

714 5100 812 5163 ita
867 5095 1109 5172 mutuo,
1165 5099 1239 5159 ut
1283 5092 1715 5178 probabiliter
1769 5089 2023 5155 restitui
2075 5091 2342 5170 nequeat
2402 5135 2417 5150 .
2442 5135 2458 5151 .
2530 5083 2913 5168 .[Xvirum
2957 5081 3059 5146 stl.
3105 5082 3172 5145 iu
3186 5079 3293 5164 ¹?Jd

714 5199 1177 5289 q(uaestorem)
1224 5197 1327 5263 Ti.
1374 5195 1717 5281 an[saris]
1765 5244 1779 5259 .
1808 5243 1824 5259 .
1851 5243 1865 5258 .
1893 5243 1908 5258 .
1955 5191 2271 5277 [frat]rem
2312 5134 2545 5254 Drusi
2566 5186 2863 5253 Caesaris
2910 5233 3092 5251 .....
