3859 5992
521 582 629 638 AN
629 580 956 637 AXILAVS
1835 569 1921 636 54
2862 576 3235 635 ANIGETVS

524 782 652 846 423
696 776 1092 853 Anaxilaus,
1157 777 1573 848 Larissaeus,
1635 776 2109 861 Pythagoricus
2170 784 2235 838 et
2290 796 2519 859 magus
2578 774 2661 841 ab
2714 774 3016 861 Augusto
3079 777 3239 844 urbe

651 880 970 968 Italiaque
1011 879 1276 966 pellitur
1316 879 1681 962 Hieronym.
1723 878 1826 943 ad.
1874 900 1936 943 a.
1974 877 2059 943 A.
2091 881 2293 957 1989,·
2337 883 2561 943 auctor
2596 878 2813 944 Plinii
2852 901 2915 949 n.
2962 880 3023 950 h.
3072 903 3237 948 nom.

650 985 780 1052 ind.
814 985 855 1051 l.
892 988 992 1061 19,
1024 988 1130 1062 21,
1160 987 1412 1061 22-26,
1446 986 1686 1054 28-31,
1734 982 1972 1045 citatur
2001 985 2101 1058 19,
2133 986 2258 1060 20,·
2300 984 2406 1059 25,
2438 985 2594 1059 154;
2635 986 2742 1059 28,
2776 986 2901 1048 181
2917 1002 2939 1061 ,·
2980 988 3082 1062 30,
3121 989 3237 1062 74,’

650 1091 758 1165 32,
788 1091 929 1164 141,
975 1107 1138 1153 nom.
1184 1086 1313 1152 ibd.
1342 1089 1442 1164 35,
1474 1090 1614 1152 175.

525 1192 654 1256 424
694 1200 758 1268 Q.
781 1198 1180 1272 ANGARIVS,
1219 1210 1481 1275 praeses
1511 1187 1797 1254 Orientis
1829 1210 1887 1252 a.
1920 1187 2046 1252 258
2080 1188 2188 1254 vit.
2215 1186 2554 1252 Aurelian.
2578 1191 2678 1265 13,
2710 1193 2749 1252 1
2779 1189 2850 1252 in
2880 1190 3043 1255 actis
3071 1191 3239 1275 fictis

654 1314 730 1358 ea·
776 1291 958 1357 libris
1000 1291 1278 1357 Acholii.

526 1396 650 1461 425
694 1394 1066 1460 Ancharius
1098 1394 1361 1459 Priscus
1393 1392 1695 1459 Caesium
1726 1390 2015 1457 Cordum
2048 1391 2501 1477 proconsulem
2536 1391 2770 1458 Cretae
2814 1390 2896 1460 de
2938 1405 3235 1484 repetun-

654 1497 754 1562 dis
796 1496 1152 1583 postulavit
1196 1520 1253 1562 a.
1287 1498 1364 1562 21
1424 1497 1571 1563 Tae.
1606 1517 1666 1563 α.
1694 1499 1754 1572 3,
1784 1499 1885 1572 38,
1931 1494 2265 1559 damnavit
2306 1518 2363 1560 a.
2405 1497 2489 1560 22
2532 1496 2662 1560 ibd.
2690 1501 2752 1574 3,
2787 1503 2885 1563 70.

526 1601 652 1666 426
697 1599 1029 1665 Ancharia
1047 1600 1136 1684 (P)
1185 1599 1460 1683 Soteris,
1521 1597 1784 1679 liberta,
1842 1598 1948 1661 cui
1994 1606 2068 1662 ut
2111 1597 2432 1663 Traianus
2478 1598 2582 1662 ius
2627 1599 2986 1680 Quiritium
3029 1603 3234 1670 indul-

652 1712 832 1787 geat,
894 1701 979 1767 ab
1039 1724 1115 1767 eo
1175 1703 1340 1788 petit
1395 1701 1648 1767 Plinius
1695 1699 1782 1764 ad
1830 1700 2093 1766 Traian.
2142 1705 2250 1777 11,
2287 1705 2352 1766 2.
2451 1701 2765 1766 Traditur
2812 1705 3237 1775 ‘Panchariae

655 1804 958 1871 Soteridi’
1008 1806 1281 1888 fortasse
1320 1809 1501 1888 reete,
1551 1801 1883 1869 Ancharia
1927 1803 2185 1885 scripsit
2229 1802 2586 1869 Mommsen
2629 1805 2699 1870 in
2741 1805 2968 1872 indice.

526 1908 652 1974 427
695 1907 1205 1991 Andonoballus,
1254 1907 1495 1973 Erulus
1536 1905 1958 1971 Continuator
1999 1903 2236 1970 Dionis
2280 1903 2343 1969 V
2369 1905 2570 1973 Dind.
2605 1929 2678 1990 p.
2708 1913 2862 1977 226.
2907 1915 3064 1978 227.

527 2011 655 2076 428
701 2009 1003 2075 Andreas
1020 2057 1034 2085 ‚
1106 2010 1243 2075 dux
1309 2009 1701 2076 Iudaeorum
1767 2009 1836 2071 in
1904 2006 2270 2094 Cyrenaica
2333 2006 2788 2075 rebellantium
2852 2012 2975 2079 sub
3043 2014 3238 2082 finem

657 2114 911 2199 imperii
973 2113 1240 2178 Traiani
1298 2111 1432 2178 Dio
1475 2115 1575 2189 68,
1619 2115 1742 2188 32;
1802 2110 1969 2175 idem
2022 2110 2393 2175 nominatur
2450 2112 2755 2185 Λουκοὸας
2810 2115 3048 2187 Euseb.
3091 2118 3236 2188 hist.

654 2215 799 2281 ecel.
843 2221 903 2293 4,
949 2219 1017 2282 2.

526 2318 654 2382 429
696 2317 941 2401 Andro,
981 2317 1267 2383 musicus
1300 2325 1363 2380 et
1391 2325 1740 2401 geometra,
1789 2315 2099 2398 magister
2125 2313 2333 2378 Marci
2368 2315 2475 2382 vit.
2513 2316 2739 2382 Marci
2764 2324 2829 2396 2,
2861 2325 2929 2385 2.
2992 2322 3238 2389 Nomen

655 2421 787 2485 eius
831 2420 1029 2486 latere
1069 2419 1185 2484 sub
1225 2423 1527 2500 com-apta
1556 2417 1833 2494 lectione,
1865 2438 2027 2498 quae
2058 2416 2339 2481 traditur
2368 2417 2543 2499 apud
2578 2419 2882 2485 Marcum
2912 2425 2996 2496 εἰς
3027 2427 3237 2492 ἑαυτόν

655 2528 713 2600 1,
747 2528 787 2588 6
828 2522 1192 2594 Τανδάσιδος
1217 2542 1348 2605 pro
1382 2517 1723 2608 Ἀνδρωνος
1764 2521 1925 2584 satis
1968 2521 2202 2584 incerte
2243 2521 2508 2585 coniecit
2538 2517 2970 2591 Oasaubonds.

526 2626 653 2690 430
696 2625 1064 2691 Androclus
1111 2624 1500 2712 (Ἀνδροκλῆς
1541 2623 1847 2706 Aeliam),
1911 2645 2137 2686 servus
2196 2625 2262 2687 in
2313 2624 2484 2687 circo
2529 2647 2570 2688 a
2620 2623 2807 2690 leone
2863 2633 3235 2715 recognitus

659 2727 908 2794 Gellius
945 2733 1006 2807 5,
1050 2733 1131 2794 14
1174 2730 1288 2810 (ex
1329 2727 1601 2814 Apionis
1654 2726 1818 2792 libro
1862 2725 2419 2811 Aegyptiacorum
2463 2728 2737 2812 quinto),
2798 2728 3056 2801 Aeliam.
3102 2740 3235 2800 nat.

658 2832 849 2896 anim.
886 2836 940 2910 7,
972 2835 1056 2897 48
1099 2831 1180 2913 ef.
1231 2826 1475 2896 Seneca
1516 2829 1589 2894 de
1635 2830 1836 2911 benef.
1867 2834 1932 2906 2,
1965 2833 2065 2906 19,
2098 2833 2155 2895 1.

531 2935 654 2999 431
703 2933 1199 2999 Andromachus
1257 2934 1492 3015 maior,
1561 2953 1596 2995 e
1655 2931 1854 2997 Creta
1912 2930 2225 2995 oriundus
2282 2928 2569 2996 Galenus
2626 2932 2816 2999 XIV
2833 2957 2908 3019 p.
2952 2943 3082 3004 211
3125 2941 3235 3023 Κ.,

659 3034 982 3101 archiater
1024 3036 1302 3101 Neronis
1358 3033 1489 3099 ibd.
1536 3056 1607 3117 p.
1653 3038 1719 3099 2.
1765 3038 1900 3099 232
1945 3031 2160 3113 (armis
2207 3033 2342 3114 fere
2399 3038 2649 3100 54-60
2711 3042 2785 3101 ut
2845 3039 3097 3106 videtur
3154 3044 3238 3126 ef.

657 3139 740 3204 E.
790 3140 1033 3222 Meyer,
1089 3137 1457 3205 Gesehiehte
1503 3137 1614 3201 der
1656 3137 1943 3201 Botam'k
1987 3137 2079 3201 II
2100 3159 2169 3220 p.
2208 3140 2351 3223 41);
2402 3139 2663 3224 scripsit
2720 3139 2992 3228 Θηριακοί
3048 3147 3245 3210 versi-

658 3243 800 3325 bus,
847 3244 961 3325 qai
988 3246 1205 3307 extant
1236 3241 1410 3325 apud
1440 3240 1751 3306 Galerium
1788 3240 2015 3305 Galen.
2047 3239 2168 3304 XI
2175 3239 2238 3305 V
2241 3263 2313 3324 p.
2337 3244 2460 3320 32;
2504 3243 2742 3306 citatur
2771 3249 2831 3308 et
2857 3252 3244 3313 memoratur

656 3347 907 3429 passim
952 3345 1126 3428 apud
1163 3343 1496 3410 Galenum.

530 3448 656 3512 432
702 3447 1198 3513 Andromachus
1230 3448 1456 3523 minor,
1485 3445 1653 3509 filius
1679 3445 2121 3510 Andromachi
2145 3446 2406 3509 maioris
2432 3444 2720 3511 Galenus
2739 3447 2862 3514 XI
2866 3448 2998 3533 Vp.
3014 3457 3104 3519 42
3119 3454 3242 3534 K.,·

654 3551 915 3636 scripsit
962 3572 1154 3637 prosa
1210 3549 1497 3613 oratione
1542 3548 1811 3634 Θηριακοὶ
1860 3547 2031 3626 ibcl.,·
2089 3547 2362 3612 eiusdem
2405 3548 2695 3614 videntur
2738 3560 2871 3615 tres
2914 3551 3066 3618 libri
3108 3560 3241 3644 περὶ

654 3652 991 3726 συνθέσεως
1035 3655 1401 3741 φαρμάκωνς
1448 3653 1685 3715 citatur
1726 3650 1821 3714 vel
1863 3656 2250 3715 memoratur
2282 3652 2533 3733 passim
2580 3653 2754 3736 apud
2791 3654 3123 3722 Galerium.

549 3792 627 3804 —
697 3754 773 3820 L.
819 3754 1138 3820 Aemilius
1182 3756 1426 3819 Decius
1471 3753 1989 3820 AndromachuS.

525 3858 653 3922 433
698 3856 1137 3939 Andromeda,
1182 3857 1392 3922 Iuliae
1433 3856 1771 3940 Augustae
1814 3855 2051 3920 liberta
2094 3855 2269 3920 Plin.
2314 3876 2374 3920 n.
2422 3855 2483 3920 h.
2534 3862 2588 3933 7,
2640 3862 2734 3922 75.

516 3954 651 4025 v434
695 3959 1040 4040 *Auectu8,
1089 3963 1121 4025 ὁ
1166 3961 1300 4026 τότε
1343 3960 1671 4047 ἠγοόμενος
1712 3967 1817 4044 τῆς
1856 3958 2139 4031 Βιθυνίας
2180 3962 2278 4025 καὶ
2319 3967 2422 4024 τοῦ
2457 3958 2681 4025 Πόντου
2707 3957 2991 4035 Ἀνεκτος
3034 3965 3234 4049 (cirea

651 4083 710 4127 a.
743 4062 887 4145 170)
932 4063 1202 4128 Luciam.
1240 4063 1425 4129 Alex.
1458 4068 1559 4127 57.
1651 4062 1899 4128 Nomen
1941 4062 2077 4127 sine
2121 4062 2312 4126 dubio
2355 4068 2719 4146 corruptum
2765 4070 2890 4142 est,‘
2937 4064 3234 4141 Ἀουεῖτος

651 4166 912 4230 coniecit
938 4165 1018 4229 G.
1043 4165 1422 4246 Hirschfeld
1449 4165 2021 4248 Sitzunysbevichte
2049 4164 2226 4230 Berl.
2246 4164 2460 4229 Akad.
2480 4169 2648 4230 1888
2667 4188 2734 4248 p.
2753 4171 2877 4232 876
2905 4175 2965 4232 et
2989 4171 3234 4235 rettulit

652 4267 742 4331 ad
782 4268 859 4333 L.
906 4267 1276 4333 Lollianum
1319 4268 1578 4331 Avitum
1608 4268 1977 4351 praesidem
2019 4267 2373 4350 Bithyniae
2417 4290 2477 4332 a.
2508 4272 2647 4335 165.

521 4372 647 4436 435
693 4370 1039 4453 Anicetus,
1111 4369 1396 4454 libertuS,
1468 4372 1784 4455 pueritiae
1841 4372 2118 4435 Neronis
2181 4371 2507 4454 educator,
2577 4372 2943 4457 praefectus
3009 4375 3231 4441 classis

647 4472 1037 4539 Misenensis
1077 4497 1246 4540 anno
1279 4476 1360 4539 59
1399 4474 1547 4540 Tae.
1581 4496 1641 4540 a.
1673 4480 1772 4553 14,
1802 4479 1877 4554 3,·
1918 4476 2415 4540 instrumentum
2447 4474 2763 4540 scelerum
2793 4476 3071 4541 Neronis
3100 4478 3228 4544 iba.

645 4584 743 4657 14,
774 4582 835 4643 3.
888 4583 944 4643 7.
990 4581 1050 4645 8.
1099 4584 1203 4657 62,
1252 4579 1508 4647 Sueten.
1541 4579 1715 4644 Nero
1743 4583 1842 4656 35,
1888 4577 2024 4644 Dio
2051 4583 2151 4656 61,
2183 4582 2265 4643 13
2309 4578 2574 4659 (Zonar.
2610 4584 2707 4655 11,
2740 4583 2889 4664 12);
2932 4602 3101 4645 anno
3138 4583 3229 4647 62

650 4683 717 4746 in
762 4681 1135 4749 Sardiniam
1191 4682 1451 4770 pulsuS,
1512 4683 1627 4749 ubi
1688 4704 1818 4748 non
1876 4685 2064 4769 inops
2121 4681 2387 4746 exilium
2441 4680 2742 4747 toleravit
2786 4695 2851 4746 et
2893 4682 3027 4748 fato
3073 4683 3232 4749 obiit

654 4786 802 4854 Tae.
850 4807 910 4852 a.
957 4790 1055 4864 14,
1093 4791 1197 4853 62.

516 4889 643 4955 436
685 4889 1038 4973 AnicetuS,
1108 4889 1475 4955 Polemonis
1542 4888 1848 4972 libertus,
1922 4891 1989 4952 in
2048 4890 2259 4954 Ponto
2320 4913 2375 4953 a.
2426 4888 2509 4952 69
2573 4886 2954 4952 seditionem
3008 4899 3233 4954 contra

644 4994 1117 5081 Vespasianum
1161 4994 1398 5072 movit,
1446 5015 1579 5080 qua
1623 4991 1815 5080 paulo
1856 5004 2005 5079 post
2049 5015 2356 5078 oppressa
2404 4991 2778 5055 interfectus
2824 5001 2923 5056 est
2974 4991 3121 5059 Tae.
3167 4991 3229 5056 h.

638 5101 698 5174 3,
743 5102 978 5163 47-48.

512 5203 636 5267 437
682 5202 1014 5287 Anicetus,
1064 5201 1366 5268 librarius
1398 5202 1606 5266 Marci
1641 5201 1940 5267 Caesaris
1974 5200 2249 5264 Marcus
2279 5199 2366 5263 acl
2390 5198 2702 5263 Frontem.
2742 5202 2808 5276 2,
2843 5203 2924 5262 10
2939 5219 3012 5281 p.
3035 5201 3118 5262 34
3141 5197 3228 5262 Ν.
