3859 5992
477 531 902 588 CORNELIVS
1755 524 1881 589 445
2751 532 3173 589 CORNELIVS

599 733 776 815 fasti.
839 731 1125 814 Legatus
1173 753 1289 817 pro
1328 754 1425 818 pr.
1458 730 1591 795 divi
1619 729 1897 813 Augusti
1931 741 1996 796 et
2024 732 2124 799 Ti.
2157 730 2456 796 Caesaris
2486 729 2768 814 Augusti
2800 730 3177 816 (superioris

603 836 974 921 provinciae
1032 833 1307 921 Illyrici)
1370 839 1410 899 t.
1460 840 1530 916 1,
1592 833 1717 917 leg.
1778 856 1895 919 pro
1954 857 2052 921 pr.
2114 839 2156 901 t.
2203 839 2267 900 2.
2320 839 2380 898 3.
2432 839 2493 898 4.
2545 838 2586 899 5
2599 855 2620 913 ;
2682 856 2830 898 cum
2880 834 3176 918 Augusto

599 947 852 1002 mortuo
913 938 1302 1005 Germaniae
1365 938 1870 1023 Pannoniaeque
1946 939 2268 1002 exercitus
2338 935 2760 1017 rebellarent,
2834 936 3179 1003 Dolabella

603 1043 668 1104 in
714 1040 1040 1104 maritima
1084 1049 1267 1125 parte
1311 1039 1558 1124 Illyrici
1602 1041 1819 1104 omnia
1878 1040 1947 1103 in
2001 1061 2253 1104 summa
2295 1062 2455 1125 pace
2500 1047 2562 1102 et
2600 1041 2818 1124 quiete
2859 1042 3180 1105 continuit

603 1144 872 1209 Velleius
916 1149 980 1220 2,
1031 1147 1158 1210 125
1171 1163 1191 1221 ,·
1237 1145 1305 1207 iu
1349 1148 1391 1207 t.
1430 1149 1471 1208 4
1515 1143 1839 1208 indicatur
1884 1165 1946 1209 a.
1983 1142 2188 1220 16l17,
2234 1144 2304 1207 in
2354 1147 2393 1206 t.
2432 1146 2481 1208 2
2524 1163 2583 1206 a.
2627 1147 2829 1219 18s19‚
2879 1165 2921 1207 a
2977 1143 3177 1209 Dola-

599 1246 763 1311 bella
793 1250 1137 1329 praeterea
1182 1247 1388 1329 positi
1430 1266 1557 1310 esse
1599 1245 1888 1310 videnlur
1938 1245 2214 1310 miliarii
2253 1244 2386 1309 III
2419 1249 2613 1310 3200.
2657 1248 2848 1321 3201,
2893 1267 3175 1327 quorum,

598 1352 920 1432 posterior
965 1353 1023 1412 el
1067 1349 1200 1431 ipse
1240 1347 1482 1412 indicat
1527 1370 1584 1412 a.
1618 1348 1824 1414 18l19.
1893 1347 2196 1429 Praefuit
2229 1369 2374 1430 erqo
2408 1347 2675 1429 Illyrici
2701 1349 2893 1430 parti
2934 1349 2995 1413 ei
3019 1370 3180 1430 quae

597 1455 825 1534 postea
867 1450 1212 1516 Dalmatia
1257 1452 1596 1533 provincia
1646 1452 1793 1533 fuit,
1845 1451 1990 1516 inde
2044 1451 2124 1514 ab
2180 1472 2237 1516 a.
2276 1455 2356 1514 14
2397 1470 2592 1532 usque
2636 1449 2724 1514 ad
2765 1473 2823 1517 a.
2856 1450 3060 1517 18s19.
3098 1493 3176 1501 —

605 1555 815 1618 Annis
858 1557 943 1619 20
990 1564 1053 1618 et
1097 1557 1171 1619 21
1225 1556 1466 1618 Romae
1511 1555 1576 1617 in
1622 1564 1851 1618 senatu
1897 1554 2283 1618 sententiam
2330 1552 2497 1617 dixit
2550 1553 2694 1618 Tae.
2742 1574 2802 1620 a.
2848 1558 2908 1630 3,
2945 1559 3046 1618 47.
3081 1561 3179 1621 69.

606 1655 960 1721 Proconsul
1004 1655 1270 1721 Africae
1314 1657 1572 1734 nummi,
1619 1658 1805 1721 annis
1852 1658 1934 1722 23
1948 1657 2106 1722 -24
2147 1656 2624 1720 Tacfarinatem
2660 1655 2901 1721 devicit
2938 1657 3083 1725 Tae.
3118 1680 3177 1725 a.

601 1766 659 1835 4,
691 1763 919 1825 23-26
933 1779 953 1836 ,·
983 1781 1107 1842 per
1139 1759 1456 1824 biennium
1487 1780 1624 1823 eum
1647 1760 2046 1841 provinciam
2076 1761 2312 1823 rexisse
2340 1764 2610 1842 apparet
2638 1781 2714 1847 ex
2751 1760 2897 1824 Tae.
2925 1782 2983 1825 a.
3007 1766 3066 1838 4,
3090 1767 3182 1828 23

603 1863 832 1927 collato
879 1885 939 1927 a.
984 1868 1042 1938 3,
1097 1867 1193 1927 74.
1236 1897 1324 1910 —-·
1366 1859 1556 1925 Anno
1605 1861 1685 1926 27
1732 1883 1876 1925 cum
1919 1860 2209 1924 Domitio
2254 1860 2417 1925 Afro
2464 1860 2888 1941 Quinctilium
2934 1864 3178 1928 Varum

605 1966 1087 2052 propinquitate
1132 1986 1452 2028 conexum
1499 1966 1830 2028 accusavit
1877 1964 2002 2027 ibd.
2036 1970 2094 2039 4,
2129 1969 2224 2028 66.
2296 1961 2487 2027 Anno
2530 1965 2613 2030 47
2661 1967 2724 2028 in
2771 1977 2999 2030 senatu
3046 1976 3183 2028 sen-

606 2071 873 2132 tentiam
916 2067 1085 2131 dixit
1129 2066 1252 2133 ibd.
1304 2072 1403 2142 11,
1443 2072 1555 2133 22.
1591 2105 1666 2111 -
1703 2066 1941 2130 VIIvir
1985 2065 2193 2152 epu10‚
2241 2065 2480 2130 sodalis
2524 2066 2778 2131 Titialis
2827 2073 2869 2132 t.
2913 2074 2969 2131 1.

489 2171 648 2237 1093
692 2182 755 2235 P.
812 2179 1233 2234 CORNELIVS
1282 2178 1736 2232 DOLABELLA
1778 2169 1987 2232 neseio
2032 2169 2170 2250 quis
2212 2174 2597 2233 memoratur
2640 2171 2709 2234 iu
2754 2170 2955 2234 titulis
2998 2170 3184 2235 liber-

609 2279 814 2338 torum
858 2272 960 2338 VI
990 2276 1170 2337 5864.
1224 2275 1446 2334 10103.

481 2377 647 2441 1094
693 2385 857 2440 SER.
905 2382 1324 2439 CORNELIVS
1372 2382 1826 2436 DOLABELLA
1872 2382 2360 2437 METILIANVS.
2436 2374 2666 2438 Tituli:
2701 2381 3089 2440 memoratur
3118 2378 3186 2440 iu

607 2484 650 2543 t.
694 2477 1192 2561 Corfineensebus
1236 2475 1355 2540 IX
1395 2480 1567 2542 3152
1606 2477 1714 2560 (1).
1772 2482 1932 2541 3153
1977 2477 2103 2560 (2),·
2160 2476 2295 2558 ipse
2326 2478 2548 2558 posuit
2586 2479 2829 2542 nutrici
2867 2480 3185 2544 urbanum

617 2580 717 2644 VI
749 2586 904 2645 164.)
873 2584 948 2643 0
994 2579 1103 2662 (3).

735 2683 946 2747 Plena
1009 2683 1270 2747 uomina
1336 2681 1624 2747 exhibent
1683 2686 1725 2746 t.
1773 2687 1828 2745 1.
1879 2687 1954 2759 3,
2018 2730 2033 2745 .
2062 2731 2077 2746 .
2106 2730 2120 2745 .
2149 2681 2351 2745 .rneli
2416 2680 2799 2747 Dolabellae
2867 2683 3184 2749 Metiliani

606 2792 649 2852 t.
694 2793 761 2852 2.
796 2824 873 2831 -—
908 2783 1153 2852 Consul
1206 2790 1250 2850 t.
1296 2791 1335 2850 1
1389 2784 1692 2864 suffectus
1744 2805 1910 2849 anno
1961 2786 2200 2848 incerto
2254 2784 2498 2849 saeculi
2532 2785 2624 2849 II
2670 2787 2977 2865 ineuntis;
3034 2809 3185 2852 nam

606 2890 694 2953 M.
727 2888 968 2955 Atilius
996 2888 1261 2954 Bradua
1304 2911 1426 2953 cos».
1447 2898 1523 2952 ct
1551 2885 1662 2951 M.'
1694 2886 1945 2952 Acilius
1975 2885 2215 2951 Aviola
2259 2908 2385 2951 008.
2429 2886 2745 2952 bonorum
2789 2910 3188 2973 possessores

606 2995 745 3057 eius
792 2994 860 3057 in
905 2997 947 3059 t.
987 2998 1025 3057 1
1070 2997 1217 3057 sunt
1261 2991 1542 3057 eonsules
1587 3011 1647 3054 a.
1681 2995 1805 3054 108
1849 2989 1959 3071 (ef.
2003 2988 2069 3053 Α
2099 2987 2287 3074 1083)
2336 2995 2394 3054 et
2438 3012 2496 3056 a.
2529 2994 2664 3056 122
2707 2992 2813 3075 (ef.
2845 2992 2910 3055 A
2941 2990 3072 3073 42),
3114 2997 3187 3056 ut

605 3097 749 3161 inde
806 3097 1119 3177 sequitur,
1186 3095 1354 3177 qnod
1411 3096 1549 3160 Ser.
1613 3091 1955 3158 Cornelius
2018 3091 2356 3156 Dolabella
2407 3093 2779 3158 Metilianus
2838 3095 3186 3181 Pompeius

606 3198 953 3262 Marcellus
999 3210 1302 3283 quaestor
1346 3197 1480 3261 divi
1527 3196 1794 3261 Traiani
1839 3197 1908 3259 in
1954 3201 1995 3260 t.
2043 3202 2090 3261 2
2147 3195 2357 3276 frater
2398 3196 2493 3261 vel
2546 3196 2718 3279 filius
2759 3200 2966 3264 nostri
3006 3198 3185 3264 intel-

609 3301 901 3383 leyendus
946 3321 1074 3365 esse
1117 3301 1383 3365 violetur.

489 3406 652 3471 1095
701 3413 860 3468 SER.
890 3413 1307 3468 CORNELIVS
1332 3412 1785 3466 DOLABELLA
1810 3411 2277 3466 METILIANVS
2308 3411 2680 3466 POMPEIVS
2710 3411 3185 3470 MARCELLVS.

619 3507 822 3573 Tituli
874 3506 1324 3590 Corfinienses:
1383 3507 1444 3569 ei
1494 3506 1752 3589 publice
1797 3506 2052 3588 positus
2109 3510 2198 3569 est
2255 3504 2374 3569 IX
2419 3508 2581 3570 3154
2624 3503 2733 3588 (1),
2789 3505 2922 3587 ipse
2969 3507 3188 3588 posuit

605 3615 770 3676 3153
813 3612 906 3695 (2)
953 3609 1263 3674 mutilum.

743 3712 959 3777 Plena
999 3712 1261 3776 uomina
1307 3710 1551 3775 eoehibet
1596 3715 1637 3776 t.
1682 3714 1740 3786 1,
1790 3758 2063 3779 .......
2109 3708 2309 3773 cellus
2356 3713 2398 3774 t.
2439 3713 2503 3775 2.
2555 3747 2629 3756 -
2676 3707 2813 3774 Ser.
2860 3706 3065 3786 filine,
3112 3708 3186 3774 P.

608 3836 827 3900 ηεροδ,
876 3816 949 3880 P.
996 3836 1335 3901 pronePOS,
1383 3814 1455 3880 P.
1504 3811 1788 3897 abnepos
1836 3816 1877 3876 t.
1917 3817 1975 3876 1.

736 3917 938 3982 IIIvir
981 3938 1130 3982 aere
1175 3925 1441 4000 argento
1487 3936 1645 3980 auro
1689 3914 1902 3979 flando
1946 3913 2265 3996 feriundo‚
2316 3912 2513 3978 salius
2563 3911 2896 3977 Palatinus
2943 3917 2986 3976 t.
3028 3916 3087 3976 1.
3120 3917 3185 3988 2,

608 4032 912 4105 quaestor
949 4019 1082 4084 divi
1114 4020 1380 4084 Traiani
1420 4017 1729 4094 Parthici,
1776 4018 1949 4081 sevir
1983 4019 2274 4103 equitum
2307 4018 2744 4081 Romanorum
2786 4025 3036 4080 turmae
3066 4014 3186 4096 ΙΙΙ,

609 4132 900 4208 praetor,
961 4121 1184 4186 consul
1229 4120 1554 4201 (suffectus
1600 4141 1766 4185 anno
1816 4121 2055 4185 meerto
2101 4121 2214 4185 sub
2261 4118 2652 4200 Hadriano),
2693 4117 2927 4182 flamen
2973 4116 3188 4197 Quiri-

615 4225 811 4307 nalis3
859 4236 1170 4310 patronus
1215 4223 1716 4290 Corfiniensium
1762 4228 1804 4287 t.
1845 4230 1901 4287 1.

733 4328 977 4393 Frater
1017 4327 1112 4391 vel
1150 4327 1325 4410 filaeus
1367 4327 1614 4391 videtur
1652 4326 1793 4392 Ser.
1836 4325 2124 4391 Cornelii
2165 4324 2304 4393 Ser.
2351 4326 2400 4406 f.
2432 4323 2812 4389 Dolabellae
2861 4288 3195 4387 Metiliani

604 4455 666 4500 η.
714 4436 870 4496 1094
920 4433 1032 4512 qui
1087 4435 1474 4494 memoratur
1533 4431 1602 4494 in
1649 4434 1689 4493 t.
1735 4436 1814 4508 2,·
1874 4433 1949 4493 ut
1990 4429 2189 4510 fueret
2229 4429 2457 4509 frater,
2506 4448 2643 4491 oum
2684 4431 2895 4490 noster
2940 4426 3191 4490 dicatur

607 4535 680 4599 P.
730 4557 902 4619 nep.‚
963 4554 1090 4597 nou
1133 4538 1405 4616 possunt
1462 4553 1589 4597 esse
1647 4533 1774 4615 filu'
1832 4532 1972 4599 Ser.
2030 4531 2313 4597 Cornelei
2368 4529 2747 4595 Dolabellae
2792 4530 3189 4607 Petromam',

602 4642 675 4701 ut
701 4638 926 4701 statuit
955 4635 1305 4701 Mommsen
1337 4636 1424 4700 acl
1452 4636 1572 4700 IX
1595 4639 1779 4712 3152,
1828 4636 2057 4717 quippe
2087 4657 2263 4716 quem
2293 4634 2499 4717 filium
2527 4634 2724 4715 fuisse
2757 4631 2872 4697 Cn.
2910 4632 3195 4698 Cornelia·

604 4738 984 4805 Dolabellae
1031 4744 1088 4803 et
1132 4737 1474 4803 Petroniae
1508 4759 1715 4819 paene
1757 4742 1992 4801 certum
2034 4736 2342 4800 videatur.

484 4843 646 4907 1096
692 4850 853 4905 SER.
903 4850 1322 4905 CORNELIVS
1378 4849 1832 4904 DOLABELLA
1892 4848 2439 4921 PETRONIANVS,
2505 4836 2729 4902 consul
2790 4859 2850 4902 a.
2897 4838 2980 4902 86
3039 4861 3188 4902 eum

608 4945 982 5009 Domitiano
1043 4944 1213 5027 Aug.
1269 4944 1438 5025 XII,
1499 4967 1580 5006 ex
1644 4943 1746 5006 XI
1804 4940 1936 5006 kal.
1998 4940 2192 5005 Febr.
2252 4962 2402 5005 cum
2461 4939 2535 5007 C.
2584 4940 2771 5006 Secio
2835 4939 3186 5025 Campano.

604 5048 686 5112 In
732 5047 1095 5112 consulatu:
1138 5046 1290 5112 Sex.
1339 5046 1479 5131 (sie)
1511 5042 1853 5110 Cornelius
1899 5041 2244 5108 Dolabella
2286 5043 2718 5108 Petronianus
2749 5043 2880 5108 III
2901 5043 3052 5125 ᾱὶρῐ.
3085 5047 3181 5120 13,

604 5150 744 5214 Ser.
791 5148 1130 5215 Cornelius
1191 5146 1532 5212 Dolabella
1592 5146 1693 5210 VI
1723 5152 1870 5211 398.
1914 5152 2117 5224 2064,
2171 5145 2493 5211 Censorin.
2539 5150 2637 5222 18,
2687 5151 2767 5211 15
2780 5165 2802 5224 ,·
2844 5144 3184 5211 Cornelius
