3859 5992
578 497 919 555 ALFENVS
1561 511 1568 518 ·
1887 492 1973 557 49
2943 504 3290 565 ΔΙιΕΕΚῩΒ

580 696 743 763 3773.
770 695 1102 779 Alf(enus)
1127 696 1527 783 Apollinaris
1553 697 2032 786 (Ἀπολλιναριόυ
2058 699 2148 783 t.)‚
2186 699 2494 784 patruelis
2518 700 2595 765 T.
2620 698 2948 783 Ant(onii)
2974 699 3289 787 Ol(audii)

703 798 924 866 Alfeni
975 799 1296 883 Arignoti,
1344 824 1383 865 a
1427 801 1728 867 censibus
1772 802 2058 884 Augusti
2116 801 2240 883 (ἐπὶ
2297 807 2509 888 κῆνσον
2553 808 2657 869 τοῦ
2700 802 3033 893 Σεβαστοῦ)
3078 813 3289 868 aetate

703 900 1078 969 Caracallae
1120 902 1225 968 CI
1225 902 1287 969 G
1321 908 1490 969 3497
1531 910 1572 969 t.
1614 903 2059 988 ThyatirenuS.

602 1043 683 1052 -
748 1006 823 1072 T.
869 996 1254 1088 Ant(onius)
1303 1005 1674 1089 Cl(audius)
1720 1006 1995 1073 Alfenus
2041 1008 2419 1090 Arignotus,

580 1109 701 1174 378
744 1107 1019 1173 Alfenus
1046 1108 1278 1191 Varus,
1313 1110 1677 1195 praefectus
1710 1121 2070 1175 castrorum
2103 1110 2225 1176 sub
2257 1109 2461 1175 Fabio
2496 1109 2771 1176 Valente
2810 1110 2960 1177 Tac.
2989 1110 3052 1176 h.
3080 1116 3145 1189 2,
3176 1115 3284 1190 29,

705 1211 878 1297 apud
908 1211 1285 1276 Betriacum
1315 1224 1539 1277 contra
1571 1212 1977 1279 Othonianos
2016 1214 2339 1300 pugnavit
2366 1213 2494 1281 ibd.
2526 1218 2590 1291 2,
2622 1218 2721 1291 43,
2770 1213 2947 1279 Plut.
2992 1213 3133 1281 oth.
3166 1220 3288 1293 12,-

703 1314 1069 1402 praefectus
1129 1317 1451 1401 praetorio
1507 1317 1575 1380 in
1633 1316 1848 1382 locum
1908 1314 2175 1380 Publilii
2221 1315 2449 1381 Sabini
2501 1339 2539 1380 a
2583 1315 2843 1381 Vitellio
2903 1314 3288 1381 substitutus

705 1440 761 1484 a.
808 1418 891 1481 69
946 1418 1092 1482 Tac.
1131 1418 1191 1485 h.
1233 1424 1295 1495 3,
1325 1423 1425 1495 36,
1475 1418 1611 1484 dux
1654 1419 2159 1485 Vitellianorum
2203 1417 2330 1483 ibd.
2362 1422 2422 1495 3,
2453 1420 2552 1485 55.
2583 1422 2682 1482 61.
2764 1417 3046 1484 Vitellio
3076 1420 3287 1489 occiso

706 1522 1005 1604 ignaviae
1063 1519 1497 1607 infamiaeque
1556 1544 1711 1586 suae
1769 1522 2092 1608 superfuit
2146 1520 2278 1586 ibd.
2314 1526 2374 1598 4,
2423 1526 2521 1587 11.
2558 1558 2647 1567 —-
2697 1520 2913 1587 Potest
2953 1520 3120 1586 idem
3159 1541 3289 1587 esse

705 1624 777 1688 P.
808 1622 1083 1689 Alfenus
1116 1621 1334 1688 Varus
1366 1623 1675 1707 (centurio
1706 1624 2192 1707 praetorianus)
2225 1624 2623 1688 trecenarius
2653 1624 2824 1707 Aug.
2855 1645 2914 1687 n.
2945 1623 3017 1688 iri
3052 1623 3289 1689 tabella

704 1731 922 1791 cerata
944 1725 1340 1809 Pompeiana
1362 1729 1593 1792 aetatis
1619 1726 2033 1793 Neronianae
2056 1728 2324 1792 Hermes
2345 1727 2507 1792 XII
2514 1731 2635 1791 136
2655 1726 2738 1807 cf.
2756 1726 2924 1810 th.
2950 1748 3044 1811 ep.
3060 1732 3118 1803 4,
3137 1731 3284 1794 142.

583 1828 703 1893 379
746 1837 809 1891 P.
829 1827 918 1910 (P)
963 1837 1308 1893 ALFENVS
1349 1838 1614 1913 VARVS,
1661 1829 1886 1894 consul
1932 1830 2075 1894 suff.
2122 1852 2179 1894 a.
2213 1830 2336 1894 715
2367 1858 2452 1882 =
2481 1830 2565 1895 39
2603 1851 2660 1896 a.
2701 1827 2776 1894 O.
2823 1850 2970 1894 cum
3014 1829 3094 1894 L.
3124 1827 3286 1894 Coc-

704 1932 862 1995 cei0.
953 1929 1355 1996 Praenomen
1409 1952 1539 1996 non
1597 1932 1883 1996 traditur
1928 1972 2006 1981 —
2050 1952 2202 1996 nam
2261 1931 2443 1996 lectio
2485 1930 2760 1995 Alfenus
2806 1931 3020 1996 Varus
3080 1932 3285 1999 Gaius

706 2031 1010 2116 Pompon.
1041 2032 1283 2118 Diyest.
1314 2039 1374 2111 1,
1405 2039 1470 2111 2,
1503 2038 1568 2112 2,
1596 2040 1677 2099 44
1725 2036 1973 2100 omnino
2010 2034 2188 2117 falsa
2230 2039 2322 2099 est
2365 2034 2449 2115 ef.
2496 2033 2710 2099 adnot.
2756 2033 3141 2099 anmseni
3179 2048 3284 2113 ·—·,

700 2135 811 2201 sed
837 2136 1270 2218 probabiliter
1313 2138 1377 2203 ei
1418 2138 1740 2215 tribuitur,
1803 2137 1969 2219 qaod
2011 2138 2084 2202 P.
2133 2135 2406 2201 Alfenus
2456 2137 2527 2200 P.
2575 2136 2618 2201 f.
2666 2137 2739 2201 P.
2786 2159 2848 2200 n.
2893 2136 3110 2202 Varus
3154 2159 3284 2202 cos.

695 2261 751 2303 a.
799 2238 923 2304 755
970 2268 1052 2292 =
1094 2243 1134 2305 2
1179 2262 1239 2325 p.
1289 2239 1361 2306 C.
1407 2239 1584 2324 filius
1644 2240 1776 2305 ems
1836 2241 2035 2321 faisse
2092 2239 2359 2304 videtur.
2447 2239 2533 2303 In
2587 2238 2949 2303 consulatu:
3005 2238 3284 2305 Alfenus

697 2341 911 2407 Varus
954 2343 1106 2425 fast.
1151 2344 1302 2407 min.
1348 2342 1473 2409 IV.
1549 2341 1824 2407 Alfenus
1856 2343 2091 2408 Horat.
2121 2343 2448 2407 Ammian.
2497 2341 2702 2407 Index
2744 2340 3013 2425 Diyest„
3068 2342 3282 2407 Varus

697 2443 926 2527 Vergil.
947 2494 962 2521 ,
1021 2440 1289 2510 ceterum
1330 2444 1604 2511 Alfenus
1646 2447 1885 2529 VaruS,
1930 2447 2065 2511 nisi
2104 2445 2271 2528 quod
2309 2443 2656 2510 scholiasta
2694 2442 3041 2527 oraquian.
3123 2443 3284 2510 Affi2

699 2548 882 2612 nium
926 2545 1172 2612 Varum
1217 2548 1483 2615 exhibet.
3001 2605 3012 2618 .

829 2648 1126 2715 ‘Alfenus
1169 2650 1354 2716 vafer
1396 2652 1570 2716 omni
1614 2651 1864 2717 abiecto
1920 2653 2346 2716 instrumento
2408 2650 2565 2715 artis
2619 2649 2970 2734 clausaque
3016 2648 3285 2715 taberna

696 2762 876 2818 sutor
920 2764 1078 2818 erat²
1126 2753 1361 2825 Horat.
1412 2760 1534 2819 sat.
1580 2761 1638 2832 1,
1686 2759 1749 2832 3,
1791 2759 1913 2819 130
1958 2774 2117 2837 seq.,·
2179 2754 2446 2819 aclnotat
2488 2752 2848 2836 Porphyrio
2895 2774 2969 2836 p.
3014 2759 3148 2820 206.
3179 2754 3283 2819 M.

701 2854 1033 2921 ‘Alfenum
1076 2855 1326 2921 Varum
1388 2855 1886 2922 Cremonensem
1946 2856 2228 2940 deridet,
2294 2858 2407 2942 qui
2452 2854 2706 2921 abiecta
2749 2858 3033 2937 sutrina,
3089 2879 3285 2943 quam

699 2960 765 3023 in
810 2960 1163 3044 municipio
1206 2981 1325 3023 sua
1368 2968 1751 3024 exercuerat
1794 2959 2056 3041 (scilicet
2081 2980 2204 3042 per
2247 2979 2566 3024 servorum
2595 2957 2963 3045 familiam),
3012 2960 3285 3024 Romam

697 3064 861 3145 petit
915 3062 1355 3147 magistroque
1416 3084 1570 3127 usus
1631 3060 1904 3141 (Servio)
1966 3060 2257 3146 Sulpicio
2319 3064 2479 3126 iuris
2518 3055 2836 3125 'consulto
2890 3060 2974 3125 ad
3033 3071 3283 3126 tantum

695 3165 1010 3251 pervenit,
1047 3173 1119 3228 ut
1155 3174 1219 3229 et
1249 3163 1655 3229 consulatum
1683 3175 1940 3248 gereret
1973 3174 2034 3229 et
2068 3163 2326 3249 publico
2357 3163 2587 3228 funere
2625 3163 2975 3229 efferetur’.
3040 3162 3282 3239 Consul
3309 3247 3324 3258 ·

553 3270 560 3279 '
692 3267 838 3333 suff.
876 3289 936 3332 a.
970 3267 1091 3333 715
1136 3287 1192 3331 υ.
1224 3287 1439 3350 supra,
1490 3266 1793 3349 Pompon.
1830 3266 1869 3331 l.
1904 3266 1945 3335 l.
2020 3266 2200 3331 Idem
2244 3286 2373 3332 esse
2415 3266 2663 3331 videtur
2708 3265 2932 3344 Varus,
2983 3266 3070 3331 ad
3105 3286 3284 3348 quem

694 3371 951 3453 scripsit
1004 3368 1316 3452 Veryilius
1364 3370 1641 3453 ecloyam
1687 3369 1811 3446 VI,
1874 3372 2058 3434 cuius
2104 3369 2327 3434 laudes
2373 3369 2682 3434 Mantuae
2725 3391 2963 3456 cycnos
3007 3368 3283 3434 sublime

695 3474 939 3539 laturos
986 3495 1128 3538 esse
1171 3472 1328 3538 dicit
1372 3472 1480 3540 ecl.
1501 3560 1504 3563 ,
1524 3478 1584 3550 9,
1629 3478 1874 3539 26-29.
1967 3473 2227 3538 Servius
2287 3473 2453 3537 inter
2508 3472 2712 3538 multa
2755 3477 2814 3537 et
2856 3472 3124 3553 confusa
3168 3470 3281 3535 ad·

693 3581 875 3642 notat
921 3575 1008 3640 ad
1050 3574 1159 3640 ecl.
1206 3580 1262 3653 6,
1308 3581 1381 3641 6.·
1437 3575 1569 3639 ‘alii
1630 3576 1775 3640 fuso
1837 3576 2191 3661 fugatoque
2235 3573 2465 3639 Asinio
2512 3574 2809 3640 Pollione
2853 3573 2935 3639 ab
2979 3575 3279 3657 Augusto

694 3677 1201 3763 (hitelleyendum
1265 3683 1354 3743 est
1414 3677 1641 3743 bellum
1698 3676 2102 3762 Perusinum)
2162 3676 2472 3742 Alfenum
2527 3678 2779 3742 Varum
2837 3677 3275 3760 substitutum,

696 3783 808 3867 qui
848 3780 1324 3867 transpadanae
1356 3782 1732 3866 provinciae
1764 3792 1827 3845 et
1856 3781 2030 3864 agris
2062 3779 2440 3845 dividundis
2468 3789 2814 3866 praeesset,
2862 3781 2974 3865 qui
3005 3781 3276 3862 curavit,

696 3906 777 3948 ne
811 3905 968 3968 ager
996 3883 1287 3967 Vergilio
1319 3883 1730 3949 auferretur‘.
1794 3883 1871 3948 Vt
1903 3888 2224 3966 patronus
2255 3888 2314 3947 et
2353 3883 2592 3947 amicus
2623 3881 2888 3965 Veryilii
2911 3884 3280 3947 nominatur

693 3988 802 4052 vit.
849 3986 1027 4071 Very.
1079 3986 1215 4054 Val.
1263 3985 1458 4053 Prob.
1492 4008 1566 4070 p.
1606 3991 1706 4063 59,
1754 3986 2005 4052 Donati
2037 4008 2108 4069 p.
2138 3991 2220 4051 59
2268 3985 2440 4052 Suet.
2486 3984 2600 4050 rel.
2645 3985 2767 4062 R.,
2810 3983 3032 4050 Phoca
3072 4005 3128 4053 v.
3173 3989 3275 4063 89,

695 4089 957 4155 Anthol.
1005 4090 1116 4155 lat.
1164 4094 1303 4167 671,
1350 4094 1470 4169 89,·
1523 4090 1775 4155 audivit
1833 4113 1964 4154 una
2014 4111 2160 4153 cum
2206 4087 2494 4172 Vergilio
2542 4087 2839 4153 Sironem
2883 4088 3278 4174 Epicureum

694 4194 883 4262 schol.
925 4193 1255 4259 Veronens.
1296 4192 1475 4277 Very.
1502 4193 1609 4261 ecl.
1638 4199 1694 4270 7,
1729 4199 1785 4270 9,
1822 4193 1999 4260 Serv.
2034 4192 2142 4257 ecl.
2175 4197 2230 4269 6,
2264 4195 2346 4256 13
2389 4192 2470 4272 cf.
2499 4190 2661 4255 Aen.
2695 4195 2751 4267 6,
2782 4195 3029 4258 26²4.—
3063 4190 3279 4256 Potest
3417 4228 3422 4232 ·

695 4297 859 4363 idem
890 4317 1019 4362 esse
1049 4295 1342 4379 Alfenus,
1393 4295 1481 4361 acl
1506 4318 1685 4379 quem
1713 4297 1972 4378 scripsit
2009 4293 2299 4361 Catullus
2332 4314 2525 4358 carm.
2555 4297 2657 4369 30,
2691 4292 2802 4358 sed
2830 4294 3135 4358 incertam
3166 4299 3274 4372 est,

696 4422 845 4465 meon
872 4399 1049 4464 Varo
1096 4399 1271 4482 apud
1311 4398 1570 4464 eundem
1614 4419 1662 4466 c.
1697 4404 1796 4463 10.
1842 4404 1938 4463 22
1980 4399 2176 4479 fuerit
2214 4398 2464 4461 omnino
2503 4417 2730 4461 nomen
2769 4394 3002 4479 yentile
3028 4395 3274 4477 Alfeni.

821 4502 1348 4585 IurisconsultuS,
1393 4502 1749 4587 discipulus
1798 4502 2010 4567 Servii
2057 4500 2328 4587 Sulpicii
2377 4500 2677 4583 Pompon.
2705 4497 2859 4582 Diy.
2889 4505 2948 4577 1,
2980 4504 3043 4582 2,
3076 4504 3141 4576 2,
3175 4504 3276 4566 44.-

694 4608 855 4676 Gen.
889 4612 946 4686 7,
977 4611 1037 4685 5,
1068 4611 1145 4684 1‚·
1188 4607 1353 4671 inter
1394 4610 1627 4671 veteres
1670 4605 2148 4671 iurisconsultos
2189 4605 2558 4669 nominatur
2586 4602 2913 4668 Ammian.
2944 4606 3045 4679 30,
3077 4607 3136 4679 4,
3168 4607 3275 4669 12.

699 4711 975 4798 Scripsit
1039 4709 1438 4792 digestorum
1503 4707 1704 4773 libros
1765 4707 2198 4794 quadraginta
2254 4705 2400 4771 Ind.
2460 4705 2753 4773 Floreat.
2820 4703 3099 4788 Digest„
3169 4706 3279 4788 qui

698 4816 974 4880 citantur
1018 4814 1270 4896 passim
1325 4812 1393 4875 in
1453 4811 1745 4894 diyestis;
1798 4810 2076 4875 Alfenus
2136 4812 2201 4874 in
2252 4809 2416 4874 libro
2463 4808 2861 4893 digestorum
2904 4808 3274 4872 tricensimo

700 4926 762 4981 et
818 4926 1083 5002 quart0,
1146 4915 1707 4978 coniectaneorum
1765 4923 1980 4978 autem
2039 4911 2321 4976 secundo
2378 4910 2541 4979 Gen.
2591 4911 2629 4975 l.
2692 4910 2733 4975 l.
2838 4910 3096 4977 Scilicet
3147 4931 3277 4975 non

702 5040 852 5103 opus
910 5017 1181 5084 alterum
1240 5022 1697 5100 composuerat,
1754 5016 1865 5081 secl
1906 5017 2212 5100 partibus
2270 5016 2650 5099 diyestoiwn
2706 5013 2922 5080 titulos
2972 5013 3276 5096 speciales

698 5123 1127 5206 inscripserat.
1191 5119 1591 5203 Fraymenta
1630 5119 1877 5203 colleyit
1919 5119 2115 5185 Lenel
2159 5118 2608 5203 Palinyenesia
2651 5118 2702 5183 I
2721 5140 2794 5202 p.
2825 5122 2912 5181 37
2938 5136 3066 5198 sqq.
3131 5170 3138 5177 .

675 5230 1092 5286 Prosopographis
1118 5229 1245 5284 Imp.
1274 5229 1413 5272 nom.
1466 5229 1507 5271 1.
2831 5220 2866 5273 4
