3859 5992
573 541 925 597 CEIONIVS
1879 534 2006 599 327
2942 544 3291 611 GEIQNIVS

697 760 819 805 von
863 738 1087 816 sanet,
1147 738 1249 803 die
1290 737 1510 803 Daten
1554 738 1664 804 der
1706 738 2325 805 Alemandrinisehen
2370 740 2878 806 Kaisermoneen
2905 763 2978 823 p.
3022 745 3122 817 33,
3185 742 3295 823 qui

697 843 838 907 iure
879 841 1040 906 mihi
1083 841 1158 906 de
1198 839 1314 905 hoe
1358 862 1610 907 nummo
1657 841 1977 907 dubitasse
2025 840 2291 908 videtur;
2364 841 2643 908 'Pariter
2686 844 2852 908 enim
2913 840 3294 922 offendimur

697 965 767 1008 eo
811 943 979 1027 quod
1020 963 1225 1008 annus
1272 942 1595 1021 Caesaris,
1648 965 1778 1009 non
1823 944 2122 1027 Auyusti,
2183 949 2257 1008 ut
2312 965 2556 1028 semper
2599 946 2770 1011 alias
2825 946 2971 1030 fieri
3024 945 3178 1011 solet
3222 946 3292 1010 in

702 1045 1183 1123 Alexandrinis,
1219 1045 1577 1128 adscriptus
1607 1066 1737 1112 esse
1766 1047 2002 1112 dicitur
2033 1052 2219 1129 atque
2247 1049 2433 1113 tertio
2464 1068 2650 1125 anno,
2689 1047 2855 1113 unde
2896 1047 3296 1132 adoptionem

698 1151 945 1231 factam
989 1168 1118 1214 esse
1163 1154 1310 1213 ante
1350 1170 1622 1214 mensem
1666 1148 2096 1232 Septembrem
2141 1171 2202 1213 a.
2234 1154 2353 1215 136
2396 1151 2772 1234 efficeretur.

825 1252 911 1317 In
953 1251 1283 1316 consulatu
1324 1251 1376 1317 I
1410 1272 1580 1317 anno
1624 1256 1749 1317 136
1802 1251 2038 1317 dicitur
2090 1252 2166 1319 L.
2216 1251 2524 1318 Ceionius
2570 1251 2964 1319 Commodus
3019 1251 3122 1317 VI
3148 1257 3289 1319 975.

699 1359 949 1431 10242,
996 1354 1130 1418 ΙΙΙ
1165 1358 1309 1431 720,
1368 1354 1558 1419 XIV
1579 1358 1756 1420 2852
1794 1359 1905 1420 etc.
1961 1355 2090 1419 sive
2135 1353 2443 1419 Ceionius
2486 1352 2879 1420 Commodus
2934 1355 3062 1419 sive
3106 1354 3291 1421 Com-

697 1455 926 1521 modus
985 1459 1148 1539 fasti
1157 1477 1179 1535 ,·
1224 1456 1426 1539 plane
1485 1457 1745 1522 dubium
1803 1462 1927 1534 est,
1987 1478 2138 1522 num
2193 1462 2359 1523 recte
2408 1456 2760 1540 suppletum
2803 1462 2864 1523 et
2917 1457 3005 1522 ad
3061 1479 3122 1523 a.
3168 1463 3294 1524 136

697 1560 972 1626 relatum
1014 1561 1097 1625 sit
1145 1559 1242 1643 [L.
1290 1559 1500 1643 Ael]io
1549 1558 1828 1626 Caesare
1865 1582 1991 1624 eos,
2044 1561 2145 1626 VI
2176 1565 2364 1626 2377.
2440 1560 2529 1625 In
2570 1559 2901 1625 consulatu
2943 1560 3036 1625 II
3069 1583 3130 1626 a.
3170 1565 3295 1625 137

695 1682 940 1745 semper
967 1662 1046 1727 L.
1076 1661 1304 1727 Aelius
1336 1661 1578 1728 Caesar
1606 1664 1768 1744 fasti
1778 1683 1801 1741 ,·
1831 1664 1979 1728 item
1994 1669 2147 1746 post
2177 1662 2575 1746 adoptionem
2602 1662 2671 1727 in
2697 1664 2972 1728 nummis
3000 1668 3059 1728 et
3089 1663 3291 1730 titulis

700 1765 1020 1847 plerisque
1065 1766 1169 1847 (L.
1215 1765 1459 1831 Caesar
1503 1770 1545 1830 t.
1590 1771 1687 1830 11.
1734 1770 1830 1830 13.
1876 1770 1974 1831 14.
2020 1766 2146 1848 15).
2218 1765 2417 1849 Apud
2455 1763 2731 1831 Dionem
2774 1766 2851 1831 L.
2895 1763 3290 1830 Commodus

701 1870 800 1942 69,
834 1871 933 1930 17.
965 1871 1091 1945 20,·
1138 1873 1231 1944 70,
1265 1875 1302 1932 1
1321 1887 1341 1946 ,·
1389 1873 1485 1945 71,
1518 1873 1574 1945 1,
1623 1868 1699 1933 L.
1745 1867 1973 1934 Aelius
2006 1868 2248 1934 Caesar
2293 1869 2504 1934 Victor
2533 1873 2632 1934 14.
2697 1867 2886 1935 Mira
2924 1867 3292 1949 eonfiusione

697 1969 1037 2052 scriptores
1065 1970 1177 2051 qui
1207 1969 1504 2035 dicuntur
1531 1970 1838 2035 historiae
1866 1970 2198 2053 Auyustae
2227 1972 2297 2035 in
2327 1971 2687 2036 nominibus
2714 1968 2904 2035 huius
2947 1968 3293 2049 afferendis

696 2072 802 2136 usi
825 2075 1006 2136 sunt:
1037 2075 1204 2137 recte
1230 2072 1308 2136 L.
1333 2071 1639 2136 Ceionius
1671 2070 2064 2139 Commodus
2095 2073 2202 2137 vit.
2237 2072 2463 2137 Marci
2486 2078 2545 2149 4,
2574 2076 2652 2151 5·;
2681 2076 2741 2149 6,
2770 2078 2820 2137 2
2855 2071 2952 2136 vel
2982 2071 3289 2138 Ceionius

699 2172 1095 2239 Commodus
1129 2175 1237 2241 vit.
1272 2174 1740 2252 Hadrian.'23‚
1772 2181 1877 2252 10,
1922 2175 2103 2240 Aelii
2143 2181 2208 2251 2,
2254 2180 2295 2240 1
2336 2174 2433 2240 vel
2473 2174 2550 2242 L.
2594 2173 2839 2239 Caesar
2876 2174 3101 2239 Marci
3137 2177 3198 2251 5,
3228 2179 3287 2240 1.

702 2276 948 2343 Contra
991 2275 1297 2343 Ceionius
1353 2276 1744 2344 Commodus
1788 2278 2004 2343 Verus
2054 2278 2170 2342 m‘t.
2216 2277 2427 2343 Hadr.
2481 2281 2599 2354 23,
2645 2282 2742 2354 11,
2802 2275 3029 2342 Aelius
3078 2276 3290 2341 Verus

700 2376 944 2443 Caesar
967 2380 1096 2448 ibd.
1114 2386 1220 2458 23,
1245 2386 1345 2445 11.
1367 2386 1472 2457 24,
1507 2387 1546 2446 1
1568 2381 1663 2465 (in
1685 2380 2002 2446 codicibus
2018 2381 2392 2464 plerumque
2425 2380 2705 2447 traditur
2726 2379 2976 2463 Helius,
3006 2380 3141 2444 vita
3160 2383 3226 2455 2,
3250 2384 3290 2442 1

702 2480 929 2564 Elius),
978 2483 1052 2548 L.
1099 2483 1326 2549 Aelius
1357 2484 1571 2549 Verus
1615 2485 1723 2548 vit.
1773 2482 1922 2548 Veri
1947 2489 2003 2561 1,
2037 2489 2094 2561 6,
2141 2482 2367 2548 Aelius
2396 2484 2611 2549 Verus
2637 2484 2767 2547 sive
2799 2482 3011 2547 Verus
3040 2483 3291 2566 passim

701 2585 770 2649 in
812 2586 965 2662 vita,
1029 2586 1104 2653 L.
1146 2585 1454 2651 Aurelius
1503 2587 1714 2651 Verus
1757 2587 1893 2651 vita
1935 2592 2002 2663 2,
2048 2591 2121 2677 6,
2169 2586 2243 2651 L.
2293 2585 2599 2650 Ceionius
2643 2585 3032 2650 Commodus
3077 2586 3290 2651 Verus

699 2686 927 2752 Aelius
966 2688 1208 2754 Caesar
1235 2690 1370 2754 vita
1400 2695 1457 2767 6,
1490 2694 1548 2756 6.
1621 2689 1838 2771 Neque
1870 2689 2115 2753 nummi
2140 2709 2333 2771 neque
2365 2688 2552 2765 tituli,
2601 2688 2933 2754 dummodo
2976 2688 3290 2770 exceperis

695 2790 861 2855 male
917 2791 1251 2873 suppletos‚
1315 2812 1649 2875 coynomen
1692 2791 1848 2856 Veri
1903 2784 1975 2856 in
2026 2791 2283 2856 Ceionio
2337 2789 2672 2855 Commodo
2717 2796 2832 2855 aut
2881 2793 2959 2857 L.
3014 2790 3289 2856 Caesare

703 2898 1066 2975 agmoscunt.
1140 2893 1404 2959 Accedit
1451 2895 1620 2977 quod
1659 2895 1737 2959 L.
1787 2893 2192 2959 Commodum
2238 2893 2463 2977 filium,
2523 2895 2633 2976 qui
2662 2899 2891 2977 postea
2932 2895 3287 2977 imperavit,

718 2993 866 3058 Veri
907 3016 1242 3079 coynomen
1283 3017 1412 3062 non
1453 3002 1526 3061 ut
1557 3002 1903 3079 patei-mim
1945 2996 2259 3073 habuisse,
2305 2995 2416 3061 sed
2458 3017 2526 3061 eo
2565 2996 2810 3061 demum
2853 3001 3126 3080 tempore
3168 3019 3288 3079 quo

701 3096 1033 3180 imperium
1075 3100 1255 3177 iniit,
1314 3121 1356 3163 a
1402 3099 1503 3164 M.
1545 3097 1874 3164 Antonino
1925 3101 2136 3181 fratre
2180 3099 2491 3181 accepisse
2534 3104 2793 3167 constat.
2876 3099 3288 3165 Reieiendum

699 3205 788 3264 est
830 3200 1030 3283 iyitur
1075 3203 1494 3268 testimonium
1538 3201 2063 3286 bioyraphomim,
2117 3202 2230 3284 qui
2269 3204 2532 3267 nomina
2574 3203 2829 3285 privati
2869 3209 2927 3269 et
2968 3202 3283 3282 Caesaris,

692 3305 913 3385 patris
971 3310 1030 3369 et
1086 3305 1243 3388 filii,
1308 3304 1456 3370 Veri
1499 3310 1559 3370 et
1603 3306 1830 3371 Marci
1868 3305 2052 3387 foede
2096 3305 2474 3387 conflarunt.

826 3407 1000 3471 Huic
1066 3418 1250 3493 pater
1316 3407 1622 3474 Ceionius
1690 3407 2081 3475 Commodus
2149 3408 2303 3489 fuit,
2382 3428 2573 3493 quem
2642 3406 2751 3471 alii
2814 3408 3097 3490 Verum,
3173 3408 3285 3474 alii

699 3509 775 3574 L.
822 3509 1192 3593 Aurelium,
1256 3509 1440 3576 multi
1486 3511 1773 3575 Annium
1832 3509 2179 3597 prodidere
2228 3511 2364 3574 vita
2404 3515 2471 3589 2,
2520 3513 2577 3586 7,
2622 3509 2812 3574 immo
2856 3510 2933 3574 L.
2991 3510 3286 3577 Ceionius

698 3609 1070 3677 Commodus
1129 3613 1346 3678 consul
1404 3635 1464 3680 a.
1510 3618 1631 3678 106
1675 3614 1755 3696 ef.
1801 3618 2080 3678 stemma.
2169 3611 2271 3677 De
2322 3631 2510 3676 cursu
2566 3611 2873 3676 honorum
2923 3633 3082 3695 quae
3126 3611 3284 3693 affe·

693 3719 927 3779 runtur
950 3716 1083 3779 vita
1111 3721 1172 3793 3,
1203 3717 1310 3780 vit.
1343 3715 1668 3783 Hadrian.
1699 3720 1791 3782 23
1819 3715 2021 3798 plane
2049 3706 2259 3780 eodem
2288 3714 2473 3778 modo
2513 3715 2781 3795 confusa
2823 3719 3000 3794 sunt,·
3043 3717 3284 3781 utrobi,-

694 3838 811 3897 que
864 3823 1181 3883 narratur
1232 3828 1378 3903 post
1419 3818 1827 3904 adoptionem
1875 3826 2183 3903 praetura
2225 3816 2606 3881 honoratum
2654 3825 2720 3880 et
2762 3816 3118 3881 Pannoniis
3169 3820 3280 3883 im·

699 3919 973 4003 positum
1018 3943 1159 3984 esse
1202 3921 1461 3985 decreto
1508 3920 1847 3985 consulatu
1892 3934 2040 3984 eum
2088 3919 2472 4005 sumptibus,
2528 3917 2761 3983 deinde
2806 3919 3092 3984 seeundo
3137 3943 3285 3985 eon-

695 4022 900 4086 sulem
947 4023 1377 4105 designatum.
1466 4024 1599 4091 Sed
1641 4020 2012 4089 Commodus
2054 4023 2245 4107 filius
2275 4024 2409 4087 eius
2447 4026 2640 4087 natus
2684 4026 2774 4087 est
2828 4022 2889 4086 d.
2934 4024 3014 4087 15
3054 4025 3286 4105 mensis

694 4123 1063 4191 Decembris
1123 4127 1187 4189 in
1249 4136 1556 4212 praetura
1612 4129 1811 4211 patris
1864 4128 1963 4191 sui
2007 4126 2116 4189 vit.
2165 4124 2314 4191 Veri
2355 4130 2412 4202 1,
2459 4129 2518 4207 8,
2578 4147 2636 4189 a.
2687 4125 2829 4209 130,
2885 4130 2959 4189 ut
3015 4131 3286 4208 apparet

694 4227 854 4293 inde
882 4227 1048 4310 quod
1092 4228 1328 4293 dicitur
1378 4240 1523 4315 post
1581 4229 1928 4315 septimum
1988 4250 2231 4293 annum
2286 4229 2353 4291 in
2412 4226 2722 4292 familiam
2764 4226 3097 4292 Aureliam
3156 4238 3279 4292 tra-

694 4329 926 4395 ductus
958 4330 1086 4398 ibd.
1116 4337 1182 4408 2,
1208 4336 1290 4395 10
1307 4352 1329 4411 ‚·
1372 4343 1631 4418 praetor
1662 4353 1817 4415 ergo
1847 4341 2031 4417 pater
2063 4330 2186 4395 fuit
2214 4354 2272 4398 a.
2300 4333 2441 4396 130.
2517 4328 2759 4395 Consul
2791 4330 2825 4395 I
2854 4353 2912 4395 a.
2950 4331 3071 4394 136
3102 4330 3282 4410 fasti.

698 4433 804 4498 Ab
847 4433 1185 4499 Hadriano
1232 4434 1576 4520 adoptatus
1621 4445 1720 4499 est
1760 4436 1895 4499 vita
1929 4434 2195 4516 passim,
2241 4434 2348 4497 vit.
2382 4432 2708 4497 Hadrian.
2738 4438 2847 4510 23,
2893 4432 3027 4498 Dio
3072 4436 3169 4510 69,
3202 4438 3289 4497 17

694 4533 1017 4615 (Zonaras
1045 4541 1144 4614 11,
1175 4541 1309 4624 24),
1355 4558 1525 4605 anno
1562 4538 1700 4602 136.
1777 4537 1905 4618 Qui
1948 4556 2152 4602 annus
2195 4535 2341 4600 inde
2383 4535 2659 4617 emeryit‚
2706 4536 2873 4617 quod
2909 4534 3282 4601 Commodus

691 4639 1083 4704 consulatum
1110 4640 1398 4722 primum
1435 4640 1753 4723 privatus,
1806 4639 2077 4704 alterum
2121 4637 2359 4704 Caesar
2403 4638 2568 4715 iniit,
2616 4642 2675 4701 et
2723 4637 3169 4720 comprobatur
3212 4658 3281 4701 eo

693 4741 859 4823 quod
898 4742 972 4807 in
1015 4745 1056 4809 t.
1088 4748 1145 4807 1.
1176 4746 1242 4807 2.
1272 4747 1316 4806 3
1358 4741 1593 4807 dicitur
1623 4743 1699 4807 L.
1732 4740 1960 4806 Aelius
1990 4740 2229 4806 Caesar
2269 4740 2418 4805 trib.
2449 4748 2677 4825 potest.
2713 4761 2843 4805 eos.
2872 4740 2956 4821 11,
3006 4738 3284 4803 Hadria-

696 4865 817 4908 nus
876 4844 1024 4912 trib.
1085 4854 1313 4930 potest.
1368 4844 1546 4909 XXI
1604 4844 1687 4928 (d.
1744 4849 1824 4908 10
1880 4864 2070 4912 mens.
2127 4842 2497 4908 Decembris
2557 4862 2617 4907 a.
2663 4842 2953 4926 136J1379
3006 4862 3134 4909 eos.
3180 4841 3283 4906 III

693 4947 846 5031 imp.
879 4947 965 5013 ΙΙ.
1043 4947 1210 5012 Cum
1238 4947 1376 5011 veri
1401 4948 1485 5011 sit
1511 4947 1716 5012 simile
1745 4946 2151 5013 Commodum
2181 4945 2393 5011 eodem
2432 4945 2566 5025 fere
2599 4949 2868 5028 tempore
2913 4948 2973 5008 et
3015 4943 3280 5025 adopta-

693 5053 826 5112 tum
869 5069 998 5115 esse
1041 5055 1100 5115 et
1144 5048 1554 5114 tribuniciam
1599 5054 1979 5132 potestatem
2023 5049 2353 5131 accepisse,
2409 5068 2573 5129 quae
2612 5047 2683 5111 in
2736 5046 2938 5111 titulis
2962 5045 3279 5125 ‚nummis-

691 5170 806 5232 que
845 5171 1086 5234 semper
1125 5153 1260 5217 sine
1303 5152 1661 5216 iterationis
1694 5156 1849 5216 nota
1881 5152 2211 5235 invenitur,
2246 5149 2678 5234 probabiliter
2703 5148 2818 5213 sub
2849 5150 3038 5232 finem
3068 5170 3128 5231 ᾳ.
3161 5153 3282 5214 136
