3859 5992
579 540 956 597 AVRELIVS
1871 534 1996 599 215
2918 544 3295 603 AVRELrvs

712 748 1022 825 patronus
1080 735 1399 817 (coloniae
1453 737 1660 804 Iuliae
1720 737 2025 824 Neapolis
2083 738 2350 805 Africae
2403 738 2910 825 proconsularis)
2957 739 3141 806 VHI
3172 744 3294 806 971

711 847 752 906 t.
802 841 1288 924 Neapolitanus.

587 945 751 1009 1303
796 954 948 1011 IMP.
984 954 1193 1009 GAES.
1231 954 1311 1008 M.
1346 952 1720 1009 AVRELIVS
1761 954 2097 1010 SEVERVS
2129 955 2600 1010 ALEXANDEP.
2628 957 2799 1012 AVG.
2839 945 3049 1011 Filius
3080 946 3296 1013 Gessii

709 1046 1025 1112 Marciani
1072 1047 1512 1132 procuratoris
1556 1069 1641 1111 ex
1683 1046 1842 1112 urbe
1872 1047 2050 1112 Arca
2080 1048 2336 1113 oriundi
2368 1059 2433 1113 et
2460 1048 2667 1114 Iuliae
2697 1050 3047 1131 Mamaeae,
3094 1069 3294 1133 nepos

711 1173 828 1237 per
870 1160 1140 1214 matrem
1185 1146 1337 1213 Iulii
1382 1148 1564 1213 Aviti
1609 1159 1673 1213 et
1717 1147 1924 1215 Iuliae
1968 1150 2260 1233 Maesae,
2310 1151 2733 1217 consobrinus
2776 1150 3116 1236 Elagabali
3161 1149 3295 1216 Dio

712 1258 810 1329 78,
841 1258 946 1328 30,
994 1250 1347 1316 Herodian.
1376 1255 1436 1328 5,
1466 1255 1525 1327 3,
1556 1256 1598 1315 3
1641 1252 1725 1333 of.
1770 1256 2034 1317 stemma
2078 1274 2280 1337 supra
2307 1276 2380 1337 p.
2419 1261 2559 1321 196.
2637 1255 2822 1320 Male
2866 1255 3050 1321 Varii
3097 1252 3287 1334 filius,

711 1355 950 1421 Variae
980 1377 1181 1440 nepos
1209 1355 1345 1418 vita
1372 1359 1427 1431 1,
1459 1359 1508 1420 2
1551 1355 1633 1436 of.
1680 1356 1789 1420 vit.
1822 1355 2120 1420 Macrini
2163 1361 2239 1422 8.·
2285 1358 2508 1422 Maesa
2550 1360 2688 1423 sive
2734 1358 2954 1423 Varia.
3039 1356 3290 1441 Cogno-

713 1480 860 1522 men
904 1459 962 1523 ei
1009 1458 1135 1523 fuit
1177 1458 1532 1522 Bassianus
1575 1455 1709 1523 Dio
1755 1446 1853 1535 78,
1902 1463 2023 1537 30,·
2083 1464 2181 1537 79,
2227 1465 2327 1536 17,
2378 1458 2696 1533 Ἀλεξιανός
2738 1459 3093 1526 Herodian.
3141 1460 3181 1527 l.
3228 1459 3291 1536 l.,

713 1559 1060 1626 Marcellus
1103 1560 1404 1643 Epitome
1439 1563 1548 1637 23,
1593 1565 1634 1624 4
1678 1561 1761 1642 ef.
1807 1562 1990 1643 infra
2034 1559 2183 1626 adn.

837 1664 1048 1728 Natus
1092 1672 1191 1727 est
1235 1661 1367 1727 kal.
1400 1661 1800 1728 Octobribus
1844 1665 2007 1745 fasti
2033 1663 2362 1729 Philocali
2394 1666 2445 1730 I
2450 1666 2476 1704 Β
2508 1688 2582 1749 p.
2615 1671 2782 1744 274,-
2827 1665 2902 1729 de
2949 1686 3119 1729 armo
3161 1685 3291 1728 non

710 1771 981 1843 constat,-
1020 1786 1161 1830 oum
1205 1764 1381 1848 apud
1415 1764 1859 1829 Herodianum
1902 1766 1943 1830 l.
1993 1765 2033 1831 l.
2081 1788 2142 1831 a.
2187 1770 2319 1832 218
2363 1767 2615 1832 dicatur
2661 1771 2909 1834 δεκάτου
2957 1767 3127 1839 ἔτους
3178 1768 3297 1832 ἐπι-

712 1871 985 1958 βεβηκώς
1041 1868 1230 1953 (tmde
1282 1887 1490 1932 annus
1530 1867 1773 1933 natalis
1815 1872 1949 1934 208
2000 1869 2322 1953 efficitur),
2381 1875 2604 1936 eontra
2645 1873 2779 1936 vita
2823 1874 3009 1948 60,1
3053 1870 3297 1934 vixisse

711 1972 899 2035 annis
924 1970 1262 2036 XXVIIII
1290 1969 1620 2035 mensibus
1651 1971 1753 2035 III
1777 1970 2013 2035 diebus
2035 1971 2184 2055 VII,
2209 1972 2376 2037 unde
2408 1994 2470 2037 a.
2487 1978 2646 2050 206,·
2674 1972 2786 2038 sed
2810 1972 3019 2054 falsus
3047 1973 3299 2038 omnino

708 2075 1014 2139 mensium
1063 2093 1364 2139 numerus
1419 2077 1643 2150 monet,
1702 2094 1782 2138 ne
1824 2074 2091 2138 nimium
2134 2095 2448 2139 annorum
2489 2096 2748 2140 numero
2793 2076 3168 2141 tribuamus.
3217 2113 3296 2123 —

714 2177 967 2242 Eodem
1026 2176 1133 2242 die
1190 2185 1414 2259 natus,
1478 2198 1608 2261 quo
1665 2174 2047 2241 Alexander
2105 2177 2377 2241 Macedo
2443 2188 2737 2244 mortuus
2798 2189 2897 2244 est
2942 2179 3080 2243 vita
3118 2182 3299 2257 5,1,·

711 2285 809 2359 13,
855 2285 932 2359 1,·
975 2285 1046 2345 at
1086 2279 1159 2345 id
1198 2300 1339 2343 eum
1377 2279 1699 2361 referatwr
1742 2281 1813 2344 in
1856 2281 2171 2345 ominibus
2209 2282 2482 2364 impem'i,
2528 2281 2718 2365 fidem
2759 2283 2868 2347 vix
2909 2286 3204 2347 meretur.

839 2383 1048 2448 Natus
1107 2392 1206 2448 est
1254 2382 1431 2468 apud
1473 2382 1713 2447 Arcam
1759 2381 2147 2448 Caesaream
2191 2385 2325 2448 vita
2360 2388 2420 2462 5,
2468 2390 2541 2463 1;
2597 2389 2696 2462 13,
2740 2389 2800 2462 5,
2863 2383 3077 2449 Victor
3115 2383 3296 2451 Gaea

710 2492 816 2566 24,
861 2492 937 2566 1,·
993 2510 1035 2551 a
1091 2496 1300 2552 matre
1345 2495 1408 2550 et
1451 2487 1603 2549 avia
1650 2485 1990 2570 educatus,
2046 2486 2346 2551 sacerdos
2399 2487 2506 2551 dei
2566 2485 2904 2572 Elagabali
2949 2486 3298 2552 Hemeseni

713 2588 1065 2656 Herodian.
1132 2588 1172 2653 l.
1242 2589 1281 2654 l.
1417 2589 1773 2674 Postquam
1845 2587 2270 2654 consobrinus
2340 2588 2509 2654 filius
2584 2589 2901 2656 Caracalli
2974 2588 3300 2676 perhiberi

713 2702 977 2779 coeptus
1023 2693 1369 2778 imperium
1412 2692 1706 2777 arripuit,
1755 2692 2109 2756 Bassianus
2154 2702 2221 2757 et
2264 2693 2402 2778 ipse
2446 2691 2530 2757 ab
2576 2691 2800 2758 eodem
2847 2715 2930 2757 ex
2965 2691 3302 2759 Mamaeae

711 2805 932 2880 stupro
985 2796 1242 2878 genitus
1302 2815 1443 2859 esse
1486 2816 1528 2860 a
1570 2793 1792 2859 Maesa
1847 2796 2116 2880 eiusque
2173 2794 2321 2859 filiis
2374 2795 2617 2860 dicitur
2658 2794 3011 2861 Herodian.
3056 2798 3117 2873 5,
3157 2799 3217 2873 7,
3259 2800 3303 2860 3

712 2899 793 2981 of.
838 2897 973 2963 Dio
1019 2901 1113 2974 79,
1161 2902 1241 2962 19
1287 2900 1445 2962 extr.
1536 2897 1613 2960 In
1672 2898 1882 2981 prima
1932 2898 2213 2982 pueritia
2256 2897 2648 2963 litteratores
2691 2897 2922 2962 habuit
2965 2895 3298 2962 Valerium

711 2999 997 3066 Cordum
1047 3008 1111 3065 et
1152 2997 1231 3063 T.
1264 2997 1610 3063 Veturium
1655 3007 1719 3062 et
1755 2997 2100 3063 Aurelium
2146 2997 2523 3086 Philippum
2567 2999 2869 3066 libertum
2914 3000 3138 3086 patris,
3185 3001 3295 3086 qui

712 3104 913 3167 vitam
959 3104 1097 3166 eius
1141 3111 1366 3187 postea
1408 3102 1476 3164 in
1523 3099 1769 3166 litteras
1813 3102 2020 3183 misit,
2080 3105 2577 3186 grammaticum
2624 3105 2690 3167 in
2735 3104 2949 3189 patria
2988 3123 3297 3187 graecum

708 3205 1043 3271 Nehonem
1060 3203 1168 3289 (5³),
1231 3203 1552 3268 rhetorem
1613 3204 2067 3290 Serapionem,
2135 3205 2589 3292 philosophum
2634 3204 3007 3291 Stilionem,
3054 3206 3298 3271 Romae

711 3309 1164 3392 grammaticos
1207 3306 1597 3373 Scaurinum
1645 3307 1944 3372 Scaurini
1985 3306 2190 3372 filium
2222 3308 2554 3373 doctorem
2597 3307 3105 3393 celeberrimum,
3154 3307 3295 3373 rhe-

712 3424 881 3477 tores
911 3410 1151 3477 Iulium
1181 3410 1565 3475 Frontinum
1613 3419 1679 3474 et
1713 3410 2032 3476 Baebium
2060 3411 2470 3476 Macrianum
2514 3421 2579 3476 et
2619 3408 2860 3477 Iulium
2891 3412 3292 3479 Granianum

708 3517 843 3581 vita
881 3519 941 3579 3.

839 3617 919 3684 A.
952 3618 1073 3682 221
1108 3614 1378 3680 consilio
1409 3614 1671 3679 Maesae
1700 3613 2097 3699 Elagabalus
2129 3617 2193 3679 in
2235 3627 2462 3681 senatu
2496 3638 2644 3681 eum
2675 3616 3025 3702 adoptavit,
3059 3638 3294 3682 nomen

711 3717 1071 3785 Alexandri
1133 3720 1191 3783 ei
1253 3716 1518 3799 indidit,
1567 3716 1910 3782 Caesarem
1957 3721 2390 3805 nuncupavit,
2439 3730 2799 3785 consortem
2845 3719 3096 3806 imperii
3142 3718 3295 3784 fecit

706 3821 840 3888 Dio
872 3827 971 3899 79,
995 3827 1094 3899 17,
1128 3820 1480 3886 Herodian.
1504 3824 1563 3896 5,
1592 3825 1648 3884 7.
1706 3822 1881 3902 Quae
1923 3822 2106 3902 faeta
2151 3841 2279 3885 esse
2322 3842 2527 3887 mense
2562 3822 2737 3887 Iulio
2781 3824 3031 3886 ineunte
3075 3820 3294 3886 docent

707 3926 868 4008 fasti
909 3925 1378 4008 cooptationum
1421 3923 1737 3988 sodalium
1772 3923 2362 3989 Antom’nianorum
2409 3923 2511 3989 VI
2528 3929 2721 4001 2001,
2767 3925 2878 4006 qui
2920 3926 3296 4006 cooptarunt

709 4049 770 4097 a.
813 4032 938 4094 973
981 4029 1196 4111 (aerae
1236 4026 1641 4110 Capitolinae
1685 4056 1768 4078 =
1811 4031 1973 4113 221)
2022 4026 2118 4092 VI
2163 4026 2246 4090 id.
2291 4026 2412 4092 Iul.
2455 4049 2536 4091 ex
2582 4026 2898 4110 s(enatus)
2944 4024 3293 4108 c(onsulto)

715 4129 827 4214 [M.
857 4128 1223 4213 Aureliqu
1259 4128 1707 4214 [Antoninu]m
1739 4127 2211 4194 nobilissimum
2244 4127 2431 4194 Caes.
2456 4130 2707 4215 imperii
2749 4178 2765 4193 .
2798 4178 2813 4194 .
2841 4177 2856 4193 .
2883 4178 2898 4194 .
2942 4126 3291 4213 [heredem]

707 4232 1018 4316 supplevit
1074 4231 1420 4315 Boryhesi,
1481 4231 1888 4316 [consortem]
1952 4231 2308 4296 Mommsen
2320 4251 2341 4309 ,⁰
2397 4231 2529 4297 dies
2576 4232 2922 4314 eooptiom's
2967 4232 3170 4314 periit
3223 4233 3295 4296 in

706 4335 897 4417 fastis
938 4335 1335 4400 sacerdotum
1378 4336 1449 4398 in
1495 4334 1647 4399 aede
1690 4334 1861 4399 Iovis
1905 4333 2416 4417 Propuqnatoris
2459 4335 2930 4399 consistentium
2975 4333 3077 4399 VI
3099 4339 3290 4402 2009.

715 4438 979 4521 Tempus
1023 4438 1358 4520 confirmat
1400 4456 1690 4501 nummus
1724 4436 1940 4502 Areae
1990 4435 2345 4503 Caesareae
2379 4437 2621 4502 Eekhel
2648 4437 2782 4503 III
2800 4460 2873 4519 p.
2899 4441 3021 4502 361
3064 4438 3134 4502 in
3178 4437 3293 4502 ad·

705 4561 887 4606 versa
931 4541 1274 4623 inscriptus
1322 4538 1467 4626 Αυρ.
1517 4537 1884 4627 Αλεὲανόρος
1930 4540 2193 4625 Caisar,
2255 4542 2324 4605 in
2385 4561 2610 4605 aversa
2659 4541 2964 4605 Kaisaria
3008 4537 3177 4605 ΒΛΦ
3223 4538 3297 4603 id

707 4650 798 4711 est
839 4667 899 4709 a.
926 4649 1058 4711 532
1093 4665 1284 4709 aerae
1314 4643 1793 4710 Seleucidamm
1825 4674 1904 4696 =
1937 4644 1997 4708 d.
2029 4650 2069 4708 1
2099 4666 2178 4709 m.
2222 4645 2356 4710 Oct.
2389 4665 2450 4708 a.
2483 4643 2794 4710 220s221.
2860 4643 2950 4707 M.
2982 4640 3292 4709 Aurelius

705 4746 1080 4813 Alexander
1108 4748 1180 4812 in
1206 4747 1477 4812 nummis
1502 4745 1712 4813 Gohen
1740 4747 1791 4811 I
1797 4745 1888 4811 V2
1911 4747 2284 4812 Alexander
2311 4768 2372 4815 n.
2401 4752 2498 4812 65.
2527 4750 2664 4811 198.
2697 4750 2835 4822 199,
2868 4746 2956 4811 Μ.
2982 4743 3291 4811 Aurelius

704 4849 1085 4916 Alexander
1114 4849 1556 4915 nobilissimus
1587 4848 1827 4914 Caesar
1860 4849 1963 4914 VI
1978 4854 2126 4927 323,
2158 4851 2310 4936 imp.
2345 4848 2529 4916 Caes.
2560 4849 2652 4914 M.
2676 4847 2950 4933 Au[rell.
2974 4847 3291 4914 Antonini

708 4952 771 5037 f.‚
803 4953 942 5018 divi
971 4951 1306 5035 Antonini]
1339 4952 1564 5036 Magni
1595 4973 1815 5037 nepos,
1851 4951 2010 5035 [divi
2042 4951 2268 5017 Severi
2302 4953 2402 5017 Pii
2434 4973 2775 5039 pronepos,
2808 4951 2898 5016 M.
2930 4948 3290 5035 Aurelliu]s

706 5054 1126 5140 Alex[ander]
1185 5105 1200 5120 .
1224 5105 1238 5119 .
1267 5105 1281 5120 .
1309 5104 1323 5119 .
1385 5055 1517 5119 ΙΙΙ
1553 5054 1621 5121 S.
1680 5053 1833 5136 dipl.
1876 5054 2010 5122 mel.
2058 5054 2403 5120 LXXXV
2430 5055 2598 5120 unde
2652 5052 3096 5119 Alexandrum
3152 5052 3292 5117 vivo

700 5159 772 5226 E
779 5156 1080 5244 laqabalo
1121 5157 1483 5242 Auyustum
1538 5161 1972 5240 nuncupatum
2027 5177 2155 5223 esse
2205 5158 2391 5224 multi
2431 5157 2600 5241 falso
2644 5156 3022 5240 collegerunt
3067 5159 3287 5221 eontra
