3859 5992
668 584 947 643 ANNIVS
1992 582 2077 648 69
3080 590 3381 650 'ANNIVS

672 784 797 850 518
838 790 1120 851 ANNIVS
1164 795 1435 851 POLLIO
1498 795 1565 851 et
1609 785 1920 868 (Annius)
1965 786 2350 853 Vinicianus
2409 785 2579 852 filius
2638 788 2777 852 eius
2832 808 3002 852 anno
3049 789 3131 855 32
3191 788 3383 855 simu'l

794 889 1150 954 'maiestatis
1193 888 1498 976 postulati
1542 899 1709 973 sunt,
1761 889 1944 954 ‘clari
1975 911 2182 975 genus
2219 899 2415 976 atque
2445 889 2616 954 idem
2648 891 2916 956 summis
2961 889 3381 986 honoribus’3

795 991 908 1057 sed
936 990 1240 1057 Tiberius
1284 1013 1546 1057 causam
1588 1013 1813 1057 eorum
1855 992 2106 1058 distulit
2142 993 2290 1060 Tac.
2323 1013 2385 1057 a.
2416 997 2476 1070 6,
2508 998 2567 1060 9.
2629 992 2791 1058 Cum
2819 1013 2897 1058 ex
2924 994 3133 1060 verbis
3170 995 3384 1061 Taciti

796 1099 1112 1177 appareat
1140 1093 1490 1160 Pollionem
1521 1094 1830 1161 consulem
1858 1095 2076 1177 fuisse,
2117 1095 2206 1160 ad
2232 1117 2372 1160 eum
2406 1100 2689 1180 spectare
2716 1095 2966 1161 videtur
3009 1096 3112 1164 VI
3130 1103 3381 1165 14221:

795 1196 932 1262 1111
974 1218 1125 1262 non.
1159 1196 1337 1283 Sept.
1368 1195 1620 1263 Blando
1667 1207 1730 1262 et
1772 1196 2065 1263 Pollione
2108 1220 2236 1266 cos.
2315 1197 2551 1264 Consul
2590 1199 2790 1282 iyitur
2832 1196 3133 1278 suffectus
3175 1220 3382 1267 mense

797 1298 1157 1382 Septembri
1194 1301 1354 1365 anni
1390 1300 1622 1365 incerti
1659 1300 1900 1366 saeculi
1926 1300 2138 1384 primi
2175 1302 2472 1366 ineuntis.
2511 1337 2583 1347 —
2625 1300 2775 1366 Sive
2816 1299 2983 1366 idem
3023 1299 3168 1368 sive'
3185 1307 3383 1388 pater

790 1401 1035 1466 videtur
1074 1401 1147 1467 0.
1189 1402 1446 1468 Annius
1489 1402 1699 1468 Pollio
1740 1423 1805 1468 n.
1849 1409 1995 1469 520.

670 1504 794 1568 519
834 1513 1114 1569 ANNIVS
1160 1513 1431 1570 POLLIO
1485 1528 1543 1573 a.
1589 1506 1672 1571 65
1730 1506 2177 1571 coniuratione
2220 1507 2573 1572 Pisoniana
2630 1506 2886 1574 detecta
2941 1508 3010 1572 in
3053 1504 3380 1574 Neronem

795 1608 1166 1673 coniurasse
1209 1607 1499 1673 defertur
1551 1608 1699 1675 Tac.
1743 1630 1805 1673 a.
1849 1607 1948 1686 15,
1995 1612 2112 1687 565
2153 1608 2501 1674 infamatus
2545 1611 2754 1693 magis
2799 1608 2993 1696 quam
3039 1611 3378 1677 convictus

796 1711 863 1774 in
923 1709 1193 1775 exilium
1249 1719 1431 1775 actus
1487 1719 1585 1774 est
1624 1709 1755 1776 ibd.
1804 1714 1900 1787 15,
1950 1715 2046 1774 71.
2131 1710 2407 1776 Maritus
2453 1711 2803 1796 Serviliae,
2850 1712 3102 1779 Barcae
3146 1714 3376 1783 Sorani

794 1811 964 1878 filiae
1007 1811 1140 1877 ibd.
1185 1817 1283 1891 16,
1328 1817 1430 1878 30.
1517 1811 1735 1878 Filius
1775 1813 2025 1878 videtur
2066 1812 2276 1878 Annii
2317 1813 2630 1880 Pollionis
2673 1836 2737 1880 n.
2768 1819 2913 1885 518.

669 1916 792 1981 520
836 1924 898 1984 C.
920 1925 1080 1980 ANN
1084 1926 1204 1981 IVS
1236 1924 1527 1981 POLLIO.
1573 1915 2070 1981 Monumentum
2098 1913 2478 1982 libertorum
2498 1927 2563 1982 et
2583 1915 2967 1983 libertatum
2998 1926 3063 1983 et
3092 1916 3376 1983 familiae

796 2017 869 2084 O.
931 2018 1109 2084 Anni
1170 2017 1243 2085 O.
1304 2019 1349 2084 f.
1440 2017 1589 2084 Cor.
1636 2017 1949 2084 Pollionis
1996 2016 2099 2083 VI
2134 2021 2294 2085 7395
2353 2019 2585 2085 aetatis
2627 2018 2909 2104 Auqusti
2949 2020 3034 2101 cf.
3078 2041 3145 2086 n.
3191 2024 3374 2098 7398,

791 2121 907 2187 ubi
958 2120 1286 2187 indicatur
1337 2142 1398 2186 a.
1443 2126 1484 2185 1
1528 2143 1599 2204 p.
1657 2120 1750 2199 0„
1807 2125 2196 2186 memoratur
2255 2121 2324 2185 in
2367 2126 2409 2187 t.
2455 2142 2669 2186 eorum
2727 2122 2833 2188 VI
2863 2126 3260 2189 7396-7404.
3291 2124 3378 2173 -ὲ

793 2224 903 2290 Vel
942 2224 1109 2289 idem
1148 2224 1397 2288 videtur
1437 2228 1623 2307 atque
1665 2224 1923 2289 Annius
1967 2222 2180 2288 Pollio
2223 2244 2285 2288 a.
2324 2228 2415 2289 32
2458 2229 2791 2290 accusatum
2834 2225 2944 2311 (cf.
2988 2246 3053 2291 n.
3084 2224 3237 2309 518)
3279 2225 3377 2291 vel

793 2332 993 2410 pater
1056 2328 1208 2393 citae.
1315 2325 1516 2392 Cuius
1571 2326 1747 2410 filius
1812 2347 1953 2392 oum
2009 2327 2367 2392 nominetur
2423 2325 2680 2393 Annius
2733 2328 3114 2394 Vinicianus
3173 2332 3237 2395 et
3305 2329 3376 2393 in

791 2432 1147 2514 fraymento
1206 2429 1380 2494 tituli
1421 2429 1523 2495 VI
1558 2434 1721 2494 7401
1780 2450 1856 2494 ea:
1913 2428 2125 2495 eodem
2181 2435 2576 2495 monumento
2634 2430 2898 2496 Vinicia
2954 2430 3265 2514 quaedam
3327 2435 3373 2496 t.

794 2533 1084 2617 posuerit
1126 2532 1248 2598 sibi
1294 2541 1359 2596 et
1384 2531 1602 2597 Annio
1631 2530 1729 2597 V.
1757 2581 1772 2596 .
1798 2555 1815 2597 .
1844 2586 1859 2602 .
1890 2531 2149 2616 (marito
2190 2531 2289 2597 vel
2316 2532 2500 2620 filio),
2544 2534 2683 2599 veri
2719 2533 2929 2599 simile
2972 2537 3066 2599 est
3107 2530 3377 2600 mati-em

678 2693 682 2696 ⁴
789 2634 887 2700 vel
928 2636 1141 2700 aviam
1184 2634 1510 2700 Viniciani
1550 2634 1748 2716 fuisse
1791 2656 1824 2699 e
1861 2639 2046 2717 yente
2092 2635 2362 2700 Vinicia.

668 2739 781 2804 521
832 2788 848 2805 .
873 2788 888 2803 .
921 2736 1177 2803 Annius
1209 2736 1623 2820 Postum[us],
1671 2747 2053 2823 procurator
2084 2736 2365 2822 Augusti
2409 2760 2450 2802 a
2493 2737 2944 2823 bybliothecis,
2992 2747 3376 2826 procurator

791 2842 1140 2906 vicesimae
1160 2840 1488 2923 magister,
1514 2849 1896 2926 procurator
1915 2839 2202 2924 Augusti
2234 2839 2340 2924 [ad
2369 2839 2716 2924 ann]onam
2740 2839 2960 2924 Ostiis,
2994 2852 3378 2927 procurator

791 2944 1074 3027 Augusti
1114 2944 1489 3008 Pannoniae
1526 2942 1846 3008 inferioris
1894 2947 1937 3007 t.
1982 2962 2185 3026 nuper
2225 2947 2513 3025 repertus
2556 2942 2779 3008 Saldis
2823 2944 2892 3008 in
2925 2943 3372 3009 Mauretania.

667 3049 789 3112 522
832 3044 1159 3129 ANNJIVS]
1192 3044 1628 3128 [PVJBLIGIVS
1659 3053 2133 3130 HONORATVS,
2159 3043 2557 3110 clarissimus
2579 3046 2685 3109 vir
2706 3046 2777 3110 in
2805 3045 3038 3130 fistulis
3053 3045 3374 3129 plumbeis

794 3149 1060 3233 oriyinis
1082 3148 1392 3213 incertae
1450 3148 1779 3213 Lanciani
1828 3147 1968 3231 syll.
2015 3168 2243 3231 aquar.
2286 3168 2350 3213 n.
2392 3151 2553 3215 506.-
2696 3156 2914 3214 .ANN
2941 3197 3192 3216 ......
3218 3157 3374 3213 LICI

790 3259 1179 3316 HONORATI
1227 3260 1290 3315 O.
1334 3260 1425 3333 V.‚
1469 3271 1536 3315 n.
1564 3254 1723 3316 507:
1811 3259 2054 3315 .BLICI
2097 3258 2500 3316 HONORAT.

667 3356 790 3420 523
833 3364 901 3419 L.
938 3362 1218 3418 ANNIVS
1262 3361 1533 3418 RAVVS.
1615 3299 1866 3419 Tetulus
1907 3353 2045 3418 eius
2078 3351 2339 3418 mutilus
2385 3352 2488 3418 VI
2511 3299 2672 3419 1339
2716 3350 2825 3436 (1),
2870 3302 3259 3482 memoratur
3301 3354 3373 3419 in

792 3457 983 3540 fastis
1026 3455 1358 3522 Saliorum
1400 3455 1491 3521 VI
1535 3460 1702 3521 1978
1745 3454 1861 3539 (2).

920 3558 1130 3625 Plena
1170 3559 1435 3623 nomina
1477 3557 1725 3624 exhibet
1768 3562 1812 3623 t.
1855 3563 1920 3626 2.
1997 3607 2016 3624 .
2039 3607 2055 3624 .
2207 3556 2487 3623 .Ravus
2533 3562 2575 3625 t.
2620 3562 2680 3625 1.
2752 3557 2830 3624 L.
2876 3556 2941 3641 f.‚
2988 3554 3194 3624 tribu
3210 3554 3371 3626 Arn.

794 3668 835 3729 t.
883 3668 939 3747 1,
984 3663 1286 3729 triumvir
1329 3660 1668 3726 monetalis
1711 3683 1861 3727 aere
1905 3671 2175 3746 argento
2219 3682 2378 3725 auro
2421 3659 2640 3725 flando
2681 3607 3013 3743 feriundO,
3070 3669 3374 3745 quaestor

789 3765 1169 3831 candidatus
1200 3765 1352 3851 imp.
1388 3763 1574 3830 Caes.
1603 3764 1694 3830 M.
1725 3763 1958 3829 Aureli
1988 3762 2328 3829 Commodi
2347 3762 2495 3849 (hoe
2521 3784 2746 3829 nomen
2774 3762 2846 3827 in
2876 3762 3091 3846 lapide
3119 3781 3369 3827 erasum

788 3868 900 3951 est)
945 3867 1261 3934 Antonini
1304 3866 1475 3951 Aug.
1526 3867 1630 3932 Pii
1671 3865 1927 3950 Felicis,
1974 3876 2199 3953 praet„
2249 3865 2423 3951 [com]
2468 3870 2512 3930 t.
2558 3870 2617 3933 1.
2664 3864 2751 3912 -’
2799 3862 3131 3948 Pontifex,
3171 3862 3371 3928 salius

790 3971 1125 4037 Palatinus
1150 3975 1191 4039 t.
1209 3976 1269 4048 1,
1302 3980 1831 4054 exauguratusa.
1854 3971 1978 4036 170
2000 3975 2041 4038 t.
2059 3976 2142 4048 2;
2171 3978 2483 4055 patronus
2513 3967 2831 4034 sodalium
2848 3965 3368 4033 Homulanomm

792 4081 833 4140 t.
872 4080 929 4143 1.
977 4110 1061 4121 —
1107 4073 1263 4139 Sine
1304 4073 1536 4138 idonea
1580 4092 1779 4138 causa
1821 4072 1985 4138 idem
2015 4077 2292 4155 putatur
2334 4072 2623 4136 Anneius
2667 4071 2939 4156 Rav(us)
2981 4091 3047 4136 n.
3074 4074 3214 4136 463.

685 4214 766 4225 —
829 4187 894 4243 C.
941 4185 1412 4242 CAERELLIVS
1459 4185 1810 4240 FVFIDIVS
1855 4184 2138 4239 ANNIVS
2179 4184 2424 4239 RAVVS
2469 4182 3037 4241 POLLITTIANVS.
3161 4168 3206 4207 '⁸

668 4284 787 4347 524
833 4281 956 4365 [AN
974 4280 1212 4366 ?]N1VS
1259 4279 1654 4364 RV[FIN]VS,
1700 4277 2096 4344 clarissimus
2125 4280 2246 4362 vir,
2294 4278 2406 4364 qui
2438 4276 2814 4362 Thysdrum
2845 4294 2931 4341 ex
2965 4273 3373 4359 indulgentia

785 4385 1096 4471 principis
1127 4393 1315 4449 curat
1343 4384 1452 4466 (=
1483 4386 1744 4447 curator
1777 4381 2060 4446 coloniae
2098 4380 2596 4463 Thysdritanae)
2643 4379 2827 4445 VHI
2856 4382 2938 4446 51
2983 4383 3025 4446 t.
3067 4377 3372 4461 Thysdri-

788 4492 995 4563 tanus,
1023 4485 1277 4550 ‘litteris
1303 4486 1509 4550 medio
1530 4484 1781 4550 saeculo
1806 4485 1990 4549 tertio
2013 4504 2138 4549 non
2159 4483 2645 4566 posterioribus'
2683 4482 3043 4548 Wlmanns
3062 4481 3176 4564 qui
3190 4478 3372 4544 vidit.

666 4590 783 4655 525
827 4587 1084 4654 Annius
1114 4588 1405 4671 Rufinus,
1454 4589 1559 4652 vir
1603 4589 1922 4672 egregius,
1971 4594 2355 4674 procurator
2391 4595 2457 4650 et
2486 4584 2851 4670 praefectus
2882 4581 3150 4668 Alpium
3178 4582 3371 4646 mari-

784 4693 1087 4757 timarum
1132 4691 1295 4756 XII
1342 4694 1422 4755 78
1476 4695 1516 4755 t.
1563 4691 1633 4755 E
1640 4690 2055 4755 brodunensis
2072 4741 2087 4766 ,
2148 4688 2326 4753 cuius
2385 4687 2565 4752 lectio
2620 4708 2751 4752 non
2806 4686 2971 4751 satis
3028 4690 3203 4750 certa
3260 4688 3370 4749 est.

787 4794 1033 4860 Nomen
1076 4794 1480 4878 imperatoris
1511 4793 1732 4876 per-iit,
1780 4792 1870 4857 ad
1885 4796 1889 4801 ’
1908 4790 2388 4857 Diocletianum
2431 4795 2475 4854 t.
2519 4789 2766 4855 rettulit
2808 4787 3216 4870 Hirschfeld.-

665 4898 783 4963 526
827 4897 1078 4963 Annius
1109 4896 1336 4980 Rufus,
1376 4906 1759 4982 procurator
1788 4894 2069 4961 Iudaeae
2103 4916 2179 4959 eo
2221 4903 2509 4979 tempore
2540 4914 2672 4978 quo
2703 4890 3044 4975 Augustus
3079 4898 3372 4955 mortuus

787 5010 881 5065 est
924 4997 1125 5079 (circa
1170 5021 1231 5064 a.
1261 5004 1515 5066 12-15
1545 5021 1619 5083 p.
1661 4997 1778 5083 0.),
1824 4998 2077 5081 Ioseph.
2126 5001 2256 5065 ant.
2306 5000 2405 5073 18,
2438 5000 2505 5074 2,
2535 5001 2605 5062 2.
3234 5016 3240 5021 ‘

668 5102 783 5168 527
827 5102 1079 5168 Annius
1123 5101 1355 5185 Rufum,
1404 5102 1480 5169 L.
1525 5100 1589 5185 f.,
1637 5098 1815 5165 tribu
1860 5099 2033 5183 Ouf„
2079 5109 2391 5186 patronus
2432 5097 2911 5164 Canusinorum
2956 5093 3076 5161 IX
3103 5098 3236 5160 340
3279 5094 3365 5176 cf.

782 5202 1063 5270 Anniam
1104 5204 1434 5289 Rufinam.
