3859 5992
533 528 813 586 ANNIVS
1847 515 1932 582 74
3003 519 3249 576 ΔΝΝΙΑ

791 724 1001 789 Natus
1049 732 1146 787 est
1188 744 1247 787 a.
1302 723 1422 787 163
1464 719 1602 803 (qui
1641 740 1850 786 annas
1893 741 1970 785 ex
2013 724 2288 803 tempore
2327 719 2552 785 mortis
2582 718 2905 803 efficitur).
2983 718 3253 784 Petente

624 848 629 853 ”
664 828 743 892 L.
787 826 963 891 Vero
1009 846 1094 889 ex
1135 824 1384 889 oriente
1443 844 1739 905 reverse,
1803 832 1877 887 ut
1934 822 2050 887 filii
2095 822 2303 887 Marci
2349 819 2664 887 Caesares
2722 821 3255 907 nuncuparentur

662 930 769 997 vit.
819 928 1044 993 Marci
1085 932 1191 1004 12,
1236 930 1297 1004 8,
1344 924 1740 993 Commodus
1792 935 1858 989 et
1898 924 2115 991 Verus
2160 922 2350 990 simul
2395 923 2707 991 Caesares
2750 922 3059 1010 appellati
3104 935 3255 991 sunt

669 1031 775 1096 die
824 1033 902 1096 12
944 1052 1030 1095 ιιι.
1075 1029 1381 1095 Octobris
1420 1051 1479 1094 a.
1531 1029 1653 1094 166
1685 1029 1796 1093 vit.
1837 1026 2074 1095 Comm.
2104 1032 2163 1104 1,
2209 1032 2327 1105 10,·
2368 1032 2467 1104 11,
2512 1030 2594 1092 13
2635 1027 2720 1109 cf.
2762 1028 2998 1092 mmwn.
3072 1026 3252 1091 Dum

666 1134 931 1199 Marcus
988 1132 1074 1198 ad
1131 1130 1374 1197 bellum
1431 1130 1987 1197 Marcomanicum
2042 1129 2365 1215 proficisci
2425 1139 2645 1216 parat,
2709 1128 2834 1196 sub
2893 1130 3052 1214 ipsis
3109 1151 3251 1216 pro·

669 1237 967 1304 fectionis
1013 1233 1246 1301 diebus
1291 1237 1377 1319 (a.
1426 1234 1577 1317 169)
1637 1236 1704 1299 in
1749 1256 2006 1300 secessu
2050 1234 2472 1299 Praenestino
2516 1252 2717 1317 agens
2759 1231 2965 1298 filium
3008 1231 3255 1299 Verum

670 1339 1015 1405 Caesarem
1061 1347 1321 1403 exsecto
1364 1337 1489 1403 sub
1525 1358 1683 1402 aure
1726 1336 1956 1402 tubere
1997 1345 2371 1422 septennem
2414 1337 2649 1418 amisit,
2696 1356 2888 1421 quem
2935 1355 3065 1399 non
3108 1333 3254 1420 plus

672 1445 963 1529 quinque
1003 1440 1233 1507 diebus
1276 1439 1448 1506 luxit
1490 1442 1823 1526 iussitque,
1871 1449 1945 1504 ut
1990 1447 2240 1503 statuae
2273 1436 2406 1503 filio
2450 1447 2706 1503 mortuo
2749 1436 3255 1502 decernerentur

669 1555 735 1610 et
778 1547 990 1628 imago
1029 1566 1227 1609 aurea
1269 1541 1668 1608 circensibus
1711 1564 1829 1628 per
1871 1563 2174 1628 pompam
2203 1540 2492 1624 ferenda,
2538 1550 2605 1606 et
2631 1549 2707 1606 ut
2730 1538 2951 1605 saliari
2983 1539 3253 1603 carmini

667 1669 902 1713 nomen
947 1649 1086 1711 eius
1131 1648 1526 1711 insereretur
1566 1646 1675 1714 vit.
1725 1645 1950 1709 Marci
1990 1649 2096 1721 21,
2140 1649 2292 1710 3-5.

547 1752 672 1818 539
718 1751 872 1817 SeX.
919 1749 1175 1814 Annius
1217 1749 1452 1832 Verus,
1500 1747 1574 1814 O.
1619 1747 1664 1813 f.
1700 1748 1863 1814 XII
1891 1752 2018 1814 506
2060 1752 2104 1816 t.
2147 1747 2356 1831 Aquis
2401 1746 2645 1812 Sextiis
2672 1746 2946 1828 positae.

543 1856 671 1920 540
713 1862 998 1917 ANNIVS
1029 1860 1464 1917 vmclAst
1498 1851 1852 1934 (Vinianus
1879 1850 2142 1916 Annius
2180 1849 2373 1916 codex
2404 1847 2733 1913 Medieeus
2771 1847 2997 1924 Taciti,
3023 1843 3256 1916 Ἄννιος

669 1955 851 2035 Dio),
895 1954 1073 2039 filius
1116 1960 1190 2019 ut
1229 1953 1479 2019 videtur
1523 1955 1602 2019 L.
1647 1952 1858 2019 Annii
1901 1952 2252 2031 Viniciani,
2297 1972 2501 2037 gener
2548 1951 2825 2016 Domitii
2869 1947 3256 2016 Corbulonis

669 2057 957 2123 nondum
1001 2059 1326 2122 senatoria
1375 2065 1605 2140 aetate,
1669 2054 1781 2120 sed
1844 2077 1962 2142 pro
2022 2055 2235 2139 legato
2288 2055 2555 2140 quintae
2614 2051 2855 2136 legioni
2916 2053 3257 2138 impositus

672 2184 730 2227 a.
776 2162 859 2226 63
912 2160 1062 2226 Tac.
1108 2181 1169 2225 a.
1215 2163 1314 2237 15,
1362 2162 1481 2236 28,
1524 2157 1658 2224 Dio
1700 2164 1804 2237 62,
1849 2163 1958 2226 23.
2062 2158 2256 2223 Anno
2301 2159 2383 2222 65
2445 2155 2732 2223 Corbulo
2795 2177 2943 2221 eum
2986 2156 3258 2220 Romam

671 2263 846 2327 misit
888 2263 1136 2349 specie,
1178 2272 1259 2327 -ut
1302 2260 1662 2326 Tiridatem
1706 2262 1774 2325 in
1819 2261 2049 2326 urbem
2088 2259 2457 2341 deduceret,
2503 2281 2577 2324 re
2621 2279 2782 2323 vera
2840 2267 2916 2323 ut
2961 2256 3256 2322 obsidem

672 2365 824 2430 fidei
855 2387 1047 2449 suae3
1092 2364 1265 2429 Nero
1298 2385 1445 2429 eum
1490 2373 1640 2430 ante
1683 2374 2058 2449 praeturam
2099 2361 2429 2427 consulem
2476 2362 2632 2426 fecit
2668 2360 2803 2426 Dio
2831 2359 2873 2425 l.
2905 2359 2946 2425 l.
3026 2357 3261 2425 Consul

673 2466 975 2547 suffectus
1018 2489 1078 2532 a.
1112 2470 1192 2532 66
1232 2468 1328 2532 vel
1364 2471 1465 2533 67.
1538 2465 1652 2539 Ad
1693 2487 1833 2531 eum
1863 2466 2188 2549 pertinere
2228 2464 2475 2529 videtur
2522 2463 2884 2527 coniuratio
2912 2461 3261 2528 Viniciana

672 2571 994 2656 posterior
1036 2570 1389 2635 Pisoniana
1425 2570 1779 2641 Beneventi
1830 2569 2107 2633 conflata
2150 2577 2347 2652 atque
2390 2566 2649 2632 detecta
2679 2565 2939 2632 Sueten.
2975 2564 3153 2630 Nero
3179 2567 3261 2629 36

674 2674 757 2756 cs.
804 2672 1081 2749 Hennen,
1126 2671 1300 2737 Acta
1345 2671 1663 2737 arvaliam
1692 2693 1767 2755 p.
1799 2677 1939 2738 115.

547 2779 667 2843 541
717 2786 785 2841 L.
831 2784 1113 2840 ANNIVS
1158 2784 1594 2840 VINICIANVS
1639 2780 2028 2840 memoratur
2084 2774 2154 2838 in
2211 2772 2371 2837 actis
2413 2771 2757 2837 Arvalium
2815 2770 2978 2835 anni
3014 2773 3099 2835 38
3158 2769 3258 2835 VI

673 2882 855 2946 2028
890 2879 982 2961 (1)
1036 2882 1096 2943 et
1145 2878 1303 2943 armi
1342 2882 1427 2942 40
1482 2877 1585 2942 VI
1612 2881 1784 2944 2030
1826 2876 1921 2961 (2)
1976 2896 2139 2941 corr.
2184 2873 2453 2958 them
2498 2895 2596 2957 ep.
2638 2877 2683 2938 8
2713 2894 2786 2956 12·
2815 2876 2963 2940 324.
3054 2871 3262 2938 Plena

673 2981 934 3047 nomina
972 2984 1189 3044 extant
1230 2981 1300 3044 in
1346 2984 1388 3044 t.
1423 2985 1482 3058 1,
1528 2980 1600 3044 in
1645 2979 1868 3044 tabula
1895 2985 1945 3045 2
1985 2983 2205 3044 extant
2249 3026 2265 3042 .
2290 3027 2305 3041 .
2330 3026 2346 3042 .
2373 3027 2388 3042 .
2411 2978 2605 3041 nnius
2646 2976 3032 3041 Vinicianus
3073 2994 3131 3042 v.
3162 2979 3262 3051 17,

681 3134 695 3149 .
725 3133 740 3148 .
768 3133 783 3148 .
808 3084 1104 3147 nicianus
1132 3103 1188 3146 v.
1230 3087 1288 3159 1,
1324 3132 1339 3146 .
1366 3132 1381 3146 .
1411 3132 1424 3147 .
1453 3132 1466 3147 .
1494 3084 1722 3146 cianus
1751 3103 1807 3147 v.
1835 3086 1926 3148 26
1938 3100 1959 3160 ;
1994 3080 2250 3145 Annius
2281 3079 2667 3146 Vinicianus
2698 3077 2850 3156 Dio,
2882 3077 3265 3142 Vinicianus

689 3187 966 3263 Tacita-5,
1006 3182 1239 3256 ’Ἄννιος
1283 3183 1671 3256 Μινουκιανός
1710 3205 1924 3250 errore
1971 3182 2295 3265 Iosephus.

802 3286 1010 3352 Filius
1042 3286 1246 3352 Annii
1287 3286 1631 3370 Pollionis3
1676 3308 1846 3351 anno
1887 3288 1969 3351 32
2015 3296 2201 3371 pater
2242 3283 2545 3371 filiusque
2594 3284 2771 3349 ‘clari
2816 3304 3025 3367 genus
3069 3293 3263 3370 atque

677 3391 846 3456 idem
888 3391 1151 3455 summis
1188 3389 1567 3455 honoribus'
1605 3390 1718 3472 (=
1748 3387 2137 3470 consulares)
2183 3388 2538 3453 maiestatis
2583 3385 2887 3472 postulati
2935 3396 3103 3469 sunt,
3151 3385 3265 3450 sed

676 3491 980 3557 Tiberius
1031 3491 1284 3558 distulit
1328 3515 1588 3558 causam
1640 3492 1787 3560 Tac.
1836 3513 1896 3556 a.
1944 3496 2002 3569 6,
2052 3496 2112 3558 9.
2217 3490 2454 3557 Consul
2495 3491 2695 3574 ἱρέων
2743 3487 3045 3568 suffectus
3094 3509 3264 3554 anno

676 3597 915 3661 incerto
959 3601 1106 3661 ante
1149 3618 1209 3661 a.
1255 3600 1362 3663 32.
1452 3595 1645 3661 Anno
1689 3596 1772 3661 39
1832 3594 2035 3659 frater
2085 3593 2348 3660 Arvalis
2406 3603 2744 3680 cooptatus
2804 3596 2847 3657 t.
2893 3597 2933 3657 1
2993 3589 3263 3675 collegio

677 3697 887 3764 adfuit
912 3721 971 3763 a.
994 3699 1080 3764 40
1111 3703 1153 3764 t.
1182 3704 1250 3766 2.
1296 3697 1465 3764 Cum
1495 3697 1719 3764 Cassio
1752 3696 2047 3763 Chaerea
2075 3696 2352 3783 aliisque
2382 3695 2895 3761 coniurationem
2923 3695 2995 3759 in
3026 3695 3265 3763 Gaium

678 3802 1134 3887 imperatorem
1177 3803 1326 3867 iniit
1366 3801 1615 3885 Ioseph.
1657 3805 1788 3866 ant.
1819 3805 1921 3878 19,
1967 3805 2026 3878 1,
2071 3804 2132 3864 3.
2177 3804 2237 3866 9.
2285 3803 2385 3865 13.
2430 3802 2547 3877 19,·
2605 3802 2707 3875 19,
2758 3803 2817 3875 4,
2862 3801 2924 3862 3.
2999 3796 3154 3861 Fuit
3198 3797 3261 3858 in

677 3925 946 3969 numero
978 3926 1202 3969 eorum
1232 3905 1344 3990 qui
1374 3914 1520 3990 post
1550 3926 1775 3969 necem
1807 3903 1936 3970 Gai
1967 3903 2235 3989 imperio
2266 3901 2447 3984 digni
2482 3899 2686 3966 habiti
2719 3910 2870 3966 sunt
2891 3898 3026 3965 Dio
3047 3902 3261 3977 60‚15.

680 4006 870 4072 Anno
901 4007 985 4072 42
1018 4005 1365 4073 Camillum
1396 4005 1895 4073 Scribonianum
1927 4005 2013 4071 ad
2044 4004 2473 4070 defectionem
2506 4003 2778 4090 impulit,
2826 4012 2893 4067 et
2920 4010 3264 4088 postquam

679 4131 783 4173 res
827 4131 1012 4174 secus
1053 4111 1262 4192 cessit,
1309 4111 1449 4195 ipse
1493 4132 1562 4174 se
1608 4111 1936 4175 interemit
1977 4108 2109 4174 Dio
2156 4108 2198 4174 l.
2246 4107 2285 4173 l.
2334 4107 2600 4192 (Zonar.
2632 4112 2729 4191 11,
2762 4110 2849 4191 9).

572 4251 658 4259 —
724 4210 845 4277 On.
891 4211 1219 4277 Domitius
1264 4211 1520 4277 Annius
1562 4210 1905 4298 leianus.

555 4317 679 4380 542
724 4313 944 4379 Annia
1015 4314 1348 4396 (ameriam
1417 4313 1596 4377 caius
1672 4311 1925 4396 aetatis)
1991 4312 2194 4377 vidua
2271 4310 2458 4378 alteri
2532 4312 2676 4376 viro
2744 4308 2992 4375 nubere
3061 4308 3267 4374 noluit

683 4417 926 4484 Seneca
970 4416 1057 4497 fr.
1105 4420 1185 4481 75
1214 4414 1303 4480 H.

554 4522 679 4586 543
726 4519 963 4601 Annia,
1011 4517 1313 4600 edictum,
1346 4517 1523 4604 quod
1554 4516 1894 4583 dicebatur
1923 4517 2208 4602 Augusti
2246 4516 2331 4581 ad
2362 4516 2650 4581 Anniam
2679 4517 3014 4603 pertinens
3042 4536 3265 4581 memo-

679 4628 869 4687 ratur
913 4620 1090 4689 Ptin.
1139 4620 1226 4686 ad
1276 4621 1545 4686 Traian.
1593 4624 1690 4698 65,
1734 4626 1794 4686 3.
3176 4608 3180 4612 ’

553 4726 680 4791 544
722 4733 964 4789 ANNIA
994 4732 1511 4806 ALEXANDR1A‚
1562 4722 1942 4807 [clarissima
1972 4720 2253 4805 femina],
2301 4723 2587 4785 coniunx
2617 4720 2693 4784 L.
2727 4719 2885 4785 Steii
2916 4718 3262 4785 Aemiliani
3317 4746 3323 4750 ·

680 4829 807 4892 viri
852 4826 1193 4891 clarissimi
1239 4826 1342 4891 VI
1361 4831 1540 4892 1341.

554 4932 678 4996 545
724 4939 946 4994 APPIA
988 4937 1230 4994 ANNIA
1258 4938 1519 4994 ATILIA
1550 4937 1883 4992 REGILLA
1909 4936 2269 4992 ELPINICE
2299 4934 2709 4991 AGRIPP1NA
2741 4932 2973 4988 ATRIA
3001 4932 3264 4988 POLLA.

689 5033 888 5100 Tituli
898 5053 939 5115 ·‘.
951 5031 1209 5116 publice
1254 5034 1334 5097 ab
1366 5032 1554 5097 Eleis
1597 5032 1658 5096 ei
1684 5032 1939 5114 positus
1989 5036 2031 5096 t.
2077 5029 2437 5115 Olympicus
2475 5030 2545 5094 in
2592 5027 2827 5095 exedra
2865 5026 2961 5092 Ti.
3003 5024 3269 5091 Claudii

683 5137 964 5203 Herodis
990 5133 1524 5219 Archaoloffl'sche
1554 5134 1826 5217 Zeitwny
1860 5137 2027 5198 1878
2057 5154 2130 5216 p.
2162 5137 2244 5199 95
2284 5154 2351 5198 n.
2382 5135 2510 5199 152
2540 5132 2648 5217 (1),
2694 5126 3070 5214 sepulcralis
3109 5127 3266 5194 GIA
