3859 5992
689 537 1110 593 CORNELIVS
1984 530 2108 593 462
2876 536 3387 625 *gp-arnum

949 736 1100 800 Sex.
1148 733 1488 800 Cornelius
1553 735 1957 821 Repentinus
2017 740 2060 798 t.
2106 741 2164 811 1,
2226 734 2569 800 Cornelius
2618 735 3063 820 Re[pentinus]
3110 740 3153 798 t.
3196 740 3264 799 2.
3318 772 3391 781 -

818 836 1159 903 Cornelius
1193 839 1586 923 Repentinus
1617 839 1686 901 in
1718 839 2124 920 e'nscriptimw
2153 837 2458 918 epistulae
2486 837 2837 903 Frontonis
2880 838 2968 902 ad
3010 840 3191 904 amic.
3224 843 3292 912 2,
3323 842 3392 913 4,-

821 941 1045 1005 ‘frater
1090 940 1427 1006 Contucci’
1477 938 1726 1004 Fronto
1770 961 1910 1003 {um
1956 939 2321 1021 adloquitur
2366 941 2433 1004 in
2478 937 2749 1022 ipistula
2799 942 2955 1023 ipsa.
3029 940 3155 1006 Sed
3190 941 3396 1021 magis

820 1042 1189 1107 crediderim
1230 1044 1400 1125 siyn‘i
1427 1044 1636 1107 instar
1678 1042 2082 1106 sztuecium
2131 1044 2193 1106 ei
2232 1043 2430 1124 tuisse
2473 1064 2662 1125 quam
2708 1065 3058 1126 coynomen,
3103 1041 3399 1105 similist*-

820 1151 1005 1227 aique
1039 1145 1440 1211 Naucellium
1473 1146 1541 1209 in
1579 1145 1859 1210 Claudio
1889 1144 2149 1209 Iuliano
2194 1148 2275 1226 of.
2315 1166 2514 1228 supra
2555 1167 2618 1213 n.
2649 1151 2792 1211 719.
2865 1145 3149 1210 ‘Frater‘
3186 1149 3399 1208 autem

823 1249 966 1311 ilem
1012 1270 1054 1311 a
1095 1247 1420 1312 Frontone
1463 1248 1805 1330 honorifice
1846 1247 2207 1329 appellatur
2251 1247 2598 1312 Passienus
2639 1249 2856 1330 Rufus
2900 1248 2987 1312 ad
3029 1248 3214 1312 amic.
3249 1253 3305 1322 1,
3338 1257 3397 1321 8,

822 1349 1073 1416 Caelius
1114 1344 1385 1433 Optatus
1431 1350 1556 1417 ibd.
1600 1356 1660 1426 1,
1706 1356 1764 1426 9,
1825 1350 1952 1433 (M.
1996 1349 2262 1427 Gavius)
2310 1351 2565 1433 Squilla
2610 1351 2990 1416 Gallicanus
3036 1350 3161 1415 ibd.
3209 1355 3269 1426 1,
3314 1352 3399 1414 25

823 1453 900 1534 ef.
947 1458 1005 1517 et
1048 1452 1495 1527 Frz'edlc‘inder,
1558 1452 2051 1537 Darstellunqen
2097 1474 2215 1518 aus
2261 1453 2371 1518 der
2416 1453 2967 1536 Sittenyeschiehte
3011 1454 3091 1517 1⁶
3134 1475 3207 1534 p.
3261 1457 3399 1516 137.

952 1555 1331 1620 Praefectus
1378 1557 1699 1640 praetorio
1747 1560 1789 1619 t.
1835 1561 1908 1631 1,
1972 1579 2011 1620 a
2061 1557 2535 1620 commentariis
2581 1555 2841 1621 Corneli
2888 1556 3255 1641 Re[pentini
3306 1577 3401 1639 pr.

827 1658 944 1743 pr.]
991 1663 1031 1726 t.
1077 1664 1155 1734 2,
1220 1658 1520 1724 Cornelio
1581 1658 1942 1745 Repentino
2006 1658 2151 1744 [p]r.
2211 1658 2353 1745 [pr.]
2416 1659 2866 1724 restituendum
2908 1658 3153 1723 videtur
3198 1659 3267 1720 in
3317 1657 3401 1719 in·

822 1762 1163 1846 scriptione
1208 1760 1512 1843 epistulae
1556 1761 1596 1824 l.
1642 1761 1704 1841 l.,
1764 1761 1878 1825 ubi
1927 1761 2209 1825 traditur
2252 1761 2365 1842 fr.;
2426 1761 2798 1827 Antoninus
2846 1762 3002 1826 Pius
3062 1762 3126 1824 in
3188 1759 3403 1823 locum

826 1865 995 1929 Tatii
1034 1863 1304 1928 Maximi
1337 1862 1654 1928 demortui
1688 1863 1851 1928 duos
1894 1864 2256 1950 praefectos
2303 1862 2635 1928 substituit
2662 1862 2940 1928 Fabium
2971 1865 3401 1951 Repentinum

828 1978 892 2030 ct
936 1965 1310 2032 Cornelium
1356 1967 1765 2030 Victorinum
1808 1967 1916 2032 m‘t.
1962 1966 2078 2031 Pii
2116 1971 2177 2043 8,
2224 1971 2267 2030 8
2319 1967 2599 2032 traditur
2643 1988 2856 2031 errore
2896 1966 3024 2031 sive
3069 1964 3410 2047 bioyrapki

825 2072 954 2133 sire
992 2069 1434 2145 librar-ioman
1471 2068 1871 2151 ivdelleyendae'
1908 2074 2074 2146 sunt,
2119 2074 2191 2133 ut
2232 2068 2390 2133 vidit
2428 2068 2756 2152 Boryhesi,
2800 2068 3130 2134 Gomwlius
3159 2068 3403 2149 Repen-

829 2174 998 2235 tinus
1027 2176 1086 2235 et
1115 2170 1363 2235 Fum'us
1410 2170 1782 2235 Victorinus.
1860 2169 1941 2234 Vt
1973 2176 2136 2235 recte
2169 2170 2470 2235 tradatur
2511 2171 2579 2235 in
2623 2176 2666 2234 t.
2696 2177 2735 2236 1
2777 2170 3226 2253 cssarissimus)
3274 2170 3405 2253 [v.],

829 2297 905 2337 ex
920 2276 1339 2357 praefectura
1356 2275 1680 2355 praetorii
1707 2275 1774 2338 in
1805 2273 2089 2338 ordinem
2114 2273 2571 2355 amplissimum
2601 2273 2883 2338 adlectus
2911 2279 3019 2338 est.
3056 2313 3121 2321 —
3160 2274 3405 2337 Fronto

829 2377 912 2441 ad
957 2399 1104 2441 eum
1150 2378 1409 2462 scripsit
1452 2377 1630 2458 epist.
1679 2377 1719 2441 l.
1768 2374 1807 2440 l.

743 2518 829 2526 -
869 2491 935 2547 L.
1000 2488 1443 2544 STERTINIVS
1511 2488 2047 2556 QVINTILIANVS
2116 2489 2413 2543 ACILIVS
2492 2487 2779 2542 STRABO
2848 2490 2913 2556 Q.
2985 2487 3405 2543 CORNELIVS

831 2592 1185 2646 RVSTICVS
1233 2591 1603 2646 APRONIVS
1652 2589 1975 2645 SENECIO
2024 2590 2403 2645 PROCVLVS
2448 2580 2587 2645 vide
2630 2601 2829 2663 supra
2870 2603 2931 2644 n.
2979 2586 3156 2645 1163.

710 2694 872 2760 1169
919 2693 1260 2759 Cornelius
1317 2694 1632 2773 Sabinus,
1697 2693 1992 2758 tribunus
2053 2694 2611 2778 praetorianorum
2663 2692 3124 2756 coniurationis
3184 2702 3409 2755 contra

834 2799 1284 2883 imperatorem
1331 2797 1569 2862 Gaium
1615 2797 1938 2882 particeps
1981 2796 2236 2860 Sueton.
2280 2795 2485 2877 Caliy.
2516 2798 2616 2872 58,
2662 2794 2795 2860 Dio
2824 2800 2925 2870 59,
2955 2799 3043 2860 29
3087 2795 3409 2877 (Zonaras

833 2906 932 2977 11,
966 2899 1048 2981 7),
1095 2900 1339 2982 Ioseph.
1374 2904 1503 2966 ant.
1537 2905 1634 2975 19,
1672 2906 1728 2976 1,
1764 2905 1967 2978 7-14;
2012 2904 2110 2975 19,
2143 2904 2203 2975 4,
2235 2904 2290 2965 4.
2324 2903 2401 2975 5,·
2443 2899 2581 2983 ipse
2620 2920 2690 2961 se
2733 2899 3057 2963 interemit
3086 2896 3217 2963 Dio
3249 2904 3348 2973 60,
3371 2903 3412 2962 3

834 3003 1157 3085 (Zonaras
1186 3009 1284 3079 11,
1317 3003 1402 3084 8),
1450 3003 1697 3086 Ioseph.
1732 3007 1863 3067 ant.
1894 3008 1993 3078 19,
2024 3008 2082 3079 4,
2114 3007 2172 3066 6.

712 3114 875 3180 1170
921 3124 981 3179 Ρ.
1029 3124 1450 3178 CORNELIVS
1512 3123 2011 3195 SAECVLARIS,
2074 3112 2299 3178 consul
2361 3114 2427 3178 11
2487 3135 2652 3177 anno
2716 3114 2841 3178 260
2902 3135 3052 3178 cum
3102 3112 3176 3179 C.
3224 3114 3408 3177 Iunio

837 3218 1096 3281 Donato
1144 3218 1228 3283 11.
1328 3218 1411 3281 In
1469 3217 1833 3281 consulatu:
1891 3217 1965 3282 P.
2023 3215 2363 3282 Cornelius
2426 3215 2793 3281 Saecularis
2852 3215 2973 3280 XI
3002 3220 3185 3281 5748.
3229 3220 3408 3291 5750,

840 3325 1108 3384 ceterum
1176 3319 1543 3385 Saecularis
1608 3321 1786 3401 fasti.
1854 3357 1942 3365 —
2005 3319 2345 3385 Cornelius
2407 3318 2775 3384 Saecularis
2842 3318 3205 3404 praefectus
3270 3316 3407 3382 urbi

839 3447 894 3486 a.
942 3423 1067 3489 258
1089 3424 1284 3488 --260
1335 3422 1898 3506 Chronoyraphus.

752 3564 838 3570 —
881 3536 942 3589 l'.
989 3534 1315 3590 LICINIVS
1367 3534 1787 3591 CORNELIVS
1837 3534 2259 3590 sALONINVs
2306 3533 2790 3588 VALERIANVS
2838 3532 3145 3589 CAESAR.

716 3645 872 3711 1171
926 3657 990 3712 L.
1017 3654 1438 3710 CORNELIVS
1475 3656 1785 3710 SALVIVS
1817 3655 2114 3729 TVSCVS,
2143 3645 2339 3709 salius
2375 3643 2707 3709 Palatinus
2740 3654 3076 3728 cooptatus
3105 3665 3276 3707 anno
3292 3614 3408 3704 ‘181

849 3747 951 3812 VI
983 3753 1145 3813 1979
1181 3749 1344 3829 fasti
1386 3748 1734 3814 Saliorum.

725 3870 881 3934 1172
929 3877 1352 3932 CORNELIVS
1398 3877 1888 3944 SATVRNINVS,
1936 3870 2038 3931 vir
2082 3866 2476 3930 clarissimus
2524 3865 2627 3929 VI
2660 3870 2839 3930 1389.

717 3989 880 4055 1172
898 4013 938 4053 a
969 3988 1310 4055 Cornelius
1336 3989 1743 4068 SaturninuS,
1771 3988 2061 4073 sculptor
2084 3988 2351 4073 quidam
2375 3986 2647 4052 Oeensis
2663 3985 2861 4069 Apul.
2888 3984 3056 4068 apol.
3081 3992 3181 4048 61.
3198 3990 3304 4049 62.
3325 3990 3416 4047 63.

718 4110 882 4174 1173
929 4111 1407 4191 (CORNELIVS)
1441 4118 1697 4188 SCIPIO,
1746 4108 2004 4173 adulter
2049 4107 2253 4173 Iuliae
2286 4107 2566 4191 Augusti
2610 4106 2782 4170 filiae
2828 4107 3092 4192 punitus
3138 4106 3331 4184 (anno
3374 4110 3418 4168 2

847 4235 907 4279 a.
951 4214 1049 4300 O.)
1098 4213 1365 4277 Velleius
1409 4219 1474 4289 2,
1523 4218 1660 4289 100,
1704 4218 1763 4278 5.
1852 4211 2164 4277 Diversus
2208 4213 2291 4274 sit
2330 4230 2571 4275 neeesse
2616 4214 2706 4274 est
2750 4231 2792 4273 a
2837 4208 2913 4273 P.
2961 4208 3256 4290 Scipione.
3300 4227 3418 4270 cos.

844 4339 902 4383 a.
953 4321 1076 4380 738
1122 4346 1198 4368 -2-
1249 4322 1330 4380 16
1375 4339 1434 4383 a.
1479 4316 1571 4392 C„
1616 4316 1728 4398 qui
1768 4317 1978 4397 frater
2022 4316 2310 4378 uterinus
2352 4315 2481 4396 fuit
2524 4313 2758 4377 Iuliae.

724 4436 885 4501 1174
934 4437 1042 4520 [Ρ.]
1092 4446 1510 4501 CORNELIVS
1560 4437 1884 4517 (SCIPIO),
1942 4433 2162 4498 consul
2223 4434 2529 4498 suffectus
2587 4453 2756 4496 anno
2805 4431 2930 4496 716
2974 4460 3055 4484 =
3101 4430 3184 4493 38
3246 4452 3300 4491 a.
3349 4430 3417 4493 C.

846 4542 1009 4622 fasti
1067 4542 1339 4604 minores
1393 4538 1577 4604 VIII
1622 4537 1774 4603 CIL
1817 4538 1869 4603 I
1877 4539 1902 4576 ²
1936 4560 2009 4621 p.
2041 4542 2139 4602 65.
2232 4535 2431 4601 Pater
2490 4535 2738 4599 videtur
2794 4532 2872 4597 P.
2929 4531 3212 4597 Cornelii
3250 4530 3328 4596 P.
3373 4531 3418 4610 f.

850 4643 926 4708 P.
974 4666 1035 4707 n.
1086 4643 1406 4725 Scipionis
1452 4662 1574 4706 603.
1622 4661 1788 4705 anno
1837 4640 1957 4704 738
1996 4671 2053 4692 -z
2121 4645 2199 4705 16
2245 4662 2305 4703 a.
2350 4638 2420 4705 C.
2468 4643 2527 4702 et
2574 4636 2907 4703 Corneliae
2952 4635 3169 4700 uxoris
3210 4632 3425 4697 Paulli

847 4747 1117 4811 Aemilii
1141 4745 1374 4828 Lepidi
1417 4745 1708 4821 censoria
1756 4765 1945 4825 quam
1991 4766 2021 4806 e
2060 4748 2242 4825 yente
2273 4746 2558 4825 paterna
2588 4739 2961 4822 Scipionum
3002 4736 3208 4820 filiam
3254 4734 3421 4800 Seri·

852 4852 1076 4916 boniae
1119 4851 1318 4929 t'uisse
1354 4848 1554 4930 eleye'a
1581 4846 1910 4929 Propertii
1934 4852 1992 4922 5,
2027 4851 2104 4909 11
2137 4849 2379 4909 constat
2410 4866 2464 4910 υ.
2498 4844 2677 4925 infra
2708 4864 2771 4908 n.
2803 4846 3007 4917 1206,·
3052 4840 3134 4920 cf.
3170 4838 3419 4904 Sueten.

846 4956 1118 5037 Auyust.
1150 4957 1268 5017 62.-
1317 4952 1702 5033 ‘Scribonia,
1751 4960 2102 5034 antequam
2138 4971 2195 5012 a.
2234 4947 2306 5013 C.
2342 4945 2624 5013 Caesare
2655 4946 2790 5026 (qui
2817 4948 3047 5026 postea
3076 4941 3418 5023 Auyustus)

851 5080 1015 5124 uxor
1046 5056 1410 5137 duceretur,
1445 5052 1698 5118 duobus
1734 5049 2183 5116 consularibus
2216 5060 2417 5135 nupta
2446 5049 2586 5132 fuit,
2619 5069 2703 5112 ex
2733 5045 2935 5111 altero
2970 5046 3165 5109 etiam
3193 5049 3413 5107 mater‘

851 5164 933 5245 ef.
977 5181 1179 5245 supra
1219 5180 1283 5223 n.
1315 5162 1496 5224 1147.
