3859 5992
605 555 979 611 AVRELIVS
1898 549 2026 613 216
2931 559 3313 615 AVRELIVS

1202 652 1415 660 -.———-——-.

2879 657 3317 665 -—-—-——-———1—

731 771 1094 817 consensum
1124 752 1401 817 omnium
1432 754 1927 819 testimoniorum
1955 757 2247 818 veterum.
2303 754 2746 819 Alexandrum
2777 757 3024 821 Romae
3053 756 3322 841 adopta-

734 860 861 919 tum
908 874 1036 919 esse
1076 859 1150 918 ut
1188 860 1353 919 recte
1396 857 1674 937 refertur
1712 858 1816 920 vit.
1848 856 2215 938 Elayabali
2241 862 2340 933 13,
2372 863 2430 934 1,
2476 859 2572 921 ita
2597 880 2944 941 perperam
2982 858 3322 925 Gaesarem

733 980 775 1022 a
816 962 1040 1021 senatu
1080 956 1385 1022 Macrino
1427 959 1798 1042 interempto
1842 959 2234 1043 appellatum
2279 960 2406 1024 ibd.
2443 964 2501 1036 5,
2532 966 2590 1038 1,
2638 963 2774 1026 vita
2812 967 2869 1036 1,
2899 967 2985 1041 2,·
3025 968 3091 1039 2,
3128 968 3185 1027 4.

860 1057 1105 1124 Consul
1148 1060 1181 1124 I
1226 1081 1374 1124 cum
1420 1061 1569 1148 imp.
1604 1060 1884 1127 Caesare
1926 1062 2019 1127 M.
2049 1061 2320 1127 Aurelio
2366 1062 2697 1127 Antonino
2744 1064 2916 1148 Aug.
2961 1064 3316 1131 Herodian.

728 1166 786 1239 5,
837 1168 892 1239 7,
936 1168 996 1238 4,
1042 1164 1149 1227 vit.
1182 1163 1548 1247 Elagabali
1586 1170 1683 1242 15,
1728 1167 1771 1230 5
1813 1164 1896 1246 cf.
1942 1165 2166 1245 fastos.
2253 1163 2668 1248 Elagabalus,
2715 1189 2910 1252 quem
2954 1168 3318 1255 adoptionis

730 1265 1118 1352 paenitebat,
1167 1265 1412 1331 frustra
1455 1266 1721 1332 insidias
1754 1269 1810 1331 ei
1842 1269 2085 1332 struxit
2111 1269 2219 1331 vit.
2253 1268 2878 1351 Elayabali13-14,
2913 1270 3051 1351 ,Dio
3084 1275 3183 1348 79,
3215 1275 3315 1347 19,

729 1367 1084 1433 Herodian.
1116 1370 1174 1446 5,
1204 1373 1265 1446 8,
1297 1374 1346 1434 2
1372 1390 1501 1452 sqq.
1566 1369 1747 1451 Quas
1780 1380 2080 1456 repetens
2111 1392 2256 1435 cum
2290 1371 2666 1436 interfectus
2710 1383 2896 1457 esset,
2945 1373 3317 1438 Alexander

729 1469 1064 1554 Augustus
1111 1470 1470 1557 appellatus
1517 1483 1615 1537 est
1656 1474 1790 1537 υἱέα
1834 1479 1890 1549 1,
1937 1471 2071 1537 Dio
2111 1476 2216 1550 80,
2262 1479 2319 1549 1,
2372 1473 2724 1538 Herodian.
2768 1480 2827 1552 5,
2872 1479 2933 1553 8,
2980 1481 3083 1541 10.
3154 1476 3318 1541 Inde

732 1572 1094 1655 appellatur
1138 1574 1286 1658 imp.
1335 1572 1574 1639 Caesar
1613 1574 1747 1638 divi
1794 1574 2019 1658 Magni
2068 1574 2382 1639 Antonini
2428 1576 2529 1640 Pii
2575 1575 2778 1659 filius,
2844 1577 2979 1642 divi
3024 1577 3316 1665 Septimii

730 1674 957 1739 Severi
1015 1676 1112 1740 Pii
1180 1697 1376 1761 nepos
1436 1676 1524 1741 M.
1589 1676 1893 1742 Aurelius
1964 1676 2117 1759 (sive
2176 1676 2534 1761 Aurellius)
2604 1678 2885 1745 Severus
2942 1680 3320 1746 Alexander

735 1779 888 1843 Pius
919 1778 1110 1843 Felix
1140 1780 1313 1863 Aug.
1348 1782 1600 1863 passim
1629 1782 1698 1844 in
1729 1781 1952 1857 titulis,
1984 1782 2118 1846 sine
2148 1781 2534 1847 indicatione
2567 1784 2785 1866 patris
2828 1788 2889 1849 et
2928 1785 3037 1848 avi
3064 1786 3322 1867 pariter

728 1881 799 1945 in
841 1883 1113 1945 nummis
1142 1881 1382 1946 Eclclwl
1425 1882 1569 1948 VII
1588 1904 1658 1965 p.
1684 1888 1831 1948 269.
1891 1883 2252 1967 Adoptione
2296 1906 2444 1967 erqo
2488 1888 2724 1950 reiecta
2766 1887 2974 1969 filium
3003 1887 3323 1953 Antonini

724 1982 1118 2068 (Caracalli)
1156 2004 1222 2049 se
1255 1986 1588 2068 professus
1620 1991 1710 2050 est
1739 1991 1799 2050 et
1828 1986 2051 2053 Severi
2075 2008 2300 2053 nomen
2329 1990 2563 2065 statim,
2593 1994 2667 2054 ut
2693 1991 3026 2073 imperium
3057 1990 3321 2073 adeptus

730 2092 837 2163 est,
884 2088 955 2151 in
996 2086 1294 2151 honorem
1326 2089 1433 2152 avi
1460 2109 1637 2169 quem
1670 2089 1917 2171 ferebat
1946 2092 2231 2172 smnpsit.
2293 2091 2644 2173 Perperam
2675 2092 2751 2157 de
2778 2094 3020 2177 oriyine
3047 2095 3323 2160 nomi-nis

724 2188 1088 2254 hariolatur
1133 2195 1357 2255 auctor
1398 2192 1567 2256 vitae
1611 2196 1715 2269 12,
1760 2196 1802 2257 5
1815 2212 1837 2271 ,·
1878 2196 1984 2269 25,
2032 2198 2097 2259 2.
2128 2230 2214 2239 -
2258 2192 2500 2259 Consul
2542 2195 2612 2259 II
2654 2217 2709 2261 a.
2750 2197 2894 2278 226,
2943 2197 3045 2262 ΠΙ
3089 2219 3145 2261 a.
3192 2197 3320 2262 229

730 2294 907 2374 fasti.
958 2330 1037 2340 —
1086 2292 1355 2359 Occisus
1403 2304 1500 2360 est
1560 2316 1779 2359 mense
1821 2294 2062 2360 Martio
2124 2297 2385 2361 ineunte
2443 2320 2502 2362 a.
2548 2298 2672 2363 237
2729 2298 3011 2364 tumultu
3054 2299 3320 2365 militari

729 2397 795 2459 in
843 2396 1198 2463 Germania
1228 2396 1583 2463 Herodian.
1617 2403 1673 2475 6,
1706 2403 1859 2475 8-9,
1905 2400 2042 2463 vita
2068 2403 2170 2467 59.
2209 2404 2308 2476 61,
2354 2401 2462 2463 vit.
2497 2400 2855 2466 Maoeimini
2898 2406 2953 2479 7,
3002 2403 3068 2465 in
3102 2400 3323 2469 Gallia

730 2499 1000 2583 Eutrop.
1041 2502 1102 2577 8,
1147 2504 1269 2577 23;
1323 2498 1718 2583 Mogontiaci
1780 2500 2096 2565 Eusebius
2154 2523 2394 2566 armen.
2455 2502 2545 2567 ad
2587 2524 2647 2568 a.
2692 2502 2854 2570 Abr.
2907 2508 3091 2570 2252
3147 2506 3320 2589 (inde

724 2601 1151 2684 Hieronymus
1208 2602 1423 2667 chron.
1468 2602 1687 2686 2248),
1751 2602 2081 2686 Syncellus
2127 2625 2198 2686 p.
2244 2608 2384 2681 675,
2430 2609 2539 2681 20,
2610 2604 3188 2690 Chronoyraphus;
3252 2609 3319 2672 in

727 2705 1087 2785 Britannia,
1135 2714 1207 2770 ut
1252 2704 1362 2769 alii
1407 2703 1637 2771 volunt
1680 2708 1747 2769 in
1794 2705 2015 2773 Gallia
2054 2709 2117 2770 in
2159 2707 2300 2770 vico
2347 2709 2451 2772 cui
2500 2707 2725 2773 Sicilia
2767 2731 3002 2773 nomen
3047 2720 3145 2775 est
3184 2713 3322 2776 vita

724 2811 825 2884 59,
858 2811 917 2885 6,
965 2808 1111 2871 vico
1158 2808 1556 2891 Britanniae,
1607 2811 1712 2874 cui
1757 2807 2149 2874 vocabulum
2198 2808 2422 2875 Sicilia
2467 2810 2681 2876 Victor
2720 2811 2901 2877 Caes,
2932 2818 3038 2889 24,
3068 2818 3128 2879 5.

857 2927 1077 2993 onr:
1125 2927 1353 2994 Gnaea
1399 2929 1549 2994 Seia
1590 2930 1930 2994 Herennia
1966 2928 2273 2996 Sallustia
2308 2930 2554 2995 Barbia
2584 2930 2881 2997 Orbiana
2914 2954 2968 3001 v.
3001 2934 3114 2998 sub
3148 2932 3317 2998 Seia.

1010 3046 1284 3101 Polemius
1323 3047 1526 3102 Silvius
1550 3049 1770 3115 (chron.
1796 3051 1927 3103 min.
1954 3049 1994 3103 1
2014 3065 2074 3118 p.
2100 3052 2203 3104 521
2232 3048 2312 3103 ed.
2338 3048 2676 3113 Mommsen)
2701 3051 2950 3106 adnotat.-
2990 3049 3321 3106 Antoninus

876 3127 1291 3199 Heliogabalus
1344 3131 1586 3197 occisus,
1642 3133 1748 3188 sub
1798 3150 1911 3203 quo
1965 3131 2269 3187 Marcellus
2324 3132 2539 3188 Caesar
2592 3139 2650 3187 et
2709 3133 3018 3191 Sallustius
3073 3135 3322 3192 Vranius

876 3215 1148 3270 Seleucus
1202 3222 1375 3288 atque
1426 3215 1714 3271 Taurinus
1768 3219 1998 3290 tyranni
2044 3217 2294 3272 fuerunt.
2381 3220 2535 3275 Haec
2580 3224 2814 3289 confusa
2857 3226 3010 3287 sunt,
3063 3224 3322 3290 quoniam

886 3300 1147 3356 Vranium
1183 3309 1230 3358 et
1255 3303 1563 3359 Taurinum
1587 3306 1689 3359 sub
1715 3306 2025 3361 Alexandro
2059 3322 2280 3373 reanum
2316 3308 2615 3375 sumpsisse
2648 3313 2871 3363 constat.
2927 3307 3111 3377 Neque
3140 3310 3322 3363 nunus

874 3387 1018 3455 falso
1054 3388 1327 3443 Polemius
1373 3406 1489 3444 eum
1506 3431 1519 3455 ‚
1558 3407 1708 3458 quem
1746 3390 2093 3459 Elayabalus
2129 3394 2248 3460 ipse
2292 3392 2572 3448 Caesarem
2606 3395 2826 3461 fecerat,
2871 3395 2933 3447 in
2967 3401 3320 3465 tyrannorum

874 3491 1094 3528 numero
1138 3476 1405 3530 rettulisse
1460 3477 1667 3531 videtur
1711 3483 1867 3545 atquc
1910 3477 2205 3533 Marcellus
2258 3478 2372 3533 coll.
2417 3478 2667 3548 Epitome
2712 3484 2804 3546 23,
2851 3486 2884 3536 4
2939 3479 3320 3549 intelleyendus

877 3559 1199 3615 Aleoeamler.
1260 3561 1440 3617 Potest
1476 3579 1649 3617 verum
1684 3579 1798 3617 esse
1831 3564 1960 3617 huic
1986 3564 2207 3631 privato
2245 3565 2471 3619 nomina
2504 3565 2679 3633 fuisse
2702 3564 2954 3620 Gessium
2977 3566 3322 3621 Bassianum

876 3645 1203 3701 Marcellum.

1012 3732 1099 3785 De
1134 3739 1362 3802 tempore
1398 3752 1502 3803 quo
1528 3734 1840 3789 Alexander
1874 3752 2097 3805 reanum
2132 3737 2339 3801 inisset,
2375 3737 2481 3791 viri
2514 3736 2654 3792 docti
2686 3738 2910 3792 multum
2946 3737 3321 3794 dubitaverunt

877 3821 1012 3874 actis
1047 3826 1268 3875 senatus
1296 3821 1643 3889 potissimum
1676 3822 1819 3886 moti,
1857 3838 1992 3888 quae
2019 3824 2377 3889 ffloferuntur
2409 3823 2525 3877 vita
2556 3824 2709 3877 Alex.
2745 3829 2779 3878 6
2814 3839 2927 3890 sqq.
2985 3823 3139 3877 Haec
3180 3824 3318 3877 enim

877 3907 929 3959 si
976 3907 1189 3960 sincera
1235 3911 1408 3960 essent
1451 3911 1610 3973 atque
1653 3908 1710 3959 in
1758 3914 1952 3961 senatu
1993 3906 2174 3974 pridie
2214 3924 2394 3962 nonas
2433 3907 2673 3962 Martias
2711 3925 2774 3961 ea
2809 3925 2946 3975 quae
2977 3908 3325 3977 perhibentur

876 3996 1021 4061 yesta
1059 3997 1246 4049 essent.
1282 4007 1493 4045 necesse
1527 3997 1659 4046 esset
1698 3998 1925 4047 statuere
1961 3992 2338 4047 Alexandrum
2388 3999 2520 4047 certe
2563 3994 2924 4060 compluribus
2973 3998 3098 4048 ante
3133 3993 3320 4049 diebus

876 4077 1181 4145 Auyustum
1227 4081 1603 4143 nuncupatum
1655 4094 1781 4130 esse.
1853 4078 1927 4131 At
1975 4078 2222 4145 quamvis
2274 4079 2581 4144 nuperrime
2634 4080 2864 4132 extiterit
2917 4080 3013 4146 qui
3056 4079 3153 4134 illa
3196 4085 3320 4133 aaa

877 4162 1112 4230 yenuina
1138 4177 1251 4214 esse
1277 4160 1585 4228 defenderet,
1617 4179 1678 4216 ea
1706 4162 1772 4215 ab
1798 4163 2009 4218 homine
2033 4163 2274 4230 imperito
2310 4164 2503 4217 aetatis
2537 4165 2852 4230 posterioris
2888 4166 3013 4231 ficta
3050 4180 3163 4219 esse
3197 4164 3322 4218 inde

883 4246 1297 4300 luculentissime
1332 4253 1580 4315 apparet,
1619 4248 1761 4314 quod
1806 4254 1993 4303 auctor
2038 4264 2267 4317 prorsus
2316 4250 2579 4316 iynoravit
2623 4249 2995 4305 Alexandrum
3041 4252 3219 4318 ipsum
3267 4268 3324 4303 se

881 4330 1051 4399 tilium
1075 4331 1190 4384 divi
1216 4331 1413 4401 Mayni
1430 4333 1703 4387 Antonini
1726 4334 1942 4401 publice
1955 4338 2270 4402 professum
2293 4351 2406 4388 esse
2428 4351 2594 4402 neque
2616 4352 2856 4402 unquam
2880 4335 3052 4391 dicere
3076 4336 3325 4406 potuisse

883 4414 1201 4485 ‘displicere
1247 4415 1357 4471 sibi
1403 4416 1627 4470 alienae
1672 4416 1922 4471 familiae
1968 4435 2168 4472 nomen
2217 4420 2344 4486 (scl.
2379 4419 2682 4483 Antonini)
2727 4420 3045 4475 adsumere¹
3079 4424 3130 4487 9,
3168 4426 3203 4476 7
3245 4423 3325 4477 vel

883 4498 1173 4553 ‘Antonini
1213 4517 1417 4555 nomen
1454 4500 1801 4557 adfectatum
1834 4503 1891 4557 in
1923 4502 2229 4558 Bassiano'
2267 4511 2359 4571 10,
2395 4510 2444 4569 5,
2481 4506 2580 4559 ubi
2612 4505 2929 4561 Caracallus
2965 4508 3323 4578 siynificatur.

885 4586 1079 4654 Itaque
1130 4587 1227 4641 illa
1279 4594 1401 4642 acta
1454 4590 1674 4644 omnino
1724 4590 1990 4643 reicienda
2036 4597 2180 4645 sunt.
2229 4622 2292 4629 —
2341 4590 2526 4659 Neque
2570 4592 2698 4646 aliis
2743 4593 3077 4659 rationibus,
3124 4594 3348 4661 quibus·

879 4674 1090 4727 numeri
1136 4691 1169 4726 a
1218 4671 1399 4727 Dione
1440 4675 1648 4740 prolati
1688 4676 1747 4727 in
1782 4674 2006 4729 dubium
2047 4677 2221 4731 vocati
2255 4682 2384 4730 sunt
2417 4677 2451 4744 (
2465 4675 2657 4733 Wirth.
2697 4675 3052 4746 Quae-stiones
3090 4677 3322 4734 Severia-

879 4775 984 4812 nae
1016 4775 1075 4826 p.
1112 4762 1203 4811 40.
1240 4758 1368 4825 43),
1414 4758 1545 4826 plus
1592 4759 1932 4814 tribuendum
1983 4761 2205 4815 videtur.
2276 4761 2388 4830 Qui
2419 4764 2630 4816 numeri
2663 4761 2790 4815 inde
2823 4780 2858 4816 a
2892 4778 3017 4817 nece
3050 4762 3326 4820 Caracalli

878 4861 1048 4911 usque
1083 4844 1156 4897 ad
1192 4860 1365 4898 necem
1400 4844 1704 4913 Elayabali
1747 4862 1928 4900 omnes
1973 4847 2166 4914 optime
2201 4846 2328 4913 (78,
2366 4850 2414 4901 5.
2454 4854 2540 4901 11.
2578 4853 2664 4902 16.
2699 4853 2783 4903 39.
2820 4854 2921 4916 41,
2959 4852 3042 4915 79,
3075 4849 3149 4918 3)
3184 4851 3325 4906 inter

879 4946 933 4983 se
982 4930 1331 4996 convemunt;
1387 4945 1515 4983 nam
1570 4935 1652 4995 79,
1690 4935 1759 4984 39
1807 4932 1904 4984 uhi
1940 4931 2176 4986 traditur
2217 4935 2285 5007 τῇ
2324 4930 2539 4989 Ἰουλίου
2577 4934 2729 5007 ὀγδόῃ
2771 4933 3157 4989 restituendum
3209 4952 3324 4991 esse

881 5014 1093 5072 Ἰουνίου
1137 5031 1203 5070 ex
1247 5014 1432 5071 Dione
1476 5015 1599 5083 ipso
1656 5018 1689 5084 (
1696 5020 1783 5081 78
1818 5023 1886 5072 41
1930 5017 2043 5072 coll.
2080 5022 2315 5084 78,11)
2359 5019 2470 5073 iam
2503 5018 2716 5088 pridem
2758 5025 2893 5073 recle
2945 5019 3324 5076 dentonstravit

880 5100 1186 5155 Reimarus.
1246 5102 1442 5169 Itaque
1475 5118 1597 5155 cum
1619 5100 1804 5157 Dione
1835 5101 1972 5157 diem
2008 5103 2155 5157 necis
2192 5103 2492 5172 Elayabali
2525 5109 2572 5158 et
2607 5103 2744 5158 diem
2781 5105 2997 5172 imperii
3018 5105 3325 5161 Ale-‘madri

881 5185 2135 5247 statuimusdnmensisfflaniian
2217 5187 2994 5260 Constatautemeoet‘astis
3054 5189 3324 5247 sodalium
