3859 5992
557 449 1025 507 CALPVRNIVS
1844 439 1974 506 282
2791 450 3255 507 CALPVRNIVS

682 649 736 713 si
793 670 970 712 mors
1030 645 1400 713 Germanici
1458 645 1715 731 Syriam
1770 646 2131 731 aperuisset
2183 646 2331 711 Tac.
2378 645 2420 711 l.
2468 645 2508 715 l.
2600 644 2767 712 Cum
2827 645 3001 733 apud
3061 645 3264 713 Coum

685 750 961 816 insulam
991 751 1452 818 Germanicum
1496 748 1849 814 decessisse
1881 748 2015 830 (die
2050 750 2130 814 10
2162 771 2244 816 m.
2277 747 2611 831 Octobris)
2655 750 3080 833 cognovisset,
3128 772 3266 835 pro-

684 854 970 918 vinciam
1013 875 1130 939 per
1174 854 1309 917 vim
1353 865 1646 938 repetere
1689 851 1936 918 frustra
1981 852 2357 939 temptavitt,
2407 853 2472 917 in
2515 851 2782 918 castello
2827 851 3113 935 Ciliciae,
3159 855 3263 918 cui

689 978 922 1021 nomen
969 954 1365 1037 Celenderis,
1409 977 1451 1020 a
1493 955 1611 1022 Cn.
1644 954 1868 1021 Sentio
1911 953 2125 1038 legato
2158 956 2525 1022 Germanici
2572 954 2871 1020 obsessus
2912 965 3267 1042 captusque

685 1061 749 1123 in
790 1057 1013 1123 urbem
1046 1058 1260 1122 redire
1290 1059 1548 1141 cogitur
1584 1058 1731 1124 Tac.
1766 1078 1825 1125 a.
1857 1062 1922 1135 2,
1959 1061 2189 1122 75-81.
2262 1057 2390 1122 Per
2427 1056 2782 1143 Illyricum,
2828 1055 2942 1122 ubi
2974 1058 3265 1122 Drusum

686 1161 929 1226 frustra
971 1160 1164 1241 adiit,
1222 1162 1492 1227 Romam
1537 1183 1596 1225 a.
1642 1162 1728 1226 20
1769 1162 1953 1224 venit
1994 1160 2123 1225 ibd.
2168 1164 2229 1237 3,
2273 1164 2318 1224 8
2360 1182 2791 1246 reversusque
2835 1160 3052 1224 statim
3096 1158 3267 1245 apud

686 1273 979 1328 senatum
1021 1285 1062 1327 a
1104 1260 1370 1326 Vitellio
1414 1262 1698 1327 Veranio
1755 1259 2032 1347 aliisque
2077 1262 2451 1329 Germanici
2508 1263 2734 1327 amicis
2786 1273 3128 1328 accusatus
3173 1273 3269 1325 est

682 1377 747 1432 et
793 1365 1251 1433 Germanicum
1300 1366 1649 1449 peremisse
1695 1373 1760 1428 et
1804 1364 2182 1449 provinciae
2227 1363 2469 1430 bellum
2521 1364 2852 1447 intulisset,
2912 1386 3063 1429 reus
3121 1385 3265 1429 cum

684 1467 931 1534 nullam
976 1489 1155 1553 spem
1195 1465 1420 1531 salutis
1466 1466 1732 1549 videret,
1779 1464 1998 1549 gladio
2043 1489 2112 1530 se
2157 1466 2484 1532 transfixit
2512 1467 2640 1534 iba.
2670 1472 2732 1545 3,
2763 1471 2996 1533 10-16.
3077 1466 3266 1530 Dam-

686 1573 1012 1636 nationem
1044 1570 1280 1634 mortui
1313 1569 1618 1633 Tiberius
1660 1570 1986 1652 mitigavit
2019 1571 2393 1655 statuitque,
2430 1592 2512 1633 ne
2543 1592 2772 1634 nomen
2804 1570 3061 1634 Pisonis
3089 1568 3268 1632 fastis

688 1675 1081 1738 eximeretur
1111 1671 1241 1738 ibd.
1272 1677 1333 1749 3,
1366 1676 1600 1736 17-18.
1647 1672 2076 1755 (Quamquam
2101 1674 2364 1737 nomina
2393 1675 2528 1739 eius
2556 1673 2829 1738 consulis
2857 1674 2927 1738 in
2956 1677 2999 1738 t.
3021 1673 3268 1738 urbano

695 1777 798 1842 VI
826 1779 950 1841 385
992 1776 1074 1858 cf.
1119 1774 1383 1857 Ephem.
1417 1795 1512 1857 cp.
1542 1780 1583 1839 4
1624 1795 1686 1838 n.
1722 1778 1842 1839 740
1879 1794 2070 1839 erasa
2109 1780 2303 1860 sunt.)

816 1879 1000 1943 onr
1043 1877 1394 1960 (Munatia)
1444 1876 1795 1959 Plancina3
1853 1874 1969 1940 filii
2018 1876 2139 1944 Cn.
2187 1878 2358 1960 Pis0,
2420 1879 2531 1964 qui
2593 1890 2739 1963 post
2791 1878 3267 1943 damnationem

686 1981 890 2068 patris
932 1980 1010 2045 L.
1060 1981 1226 2062 Piso,
1275 1990 1341 2044 et
1384 1979 1473 2047 M.
1521 1979 1672 2044 Piso
1726 1979 1874 2044 Tac.
1909 2001 1971 2044 a.
2003 1984 2065 2056 3,
2097 1984 2197 2047 16.
2228 1985 2328 2045 17.
2361 1984 2460 2048 18.
2532 1981 2796 2065 Ingenio
2846 1980 3166 2046 violentus
3208 1993 3271 2043 et

691 2084 984 2169 obsequii
1031 2083 1297 2166 ignarus
1342 2083 1535 2146 insita
1580 2081 1823 2147 ferocia
1866 2105 1908 2147 a
1952 2094 2153 2168 patre,
2202 2083 2316 2147 sed
2353 2094 2609 2169 praeter
2651 2094 2957 2171 paternos
3001 2085 3268 2169 spiritus

689 2189 885 2252 etiam
933 2185 1287 2250 Plancinae
1332 2187 1556 2249 uxoris
1601 2185 1942 2249 nobilitate
1988 2194 2054 2249 et
2094 2185 2326 2271 opibus
2371 2186 2848 2252 accendebatur
2888 2186 3019 2253 ibd.
3064 2192 3131 2262 2,
3167 2190 3268 2250 43.

690 2290 815 2355 Vir
857 2311 898 2352 a
941 2286 1158 2352 multis
1206 2287 1379 2352 vitiis
1422 2288 1691 2370 integer,
1739 2286 1855 2351 sed
1900 2309 2140 2372 pravus
2185 2300 2251 2353 et
2294 2289 2395 2352 cui
2430 2286 2733 2373 placebat
2761 2310 2876 2374 pro
2910 2288 3269 2353 constantia

690 2394 868 2475 rigor
897 2390 1142 2456 Seneca
1172 2388 1328 2454 dial.
1357 2394 1417 2466 3,
1449 2394 1550 2466 18,
1581 2394 1641 2467 3,
1685 2389 1802 2454 ubi
1831 2389 2265 2471 foedissinmm
2307 2390 2705 2455 crudelitatis
2749 2392 2881 2455 cius
2924 2390 3265 2473 emplum

685 2498 1020 2560 narratur.
1065 2529 1146 2540 —
1194 2492 1462 2556 Amicus
1502 2491 1785 2575 Augusti
1831 2501 1895 2556 et
1940 2491 2186 2555 Tiberii
2234 2493 2382 2558 Tac.
2419 2514 2480 2560 a.
2509 2497 2570 2570 3,
2603 2498 2711 2560 12.
2741 2497 2842 2558 16.

815 2596 1173 2661 Damnatio
1232 2595 1368 2658 eius
1427 2594 1694 2658 brem'ter
1750 2598 2136 2659 memoratur
2188 2593 2443 2661 Sueten.
2486 2593 2696 2678 Galiq.
2738 2600 2807 2672 2,
2866 2593 3001 2660 Dic
3041 2599 3142 2669 57,
3188 2596 3271 2657 18

691 2700 1013 2784 (Zonaras
1043 2703 1141 2775 11,
1175 2697 1248 2778 2)
1262 2716 1285 2774 ,·
1331 2697 1794 2764 Germanicum
1838 2718 2090 2761 veneno
2135 2698 2487 2782 peremisse
2533 2696 2947 2762 insimulatur
2984 2701 3041 2760 et
3089 2695 3267 2760 Plin.

685 2824 750 2869 n.
782 2802 843 2866 h..
874 2808 972 2879 11,
1004 2805 1130 2866 187
1171 2804 1229 2864 et
1273 2799 1524 2882 Ioseph.
1570 2805 1701 2865 ant.
1750 2804 1850 2877 18,
1880 2806 1947 2875 2,
1978 2804 2037 2865 5.’
2115 2799 2506 2865 Nominatur
2552 2800 2702 2865 Vell.
2731 2806 2799 2877 2,
2831 2805 2973 2876 130,
3027 2800 3174 2864 Tac.
3207 2820 3267 2864 a.
3307 2886 3312 2893 .

688 2910 745 2982 1,
782 2908 898 2982 13,-
936 2908 1003 2980 2,
1034 2907 1157 2980 82,-
1197 2906 1259 2978 3,
1288 2907 1412 2979 24,·
1454 2906 1512 2977 6,
1545 2906 1650 2978 26,
1697 2901 1830 2966 Dio
1863 2908 1965 2978 57,
1996 2907 2104 2968 20.

560 3009 676 3073 231
733 3016 851 3071 CN.
899 3013 1365 3069 CALPVRNIVS
1412 3013 1606 3085 PISO,
1669 3003 1840 3069 filius
1885 3006 2090 3070 maior
2134 3004 2253 3070 Cn.
2303 3003 2640 3090 Calpurnii
2688 3006 2944 3070 Pisonis
2987 3003 3269 3069 consulis

689 3132 747 3173 a.
794 3108 914 3173 747
962 3136 1047 3160 =
1090 3107 1126 3173 ‘7
1170 3129 1228 3172 a.
1275 3106 1349 3174 C.
1412 3117 1476 3171 et
1534 3106 1913 3189 Plancinae,
1980 3119 2125 3193 post
2181 3105 2657 3172 damnationem
2718 3110 2920 3194 patris
2983 3109 3058 3172 L.
3122 3105 3264 3172 Cal-

692 3211 963 3297 purnius
1010 3210 1160 3274 Piso
1205 3210 1420 3274 dictus
1464 3222 1563 3275 est
1614 3211 1762 3278 Tac.
1810 3232 1872 3275 a.
1915 3215 1977 3288 3,
2017 3216 2102 3276 17
2143 3213 2223 3292 cf.
2271 3212 2452 3292 infra
2495 3232 2559 3276 n.
2590 3216 2736 3278 237.

561 3316 688 3380 232
733 3322 850 3379 CN.
898 3321 1366 3377 CALPVRNIVS
1422 3321 1581 3377 PISO
1642 3313 1900 3396 publice
1959 3313 2306 3378 honoratus
2364 3318 2408 3378 t.
2468 3313 2686 3378 Attico
2740 3313 2898 3378 GIA
2958 3314 3090 3378 III
3120 3317 3266 3386 602,

688 3415 828 3481 vide
869 3416 984 3481 sub
1032 3412 1098 3482 G.
1146 3412 1492 3498 Calpurnio
1538 3415 1772 3480 Pisone
1815 3415 2044 3499 Fruyi.

560 3520 687 3585 233
732 3529 798 3582 L.
847 3526 1314 3582 CALPVRNIVS
1374 3527 1535 3581 PlSO
1597 3539 1838 3600 augur,
1903 3518 2124 3583 consul
2183 3541 2240 3586 a.
2290 3520 2414 3584 753
2450 3549 2530 3572 --:
2569 3521 2598 3583 1
2649 3541 2706 3587 a.
2753 3518 2826 3584 O.
2875 3541 3020 3583 cum
3069 3517 3268 3584 Cosso

691 3619 992 3686 Cornelio
1036 3619 1334 3687 Lentulo.
1424 3622 1508 3686 In
1551 3621 1916 3686 consulatu:
1978 3622 2051 3686 L.
2100 3621 2493 3708 Calpurnius
2543 3623 2690 3686 Piso
2730 3621 2867 3687 Dio
2907 3623 3040 3687 ind.
3087 3621 3127 3685 l.
3168 3626 3267 3695 55,

690 3722 849 3788 OIG
894 3728 1096 3799 2943,
1157 3724 1233 3788 L.
1283 3724 1432 3788 Piso
1477 3724 1639 3804 fasti
1678 3725 1953 3788 me'vwres
1994 3724 2164 3791 XII.
2210 3724 2410 3788 XIII
2446 3724 2594 3791 CIL
2632 3724 2713 3789 12
2749 3747 2817 3807 p.
2865 3730 2967 3789 69.
3015 3730 3115 3800 70,
3177 3723 3271 3788 VI

688 3831 872 3891 8738.
910 3831 1132 3904 10395,
1176 3825 1555 3901 cassiodor„
1606 3826 1681 3891 L.
1715 3828 1863 3891 Piso
1903 3847 2114 3911 augur
2154 3826 2417 3903 V3257‚
2465 3829 2796 3896 Λεντοόλου
2839 3832 2934 3894 καὶ
2971 3825 3272 3914 Αὔγουρας

689 3929 1015 4011 Epiplzan.
1062 3929 1301 3995 haeres,
1351 3930 1399 3992 I
1433 3950 1507 4010 p.
1557 3934 1677 3993 445
1695 3930 1751 4005 b,
1815 3934 2084 3994 ceterum
2147 3931 2295 3994 Piso
2355 3931 2535 4010 fasti.
2584 3970 2660 3978 —-
2721 3931 2920 4014 Apud
2984 3931 3268 3996 Tacitum

692 4031 1086 4116 Calpurnius
1136 4032 1283 4094 Piso
1330 4053 1390 4095 a.
1438 4037 1497 4107 4,
1546 4038 1665 4107 21,
1729 4037 1996 4096 cetermn
2043 4032 2118 4096 L.
2168 4033 2350 4113 Piso,
2397 4033 2509 4095 sed
2550 4055 2610 4097 a.
2657 4039 2722 4110 2,
2766 4040 2858 4099 32
2898 4035 3160 4098 nomina·
3202 4036 3268 4096 in

691 4134 900 4197 codice
935 4134 1222 4198 Mecle'ceo
1250 4156 1377 4199 non
1396 4136 1758 4217 perscripta
1788 4141 1954 4211 sunt,
1989 4135 2418 4217 probabilitw
2448 4141 2651 4201 tamen
2688 4137 3052 4219 cmnpcndia
3088 4136 3159 4199 L.
3200 4137 3267 4199 P.

693 4236 782 4299 ad
821 4236 986 4300 hunc
1028 4239 1415 4318 referuntur.

818 4338 940 4405 Cn.
988 4339 1157 4402 {ilius
1216 4338 1349 4401 1)ιό
1396 4338 1582 4403 iudea·
1626 4339 1665 4404 l.
1710 4344 1809 4415 55,
1855 4338 2030 4422 filius
2074 4362 2219 4422 erqo
2259 4340 2374 4404 On.
2425 4340 2684 4405 Pisonis
2728 4342 3001 4406 cons-ulis
3045 4365 3104 4409 a.
3154 4346 3271 4405 731

692 4471 772 4494 =
818 4447 906 4507 23
950 4464 1011 4506 a.
1053 4442 1144 4517 0„
1193 4444 1402 4523 frater
1445 4442 1556 4508 Gn.
1606 4442 1861 4505 Pismzis
1905 4443 2180 4506 consulis
2225 4465 2285 4506 a.
2335 4450 2454 4508 747
2501 4475 2579 4496 --=
2629 4451 2669 4509 7
2709 4467 2769 4508 a.
2812 4444 2882 4508 (ἶ.
2921 4482 2991 4489 -
3031 4441 3268 4509 Consul

691 4567 749 4607 a.
796 4543 920 4609 753
968 4574 1050 4597 =
1099 4546 1121 4608 l
1178 4568 1233 4608 a.
1283 4543 1356 4608 O.
1407 4545 1584 4624 fasti.
1674 4542 2000 4626 Auyurem.
2058 4545 2254 4625 fuisse
2311 4551 2367 4609 et
2424 4547 2847 4610 sacerdotium
2907 4546 2994 4610 ad
3049 4547 3270 4609 ‹liste'u-

688 4646 1001 4728 ymmdum
1044 4668 1183 4710 eum
1230 4648 1310 4709 ab
1355 4646 1597 4709 leontini
1599 4647 1713 4709 bus
1753 4646 1820 4709 al
1825 4647 1903 4709 iis
1941 4648 2409 4727 coynoem'ne'bus
2438 4649 2710 4712 eiusdem
2740 4651 2973 4713 aetatis
2998 4649 3272 4713 nonanis

686 4750 893 4812 instar
934 4770 1385 4830 nonnunquam
1432 4749 1719 4812 additum
1764 4769 1891 4811 esse
1938 4748 2300 4813 consulatus
2347 4751 2760 4816 indicationes
2804 4751 3040 4816 (locent.

821 4853 1011 4915 Anno
1065 4854 1141 4916 16
1187 4854 1249 4914 in
1298 4862 1524 4915 senatu
1571 4855 1954 4915 sententiam
2002 4849 2171 4916 dixit
2216 4853 2363 4917 Ταο.
2410 4875 2470 4917 a.
2516 4859 2582 4930 2,
2612 4859 2717 4920 32.
2811 4853 3055 4919 Eodem
3099 4875 3267 4918 anno

693 4956 938 5018 curiam
1002 4954 1355 5039 urbemque
1413 4953 1777 5039 relinquere
1837 4963 2180 5035 statuerat,
2245 4955 2358 5018 sed
2405 4979 2444 5018 a
2487 4955 2751 5020 Tiberio
2810 4967 3099 5022 retentus
3141 4966 3269 5037 est3

693 5056 866 5121 haud
912 5060 1123 5122 minus
1170 5056 1352 5120 liberi
1387 5055 1626 5120 doloris
1670 5055 2128 5120 documentum
2178 5057 2347 5121 idem
2392 5080 2544 5122 mox
2578 5058 2757 5124 dedit
2796 5071 3022 5125 vocata
3061 5060 3125 5122 in
3173 5061 3270 5123 ius
