3859 5992
624 456 1049 527 CAERIANVS
1920 457 2049 523 264
2867 461 3330 518 cAEanMVS

891 567 1365 575 ——...-.—..--—-

643 653 763 713 -”
795 674 967 730 PIGA
1014 674 1461 730 cfflnmnvs.

650 807 727 817 —
796 779 1122 834 AGRIPPA
1167 778 1416 835 IVLIVS
1461 778 1773 837 CAESAR.

645 910 733 919 -—
798 882 861 938 C.
908 882 1158 938 IVLIVS
1207 882 1522 937 CAESAR.

644 1013 732 1021 —
795 985 1085 1041 DRVSVS
1132 985 1380 1040 IVLIVS
1429 983 1742 1039 CAESAR.

645 1116 730 1125 —
794 1088 1284 1143 GERMANICVS
1331 1088 1579 1143 IVLIVS
1627 1086 1941 1142 CAESAR.

646 1219 734 1229 —
794 1192 862 1246 L.
909 1192 1157 1247 IVLIVS
1205 1191 1520 1250 CAESAR.
1850 1214 1859 1221 ·

644 1323 731 1332 -
794 1294 997 1349 NERO
1043 1295 1294 1349 IVLIVS
1341 1293 1656 1350 CAESAR.

643 1425 733 1436 —
795 1398 890 1456 TI.
939 1398 1187 1453 IVLIVS
1245 1397 1557 1455 CAESAR.

644 1527 730 1536 ——-
796 1491 1204 1557 Ptolemaeus
1251 1491 1577 1558 Caesario,
1630 1528 1635 1533 -

628 1596 743 1660 131
797 1593 1154 1659 Caesellius
1197 1596 1471 1678 Bassus,
1535 1595 1783 1678 origine
1843 1594 2133 1675 Poenus,
2197 1591 2532 1658 thesauros
2576 1591 2855 1656 Didonis
2899 1594 3166 1677 reginae
3209 1593 3324 1659 sibi

630 1681 639 1690 ’
722 1682 1002 1762 'somnio
1047 1707 1436 1763 monstratos
1482 1706 1660 1762 ratus
1707 1718 1846 1760 essc
1890 1697 1956 1759 in
2002 1692 2228 1760 Africa
2268 1695 2652 1759 vastissimis
2712 1696 3033 1782 specubus
3077 1696 3325 1762 abditos

751 1824 828 1866 ac
886 1823 1076 1888 posse
1134 1802 1274 1867 erui
1332 1800 1575 1865 Neroni
1636 1799 1915 1881 indicat3
1976 1820 2146 1863 vana
2199 1820 2270 1862 re
2331 1797 2656 1885 patefacta
2714 1799 2852 1884 ipse
2895 1821 2965 1863 se
3011 1800 3326 1865 interfecit

753 1927 810 1969 a.
857 1905 939 1970 65
993 1906 1141 1971 Tac.
1189 1927 1248 1972 a.
1292 1909 1390 1981 16,
1424 1908 1579 1981 1-3,
1627 1902 1845 1967 eadem
1886 1902 2248 1967 nominibus
2293 1888 2540 1966 oniissis
2583 1899 2881 1983 (‘indicio
2928 1904 3165 1989 equitis
3208 1905 3321 1969 Ro·

749 2009 981 2091 mani')
1028 2009 1286 2074 Sueton.
1336 2007 1511 2099 Nero
1551 1994 1653 2071 31.

626 2112 749 2175 132
798 2108 1155 2176 Caesellius
1186 2110 1470 2194 Vindex,
1502 2110 1982 2194 grammaticus.
2038 2107 2484 2174 Cassiodorius
2514 2108 2588 2174 de
2618 2108 3076 2193 orthoyraphia
3100 2110 3322 2176 Gram-

749 2199 972 2279 matioi
1011 2216 1161 2279 Lat.
1209 2214 1352 2280 VII
1372 2237 1446 2297 p.
1478 2219 1604 2279 147
1640 2214 1709 2278 in
1751 2232 2010 2277 recensu
2052 2212 2459 2294 scriptorum,
2521 2212 2686 2277 unde
2728 2219 3023 2297 excerpta
3067 2214 3321 2298 colleyit‚

748 2322 1087 2383 memorat:
1121 2317 1231 2383 ‘X.
1292 2318 1397 2382 Ex
1428 2315 1743 2382 Caesellio
1782 2314 2218 2401 orthographo
2264 2313 2534 2379 collecta
2577 2325 2731 2379 sunt
2773 2316 2882 2400 (cf.
2915 2339 2991 2401 p.
3020 2323 3178 2395 202,
3210 2316 3321 2399 16),

750 2420 872 2486 XI.
918 2421 1025 2485 Ex
1056 2420 1262 2485 Lucio
1292 2418 1577 2485 Caecilio
1607 2417 1890 2483 Vindice
1922 2416 2238 2482 deflorata
2268 2426 2439 2481 sunt‘
2476 2415 2584 2499 (of.
2617 2440 2693 2501 p.
2723 2424 2872 2495 206,
2905 2419 3030 2501 16).
3103 2421 3324 2502 Quam-

750 2545 939 2605 quam
983 2528 1220 2588 certum
1264 2526 1355 2587 est
1407 2519 1516 2607 (cf.
1563 2542 1723 2603 quae
1782 2521 2072 2603 eatposuit
2117 2519 2272 2584 Keil
2329 2519 2456 2586 ibd.
2492 2541 2564 2602 p.
2595 2519 2741 2602 139)
2787 2520 2910 2587 duo
2948 2544 3186 2605 yenora
3228 2545 3322 2588 ex-

751 2631 1100 2710 cerptorum
1150 2625 1238 2689 ad
1289 2623 1666 2690 Caesellium
1710 2623 2028 2689 Vindicem
2073 2621 2410 2704 referenda
2453 2626 2511 2686 et
2555 2643 2633 2687 ex
2674 2644 2889 2689 errore
2939 2624 3327 2692 Cassiodorii

750 2729 916 2811 quod
959 2730 1311 2811 posteriori
1362 2727 1659 2804 Caecilii,
1706 2747 1835 2790 non
1874 2724 2173 2790 Caesellii
2211 2746 2436 2789 nomen
2482 2728 2958 2809 praescriptum
3001 2735 3111 2807 est,
3158 2752 3320 2813 repe-

752 2831 1003 2895 tendum
1077 2852 1230 2908 esse,
1316 2832 1425 2913 qui
1486 2851 1712 2894 nomen
1773 2828 2185 2913 yrammatiei
2238 2829 2309 2891 in
2373 2827 2582 2893 codice
2647 2850 2770 2911 quo
2833 2832 3134 2896 utebatur
3196 2854 3322 2897 cor-

748 2939 1005 3017 ruptum
1067 2935 1408 3010 invenerat,
1456 2932 1870 3015 praenomini
1925 2932 2141 3008 Imoii,
2202 2930 2368 3013 quod
2420 2952 2585 2995 unus
2627 2932 3047 2998 Cassiodorus
3089 2937 3318 3018 posuit,

747 3042 960 3118 utpote
1017 3039 1263 3118 sumpto
1323 3057 1399 3099 ex
1456 3035 1866 3118 inscriptione
1892 3028 1895 3031 ’
1923 3037 2227 3116 corrupta
2281 3032 2438 3117 fides
2496 3035 2792 3117 noyanda
2845 3036 3008 3101 mihi
3067 3038 3318 3103 videtur.

751 3137 1104 3203 Caesellius
1151 3138 1414 3203 Vindex
1455 3137 1551 3202 vel
1594 3136 1952 3204 Caesellius
1994 3137 2092 3202 vel
2133 3134 2397 3201 Vindex
2442 3137 2618 3205 alibi.

877 3242 1225 3307 Terentius
1294 3242 1579 3307 Scaurus
1648 3241 1783 3306 divi
1853 3239 2174 3306 Hadriani
2247 3240 2645 3326 temporibus
2716 3243 3176 3325 grammaticus
3244 3241 3321 3306 de

750 3344 1049 3411 Caesellii
1096 3345 1423 3410 erroribus
1468 3344 1727 3429 scripsit
1767 3342 2016 3408 Gellius
2045 3348 2143 3420 11,
2176 3345 2273 3420 15,
2304 3346 2365 3419 3,
2409 3342 2575 3407 unde
2621 3342 2943 3409 Vindicem
2984 3345 3080 3409 vel
3123 3345 3320 3411 eodem

748 3454 1022 3532 tompore
1064 3448 1159 3513 vel
1199 3469 1327 3513 non
1378 3447 1572 3512 multo
1619 3452 1764 3512 ante
1806 3447 2101 3528 floruisse
2131 3445 2561 3529 probabiliter
2591 3446 2945 3530 colliyitur;
2989 3448 3094 3513 cui
3135 3448 3324 3513 aetati

742 3572 939 3635 yonus
981 3550 1333 3616 studiorum
1378 3552 1511 3615 eius
1557 3551 1785 3633 optime
1828 3550 2129 3626 convenit,
2175 3570 2325 3613 nam
2357 3550 2428 3613 in
2458 3550 3038 3632 antiquissimorum
3066 3552 3319 3634 scripto-

746 3677 887 3720 rum
931 3675 1213 3719 sermon-e
1251 3652 1620 3737 indagando
1648 3656 1934 3718 versatus
1964 3657 2072 3718 est.
2153 3652 2428 3737 Scripsit
2460 3654 2950 3719 commentarios
2979 3653 3319 3720 lectionum

745 3760 1161 3844 antiquarum
1205 3757 1317 3842 qui
1350 3757 1633 3820 citantur
1664 3777 1705 3819 a
1739 3755 1951 3821 Gellio
1977 3761 2043 3833 2,
2076 3760 2174 3831 16,
2204 3760 2280 3832 5,·
2307 3760 2365 3832 3,
2399 3759 2497 3831 16,
2529 3761 2609 3820 11
2622 3777 2645 3834 ;
2684 3760 2741 3833 6,
2775 3761 2842 3833 2,
2871 3762 2949 3834 1,·
2988 3762 3087 3833 11,
3121 3762 3217 3834 15,
3246 3759 3321 3833 2;

714 3867 853 3941 20,
887 3866 951 3938 2,
985 3865 1034 3925 2
1077 3857 1293 3939 (iidem
1337 3859 1492 3924 libri
1536 3858 1938 3941 i'ntelleyendi
1980 3878 2109 3923 esse
2150 3857 2444 3922 videntur
2483 3858 2613 3923 ibd.
2645 3864 2704 3936 9,
2736 3863 2835 3939 14,
2871 3863 2945 3939 6,·
2982 3863 3083 3936 18,
3116 3866 3212 3937 11,
3241 3860 3322 3941 1).

750 3963 933 4028 Libri
969 3960 1265 4028 Caesellii
1296 3960 1593 4026 Vindicis
1638 3961 2001 4026 litterarum
2041 3961 2266 4024 ordine
2298 3961 2592 4046 dispositi
2621 3962 2904 4027 citantur
2943 3983 2984 4026 a
3027 3961 3320 4027 Charisio

753 4066 1184 4132 Grammatici
1219 4065 1450 4129 Latini
1476 4065 1528 4130 I
1549 4087 1621 4148 p.
1654 4069 1794 4140 117,
1833 4069 1910 4129 13
1951 4063 2039 4145 (Α
2085 4062 2339 4128 litterae
2383 4063 2553 4129 libro
2598 4065 2678 4148 Ι),
2723 4068 2873 4141 239,
2917 4069 3006 4131 21
3050 4065 3242 4149 (libro
3270 4065 3320 4128 B

752 4170 1049 4250 litterae),
1087 4190 1159 4249 p.
1192 4173 1333 4245 195,
1368 4174 1456 4232 26
1500 4166 1697 4250 (libro
1729 4167 1786 4230 L
1817 4166 2132 4249 litterae);
2178 4165 2535 4231 Caesellius
2565 4165 2829 4230 Vindex
2874 4168 2941 4231 in
2987 4177 3319 4233 stromateo

753 4274 989 4336 citatur
1050 4294 1090 4335 a
1147 4270 1488 4335 Prisoiano
1533 4272 1625 4337 II
1659 4293 1732 4353 p.
1779 4275 1928 4347 210,
1977 4276 2034 4347 7,
2084 4292 2156 4353 p.
2201 4274 2350 4347 230,
2395 4274 2474 4335 11
2519 4270 2681 4352 (sino
2726 4269 2907 4335 tilulo
2953 4272 3162 4354 operis
3203 4268 3321 4335 ibd.

747 4398 818 4458 p.
850 4380 1004 4452 229,
1035 4381 1150 4439 10.·
1194 4385 1265 4440 ut
1299 4373 1616 4439 Caesellio
1650 4373 1911 4438 Vindici
1961 4372 2220 4458 placet).
2289 4371 2563 4455 Propter
2603 4371 3082 4438 similitudinem
3123 4392 3324 4437 rerum

750 4501 909 4561 quae
954 4501 996 4543 a
1037 4478 1245 4543 Gellio
1292 4483 1347 4542 et
1395 4499 1436 4541 a
1474 4477 1914 4559 yrammatiois
1976 4475 2359 4555 affmuntur,
2405 4475 2772 4559 probabilis
2817 4481 2906 4540 est
2950 4476 3323 4551 coniectura,
3363 4555 3367 4560 ι

750 4603 1131 4665 quamquam
1174 4602 1303 4646 non
1348 4586 1538 4657 corta,
1598 4602 1794 4645 unum
1852 4584 2038 4662 atquo
2081 4579 2246 4644 idem
2302 4599 2457 4663 opus
2498 4579 2875 4662 siqnifioari,
2933 4577 3101 4659 unde
3145 4579 3328 4642 etiam

756 4683 1243 4767 orthoyrapleiea
1302 4688 1596 4766 excerpta
1638 4687 1809 4760 sunt,
1856 4682 2084 4765 quibus
2123 4682 2570 4747 Cassiodorius
2611 4701 2761 4745 usus
2806 4686 2915 4748 est.
2965 4719 3043 4726 —
3091 4681 3326 4745 Memo-

748 4794 938 4853 ναίειν
986 4793 1327 4871 praeterea
1377 4788 1543 4851 inter
1588 4787 2042 4869 yraiteiriate‘co.s
2091 4792 2271 4850 notos
2330 4785 2505 4869 apud
2547 4784 2907 4849 Arnobium
2932 4784 2985 4847 I
3005 4806 3076 4867 p.
3107 4788 3206 4860 41,
3247 4786 3329 4848 20

751 4893 844 4957 ed.
890 4888 1355 4968 Reiffersohm‘d
1396 4895 1452 4955 ot
1490 4889 1800 4974 Rufinum
1842 4890 2128 4955 Graium.
2176 4891 2325 4954 Lat.
2375 4889 2477 4954 VI
2497 4911 2568 4971 p.
2600 4892 2737 4964 565,
2768 4892 2828 4954 3.

625 4996 747 5062 133
793 4994 1215 5076 CaesenniuS‚
1263 4996 1373 5080 qui
1416 4997 1746 5082 κηπουρικά
1789 4995 2050 5078 scripsit
2093 5004 2320 5057 auctor
2349 4992 2546 5057 Plinii
2585 4990 2763 5056 Plin.
2797 5012 2861 5055 n.
2893 4988 2955 5054 h.
2985 4988 3117 5053 ind.
3163 4988 3202 5052 l.
3234 4991 3328 5063 19,

751 5097 1008 5163 aliunde
1052 5118 1179 5162 non
1219 5102 1426 5162 notus.

3625 0 3757 1910 ,Ι

3725 4405 3757 5928 ψει-,ψ
