3859 5992
523 540 877 606 ANN‘AEVS
1841 538 1923 604 58
2879 548 3235 607 ANNAEVS

694 734 707 738 ’
781 738 1036 810 Iudicia
1100 743 1182 808 de
1246 741 1637 808 carminibus
1704 744 1842 808 eius
1895 744 2107 824 Quint.
2151 749 2252 821 10,
2297 749 2363 821 1,
2406 749 2506 822 90,
2570 745 2746 810 Serv.
2791 745 2954 811 Aen.
3001 750 3062 823 1,
3104 750 3236 813 382

653 847 893 932 (eadem
937 847 1071 928 fere
1114 845 1350 910 Isidor.
1394 845 1568 929 Oriy.
1597 849 1657 922 8,
1693 851 1749 923 7,
1782 851 1880 923 10,
1926 845 2116 912 schol.
2161 844 2359 912 Bern.
2393 846 2480 911 ad
2507 848 2662 913 Luc.
2693 852 2753 925 1,
2784 852 2824 912 1
2857 869 2930 930 p.
2958 853 2999 915 9
3034 848 3135 914 Vs.
3178 854 3239 915 et

650 950 867 1016 Berol.
913 970 988 1031 p.
1032 952 1075 1012 3
1104 949 1220 1023 W„
1269 948 1534 1013 Jordan.
1591 947 1795 1013 Getic.
1829 948 1970 1031 43),
2029 947 2281 1014 Fronto
2325 948 2400 1015 de
2445 955 2607 1016 orat.
2656 971 2729 1033 p.
2775 954 2901 1016 157
2937 970 3062 1033 seq.
3115 950 3238 1029 N.‚·

643 1054 895 1118 nomine
937 1052 1193 1116 Lucani
1231 1072 1362 1115 non
1404 1051 1602 1116 allato
1642 1050 1898 1117 Petron.
1948 1056 2089 1129 118,
2140 1052 2346 1119 Mart.
2393 1057 2493 1129 14,
2533 1057 2671 1118 194.
2720 1089 2798 1100 —
2849 1053 3240 1119 Nominatur

661 1156 810 1221 Tac.
854 1176 915 1220 a.
958 1158 1053 1230 15,
1092 1160 1187 1229 71,
1236 1153 1391 1218 dial.
1422 1159 1535 1231 20,
1581 1152 1759 1219 Ptin.
1803 1175 1896 1236 ep.
1943 1159 2002 1230 5,
2046 1157 2104 1230 3,
2142 1158 2201 1231 5,
2251 1154 2536 1220 Juvenal.
2587 1159 2641 1232 7,
2687 1160 2766 1221 79
2793 1175 2955 1239 seq.,·
2994 1176 3238 1221 versum

652 1259 861 1322 nescio
915 1256 1083 1321 unde
1135 1253 1329 1333 affert
1373 1256 1674 1321 Martial.
1720 1262 1823 1333 10,
1870 1262 1967 1334 64,
2016 1261 2072 1324 6.
2161 1257 2587 1341 Epitaphium
2624 1263 2858 1341 poetae
2899 1260 3130 1325 incerti
3169 1261 3240 1325 in

655 1382 795 1426 eum
830 1358 1092 1424 Anthol.
1147 1358 1257 1424 lat.
1304 1362 1444 1424 668.

523 1462 650 1528 453
690 1472 769 1526 Μ.
814 1470 1169 1525 ANNAEVS
1217 1470 1561 1526 MAXIMVS
1600 1471 1884 1539 AQVILA
1930 1471 2377 1545 FVLVIANVS,
2428 1462 2825 1530 clarissimus
2856 1486 3021 1550 puer
3066 1463 3250 1530 VIII

655 1564 726 1629 S.
755 1568 965 1630 12065
1009 1568 1054 1629 t.
1101 1563 1526 1629 Mumensis.

523 1668 649 1732 454
695 1676 772 1733 Μ.
804 1675 1159 1731 ANNAEVS
1191 1676 1425 1731 MELA.
1485 1665 1574 1731 M.
1604 1667 1914 1731 Annaeus
1950 1666 2124 1731 Mela
2151 1669 2259 1732 υἰέ.
2294 1669 2537 1733 Lucan.
2571 1668 2746 1735 Suet.
2776 1670 2889 1735 rel.
2921 1693 2996 1753 p.
3029 1676 3109 1736 76
3128 1671 3234 1747 R„

650 1769 728 1834 L.
784 1769 1091 1835 Annaeus
1149 1768 1354 1833 Melas
1398 1769 1766 1851 Hieronym.
1815 1769 1917 1836 ad.
1968 1791 2029 1835 a.
2074 1769 2160 1835 A.
2199 1775 2371 1836 2084
2389 1821 2404 1847 ‚
2467 1771 2641 1836 Mela
2699 1773 2875 1854 apud
2931 1773 3236 1839 Senecam

654 1870 966 1936 rhetorem
997 1875 1273 1954 patrem,
1323 1876 1592 1936 ceterum
1635 1872 1944 1937 Annaeus
1988 1872 2180 1938 Mela.

779 1974 1035 2038 Annaei
1082 1973 1367 2038 Senecae
1413 1974 1690 2040 rhetoris
1735 1973 1906 2039 filius
1941 1975 2182 2040 Seneca
2219 1981 2417 2042 contr.
2449 1998 2561 2059 pr.
2591 1981 2649 2045 1.
2680 1983 2748 2043 2.
2777 1982 2835 2042 3.
2862 1982 2924 2043 4.
2959 1982 3014 2044 7.
3044 1981 3102 2043 9.
3135 1983 3232 2053 10,

651 2076 766 2141 ubi
824 2096 961 2141 cum
1019 2075 1151 2141 loco
1207 2075 1430 2140 ultimo
1485 2078 1677 2141 triwm
1740 2076 2022 2160 filiorum
2072 2080 2447 2156 nominetur,
2510 2085 2672 2145 natu
2734 2081 3033 2145 minimus
3090 2080 3236 2161 fuit.

652 2179 884 2244 Frater
928 2180 1214 2245 Senecae
1273 2188 1339 2242 et
1383 2178 1701 2245 Gallionis
1741 2185 2007 2261 praeter
2050 2179 2087 2244 Ζ.
2135 2180 2176 2246 Ζ.
2228 2182 2372 2246 Tac.
2420 2204 2480 2248 a.
2527 2187 2626 2260 16,
2674 2189 2770 2260 17,
2814 2184 2923 2248 vit.
2970 2184 3233 2260 Iascan„

655 2281 1023 2364 Hieronym.
1072 2280 1111 2348 Ζ.
1157 2281 1236 2360 Ζ.,·
1279 2279 1715 2348 Cordubensis
1758 2285 1865 2351 vit.
1913 2283 2157 2348 Lucan.
2245 2284 2503 2350 Musam
2545 2284 2866 2350 rhetorem
2912 2285 3237 2351 interdum
3319 2332 3324 2336 -

655 2381 905 2448 solebat
942 2383 1169 2448 audire
1215 2383 1456 2449 Seneca
1502 2390 1700 2449 contr.
1744 2391 1824 2450 10
1856 2388 2075 2468 praef.
2119 2390 2177 2453 9.
2268 2388 2488 2473 Eques
2534 2388 2862 2454 Romanus
2922 2388 3238 2473 dignitate

653 2486 1010 2567 senatoria3
1055 2487 1365 2571 petitione
1410 2485 1728 2552 honorum
1775 2487 2177 2553 abstinuerat
2220 2489 2327 2571 (cf.
2365 2489 2610 2555 Seneca
2653 2490 2741 2556 ad
2780 2512 2920 2556 eum
2963 2497 3160 2557 contr.
3191 2498 3240 2558 2

653 2588 871 2670 praef.
918 2593 961 2652 3
1019 2589 1198 2672 ‘quia
1256 2589 1444 2653 video
1507 2591 1794 2654 animum
1857 2600 2035 2654 tuum
2083 2613 2124 2655 a
2167 2591 2465 2656 civilibus
2513 2592 2743 2657 officiis
2782 2592 3240 2660 abhorrentem

654 2700 719 2754 et
784 2689 868 2753 ab
931 2692 1102 2754 omni
1167 2690 1417 2757 ambitu
1484 2694 1879 2776 aversum’),
1943 2715 2061 2778 per
2119 2693 2536 2759 ambitionem
2594 2706 3106 2782 praeposteram,
3169 2707 3242 2763 ut

661 2814 857 2877 eques
888 2794 1217 2858 Romanus
1263 2794 1716 2859 consularibus
1761 2797 2052 2881 potentia
2095 2806 2518 2882 aequareturt,
2563 2797 2753 2863 simul
2799 2798 3240 2885 adquirendae

654 2896 968 2980 pecuniae
1015 2893 1277 2961 brevius
1324 2897 1446 2960 iter
1474 2895 1782 2962 credebat
1810 2919 1929 2984 per
1960 2900 2460 2985 procurationes,
2508 2899 3036 2967 administrandis
3068 2902 3233 2988 prin·

650 2998 813 3082 cipis
870 2999 1167 3081 negotiis.
1255 2998 1436 3063 Idem
1495 2997 1840 3064 Annaeum
1904 3000 2245 3066 Lucanum
2302 3014 2649 3086 genuerat,
2712 3025 2843 3090 quo
2899 3004 3238 3070 interfecto

657 3102 745 3182 (a.
790 3099 894 3181 65)
939 3099 1096 3164 dum
1141 3123 1278 3164 rem
1320 3100 1706 3167 familiarem
1753 3104 1890 3167 eius
1944 3105 2182 3169 acriter
2226 3106 2501 3190 requirit
2543 3106 2656 3188 (cf.
2702 3106 3070 3190 Hierowym.
3112 3107 3152 3173 Ζ.
3198 3107 3239 3173 Ζ.

657 3202 853 3267 ‘bona
894 3203 1144 3268 Lucani
1201 3227 1241 3268 a
1289 3204 1550 3270 Nerone
1593 3210 2078 3292 promeretur‘),
2141 3218 2580 3273 accusatorem
2640 3210 2923 3275 concivit
2963 3210 3239 3276 Fabium

655 3306 1015 3370 Romanum
1051 3343 1137 3352 —
1179 3344 1265 3352 -—
1302 3309 1510 3372 mixta
1554 3309 1722 3373 inter
1780 3318 2034 3395 patrem
2077 3309 2413 3396 filiumque
2459 3313 2926 3377 coniurationis
2972 3313 3242 3377 scientia

654 3407 925 3490 fingitur
978 3445 1065 3454 —
1110 3447 1189 3457 —-
1250 3409 1534 3474 exsolvit
1590 3433 1789 3474 venas
1847 3434 1904 3475 a.
1952 3414 2036 3477 66
2109 3412 2257 3479 Tac.
2311 3435 2369 3478 a.
2421 3419 2535 3491 16,
2582 3420 2681 3480 17.
2784 3414 2998 3479 Acilia
3054 3437 3235 3498 uxor,

655 3509 964 3575 Annaeus
1008 3511 1313 3576 Lucanus
1358 3512 1548 3577 filius,
1638 3513 1981 3599 Epicharis
2028 3516 2235 3580 amica
2278 3515 2580 3599 Polyaen.
2624 3521 2809 3581 strat.
2851 3521 2913 3594 8,
2950 3522 3056 3583 62.

548 3650 633 3658 —
698 3621 1054 3679 ANNAEVS
1100 3624 1445 3680 NOVATVS
1490 3616 1630 3680 vide
1668 3626 1737 3682 L.
1782 3626 2037 3682 IVNIVS
2085 3627 2382 3687 GALLIO.

533 3716 660 3781 455
705 3715 783 3780 T.
828 3714 1138 3781 Annaeus
1192 3716 1495 3783 Placidus
1548 3720 1918 3784 nominatur
1975 3721 2046 3785 in
2104 3742 2364 3786 numero
2422 3723 2768 3787 amicorum
2827 3723 2929 3788 M.
2974 3723 3246 3788 Antonii

652 3816 845 3882 Antii
884 3819 1061 3902 Lupi
1101 3819 1202 3884 VI
1232 3825 1419 3888 1343.

545 3957 632 3967 —
694 3921 772 3987 L.
818 3920 1160 3986 Laetorius
1204 3922 1514 3988 Annaeus
1560 3924 1849 4008 Ruf(us).

529 4025 656 4088 456
701 4033 780 4086 M.
826 4033 1183 4089 ANNAEVS
1231 4034 1699 4090 SATVRNINVS
1749 4035 2174 4093 CLODIANVS
2220 4039 2633 4113 AELIANVS‚
2686 4033 2785 4095 vir
2828 4029 3240 4109 clarissimuS,

656 4127 1067 4191 triumvirum
1115 4176 1302 4192 .....
1349 4128 1488 4211 (aut
1531 4128 1907 4211 capitalium
1953 4136 2066 4195 aut
2109 4132 2561 4215 monetalium),
2624 4132 2923 4198 tribunus
2974 4132 3100 4217 leg.
3146 4134 3242 4198 ΙΙΙ

655 4228 936 4310 Italicae,
986 4240 1289 4315 quaestor
1335 4231 1640 4308 urbanus,
1698 4230 1779 4295 ab
1825 4233 1987 4297 actis
2035 4244 2329 4317 senatuS‚
2393 4235 2689 4300 tribunus
2749 4234 2957 4320 plebis
3011 4234 3241 4299 kandi-

655 4328 874 4411 datus,
937 4342 1197 4416 praetor
1255 4333 1681 4415 kandidatus,
1746 4347 2007 4400 curator
2060 4338 2209 4400 viae
2271 4337 2571 4417 Latinae,
2631 4338 2885 4421 legatus
2955 4337 3078 4420 leg.
3139 4337 3241 4401 XI

656 4430 969 4498 Claudiae
1000 4483 1017 4499 .
1042 4485 1057 4499 .
1082 4484 1096 4500 .
1125 4484 1140 4499 .
1192 4435 1294 4501 VI
1311 4441 1479 4502 1337
1522 4441 1564 4501 t.
1610 4437 1889 4503 mutilus,
1960 4439 2279 4504 Tribunus
2323 4439 2438 4523 loy.
2470 4440 2604 4505 III
2636 4440 2912 4505 Italicae
2939 4461 3069 4505 non
3099 4444 3244 4505 ante

654 4536 1099 4619 imperatorem
1147 4539 1468 4605 Marcum.
3134 4604 3139 4608 .

526 4638 650 4704 457
698 4638 803 4721 (L.
823 4638 886 4724 ‘?)
918 4640 1230 4706 Annaeus
1262 4642 1525 4708 Seneca.
1574 4643 1819 4708 Lucius
1852 4643 2089 4708 (licitur
2117 4645 2187 4708 in
2214 4645 2783 4728 subscriptionibus
2816 4645 2972 4710 libri
2997 4665 3241 4710 suasor.

656 4740 1018 4825 (Romaest),
1044 4749 1315 4810 controv.
1340 4746 1390 4810 I
1402 4746 1797 4829 (Anima-p),
1831 4746 1976 4811 VII
1988 4745 2339 4830 (Antwmp.
2363 4747 2653 4813 Bruxell.
2682 4747 2972 4813 Vatican.
3004 4747 3241 4830 Tolet),

656 4844 775 4909 IX
816 4844 1166 4930 (Antwe‘ess.
1211 4847 1500 4914 Bru-zell.
1547 4848 1883 4931 Vatican.)‚
1931 4850 2239 4913 incertum
2280 4851 2644 4933 confusione
2689 4872 2776 4916 an
2815 4855 3001 4915 recte.

786 4947 995 5013 Natus
1041 4950 1291 5036 aliquot
1336 4953 1522 5015 annis
1567 4960 1717 5015 ante
1749 4950 2085 5016 Ciceronis
2131 4963 2428 5017 mortem:
2476 4964 2722 5018 ‘omnes
2766 4963 2984 5018 autem
3026 4955 3244 5037 magni

660 5052 725 5114 in
779 5049 1150 5138 eloquentia
1200 5055 1478 5118 nominis
1534 5063 1806 5140 excepto
1849 5053 2166 5120 Cicerone
2218 5054 2446 5120 videor
2501 5056 2795 5139 audisse3
2854 5078 2939 5120 ne
2989 5055 3244 5122 Cicero·

657 5176 806 5219 nem
853 5155 1112 5242 quidem
1159 5166 1338 5222 aetas
1383 5156 1542 5222 mihi
1602 5159 1875 5242 eripuit,
1939 5157 2054 5222 sed
2117 5156 2433 5222 bellorum
2492 5158 2778 5224 civilium
2834 5157 3020 5224 furor
3076 5161 3247 5223 intra
