3859 5992
434 555 789 614 AEmmvs
1738 550 1820 618 37
2021 534 2026 541 ’
2810 561 3138 620 ΑΕΜΠᾸΑ

557 769 732 823 satus
777 782 838 825 a.
870 760 952 825 32
993 782 1033 824 a
1063 758 1341 826 Servilio
1372 767 1439 824 et
1470 758 1770 825 Cornelio
1810 759 1959 824 Tac.
1994 781 2055 825 a.
2085 764 2144 837 6,
2175 764 2265 826 29
2308 760 2389 843 cf.
2422 760 2666 827 Seneca
2695 765 2894 827 contr.
2923 767 2990 842 2,
3019 767 3136 842 22,

555 860 945 927 adulterium
1002 863 1266 945 Liviae,
1328 881 1664 945 magorum
1719 884 1907 927 sacra
1968 863 2026 926 ei
2087 860 2343 928 obiecta
2406 874 2590 948 suntr,
2658 863 3138 931 damnationem

553 974 762 1029 morte
805 965 1035 1030 anteiit
1085 965 1233 1030 Tac.
1267 986 1329 1030 a.
1361 969 1421 1043 6,
1450 969 1561 1042 29,
1605 963 1742 1031 Dio
1769 969 1871 1043 58,
1901 970 2009 1032 24.

680 1066 1031 1133 Oratorum
1077 1089 1155 1131 ea
1196 1076 1408 1133 aetate
1446 1065 1808 1132 uberrimus
1847 1067 1997 1133 Tac.
2030 1090 2091 1133 a.
2127 1072 2188 1145 3,
2218 1071 2337 1147 31,-
2378 1069 2649 1153 insignis
2695 1069 3028 1135 nobilitate
3072 1080 3139 1136 et

555 1169 819 1235 orandis
863 1171 1101 1253 causis,
1149 1170 1287 1234 vita
1328 1169 1682 1255 probrosus
1724 1169 1853 1238 ibd.
1901 1174 1961 1247 6,
2005 1174 2130 1248 29,·
2174 1169 2346 1235 foedi
2390 1191 2603 1236 mores
2647 1172 2889 1238 Seneca
2934 1173 3135 1256 benef.

551 1278 611 1349 4,
654 1276 768 1349 31,
831 1273 1172 1358 impuritas
1218 1271 1446 1337 Scauri
1500 1270 1757 1337 Tertull.
1806 1272 1880 1338 de
1912 1271 2125 1354 pallio
2165 1276 2226 1339 5.
2276 1310 2360 1320 -
2400 1273 2725 1341 Iudicium
2784 1273 2867 1341 de
2917 1275 3134 1342 indole

554 1373 960 1462 eloquentiae
1019 1374 1264 1441 Seneca
1322 1379 1517 1439 contr.
1561 1380 1644 1439 10
1689 1376 1908 1458 praef.
1954 1379 2163 1455 2--4;
2232 1376 2554 1441 orationes
2621 1386 2868 1463 septem
2933 1378 3138 1445 edidit

549 1477 678 1546 ibd.
700 1482 762 1555 3,
802 1499 934 1543 non
971 1486 1225 1542 tantum
1258 1475 1718 1542 disertissimus
1750 1477 1961 1560 homo,
1994 1478 2108 1542 sed
2139 1479 2632 1544 venustissimus
2658 1479 2788 1544 ibd.
2819 1484 2879 1557 1,
2909 1486 2973 1560 2,
3005 1486 3135 1563 22,-

551 1580 730 1646 dicta
774 1582 913 1645 eius
957 1579 1085 1644 ibd.
1117 1585 1176 1656 1,
1206 1584 1272 1656 2,
1303 1584 1434 1658 22,·
1474 1584 1541 1657 2,
1574 1584 1631 1657 1,
1661 1585 1780 1657 39,·
1818 1586 1878 1657 9,
1908 1584 1969 1657 5,
2001 1585 2118 1658 17‚·
2160 1586 2260 1657 10,
2291 1586 2350 1657 1,
2382 1585 2459 1659 4,·
2501 1585 2601 1657 10,
2633 1585 2699 1657 2,
2741 1586 2843 1660 19,
2894 1584 3136 1651 Seneca

551 1683 797 1765 epistul.
819 1688 929 1761 29,
952 1686 993 1747 6
1006 1703 1026 1761 ‚·
1054 1687 1128 1746 ut
1153 1682 1336 1747 homo
1365 1681 1862 1766 eleyantzssimus
1889 1682 2177 1749 Scaurus
2207 1683 2577 1748 nominatur
2598 1683 2858 1749 Petron.
2880 1691 3004 1751 sat.
3031 1692 3132 1752 77.

676 1783 959 1850 Aemilia
996 1783 1249 1871 Lepida
1292 1786 1349 1847 ei
1395 1795 1603 1871 nupta
1643 1783 1886 1867 fuerat,
1948 1808 2032 1849 ex
2076 1808 2208 1870 qua
2265 1783 2464 1850 filiam
2508 1796 2825 1868 genuerat
2875 1789 3024 1854 Tac.
3070 1811 3132 1855 a.

546 1892 606 1964 3,
644 1892 768 1966 23;
815 1887 968 1952 dein
1015 1886 1243 1952 Sextia
1283 1908 1470 1970 uxor,
1516 1909 1685 1973 quae
1728 1887 2219 1952 incitamentum
2262 1890 2486 1952 mortis
2531 1898 2598 1952 et
2639 1890 2964 1975 particeps
3007 1889 3135 1955 fuit

550 1990 677 2058 iba.
722 1995 783 2068 6,
827 1995 935 2057 29.
1024 1990 1305 2054 Patruus
1364 1987 1553 2055 simul
1612 2011 1688 2054 ac
1746 1991 2018 2054 vitricus
2074 1991 2152 2055 L.
2201 1989 2423 2055 Sullae
2466 1990 2595 2055 ibd.
2639 1994 2700 2068 3,
2743 1995 2846 2057 31.
2933 1993 3010 2058 In
3056 2015 3133 2058 eo

551 2093 947 2159 Scaurorum
1003 2092 1248 2158 familia
1304 2094 1593 2157 extincta
1651 2103 1748 2157 est
1792 2091 2035 2158 Seneca
2084 2113 2254 2158 suae.
2299 2098 2366 2170 2,
2410 2098 2524 2159 22.
2587 2129 2670 2139 -
2732 2094 3135 2161 Memoratur

545 2201 890 2280 praeterea
940 2196 1088 2261 Tac.
1123 2217 1184 2261 a.
1216 2200 1274 2273 6,
1302 2199 1422 2275 30;
1464 2195 1706 2260 Nostus
1752 2195 1951 2260 Mam.
2000 2195 2231 2261 Scauri
2275 2194 2316 2259 l.
2368 2194 2470 2260 VI
2494 2199 2723 2261 23073.

428 2300 541 2365 281
587 2310 669 2365 Μ.
715 2298 1138 2384 (AEMILIVS)
1185 2307 1515 2363 SCAVRVS
1562 2298 1679 2381 (M.
1727 2297 2012 2363 Scaurus
2056 2297 2189 2363 Dio
2231 2302 2331 2375 51,
2380 2304 2445 2375 2,
2495 2298 2781 2364 Scaurus
2836 2300 3131 2382 ceteram)

545 2402 636 2467 M.
696 2400 959 2468 Aemilii
1031 2401 1261 2468 Scauri
1336 2397 1592 2480 (aeddis
1656 2401 1897 2466 curulis
1958 2422 2018 2468 a.
2063 2405 2186 2466 696
2230 2430 2314 2454 =
2361 2400 2467 2481 58)
2527 2411 2595 2465 et
2646 2400 2905 2466 Muciae
2961 2402 3133 2468 filius

544 2504 795 2570 nomine
853 2503 1083 2569 omisso
1132 2503 1366 2569 Ascon.
1424 2503 1497 2568 in
1555 2503 1900 2570 Scaurian.
1935 2525 2008 2587 p.
2049 2508 2149 2580 17,
2196 2507 2276 2569 15
2321 2502 2480 2581 KS,·
2539 2502 2691 2570 Sex.
2750 2502 3132 2590 Pompeium

545 2607 814 2673 fratrem
852 2608 1177 2672 uterinum
1221 2608 1288 2669 in
1317 2604 1479 2670 Asia
1508 2606 1779 2671 Antonii
1810 2606 2089 2671 ducibus
2133 2605 2421 2692 prodidit
2450 2606 2538 2689 (a.
2572 2611 2694 2675 719
2725 2635 2805 2659 =
2832 2610 2915 2672 35
2944 2628 3006 2672 a.
3033 2605 3133 2691 C.)

541 2710 832 2794 Appian.
880 2710 939 2775 b.
984 2730 1036 2775 c.
1081 2713 1142 2787 5,
1187 2714 1333 2786 142,
1386 2717 1534 2796 post
1569 2729 1855 2795 pugnam
1897 2708 2234 2775 Actiacam
2280 2709 2423 2773 neci
2468 2707 2824 2774 destinatus
2868 2717 3134 2796 propter

543 2813 831 2878 Muciam
873 2820 1146 2877 matrem
1188 2812 1392 2876 vitam
1437 2810 1719 2876 obtinuit
1746 2810 1879 2876 Dio
1913 2816 2016 2890 51,
2046 2816 2131 2890 2;
2167 2815 2267 2889 56,
2297 2815 2401 2876 38.
2467 2811 2717 2879 Ὲιῖίαε.·
2761 2811 3134 2878 Mamercus

540 2915 859 2981 Aemilius
902 2914 1213 2981 Scaurus.
1997 2998 2004 3005 Δ

424 3018 543 3084 282
584 3017 904 3083 Aemilius
950 3017 1361 3101 Severianus,
1409 3016 1896 3104 mimographus
1940 3016 2033 3082 II
2055 3021 2229 3084 4092
2275 3021 2319 3082 t.
2357 3016 2856 3083 Tarraconensis
2899 3017 3133 3083 aetatis

544 3122 842 3186 nicenae.

422 3224 541 3290 283
581 3231 949 3287 AEMILIVS
998 3231 1333 3287 SEVERVS
1380 3230 1925 3305 CANTABRINVS‚
1976 3221 2200 3287 consul
2232 3223 2429 3305 (suff.)
2462 3246 2519 3291 a.
2551 3222 2614 3287 d.
2645 3222 2748 3287 III
2774 3221 2922 3286 idus
2955 3220 3129 3307 Aug.

542 3347 713 3391 anno
764 3326 1004 3390 incerto
1058 3323 1300 3390 saeculi
1355 3325 1489 3389 III
1531 3326 1699 3390 inter
1746 3324 2195 3390 Alexandrum
2252 3330 2313 3390 et
2370 3325 2715 3408 Philippos
2770 3329 2844 3389 ut
2884 3323 3132 3390 videtur

542 3428 699 3512 dipl.
742 3427 877 3492 mil.
922 3426 1094 3510 Eph.
1137 3448 1232 3510 ep.
1263 3432 1305 3492 4
1335 3450 1407 3510 p.
1439 3431 1582 3493 508.

421 3532 542 3598 284
585 3530 665 3599 L.
711 3527 1033 3596 Aemilius
1077 3528 1505 3612 Sullectinus,
1568 3530 1932 3616 praefectus
1980 3528 2202 3594 classis
2246 3529 2648 3595 Ravennatis
2690 3528 2988 3594 Boissieu
3028 3529 3127 3595 in-

537 3633 884 3717 scriptions
927 3631 1002 3697 dc
1041 3633 1224 3715 Dyon
1252 3654 1326 3714 p.
1359 3638 1440 3697 16
1482 3653 1545 3697 n.
1576 3638 1674 3697 13.

416 3737 536 3802 285
580 3734 904 3801 Aemilius
951 3733 1120 3800 Sura
1164 3735 1396 3800 aetatis
1436 3735 1747 3813 incertam
1801 3736 1998 3800 verba
2049 3735 2182 3799 cius
2226 3733 2308 3799 de
2353 3734 2540 3798 annis
2585 3732 2805 3819 populi
2853 3734 3128 3797 Romani

539 3836 907 3918 afferuntur
950 3838 1018 3901 in
1054 3836 1429 3920 ylossatom's
1469 3839 1695 3903 veteris
1739 3838 2171 3903 additamento
2217 3836 2392 3920 apud
2435 3835 2734 3902 Velleium
2775 3842 2833 3913 1,
2865 3841 2923 3913 6,
2954 3840 3012 3900 6.

418 3942 539 4007 286
580 3939 901 4006 Aemilius
915 3940 1092 4023 Tiro,
1111 3939 1194 4004 ad
1211 3962 1404 4026 quem
1418 3939 1554 4004 divi
1571 3939 1803 4005 fratres
1821 3941 2296 4025 rescripserunt
2313 3939 2571 4022 lev‘an.
2585 3938 2828 4021 Diyest.
2840 3943 2938 4014 47,
2952 3941 3051 4015 18,
3066 3943 3126 4002 1.

433 4081 520 4091 —
582 4042 672 4107 M.
736 4041 1018 4106 Messius
1078 4041 1388 4106 Rusticus
1445 4041 1764 4107 Aemilius
1823 4043 2038 4107 Verus
2095 4042 2321 4107 Aelius
2386 4040 2696 4106 Romulus
2752 4041 3127 4105 Priscianus

538 4144 727 4210 Titus
743 4143 834 4227 (P)
881 4143 1219 4209 Proculus.

418 4246 536 4313 287
581 4249 655 4312 Ρ.
688 4245 1008 4312 Aemilius
1040 4247 1268 4311 Victor
1309 4246 1381 4311 in
1422 4246 1643 4330 fistula
1673 4246 1980 4330 plumbea
2023 4247 2292 4331 oriyinis
2325 4247 2605 4312 incertae
2634 4246 2959 4312 Lanciani
2984 4242 3125 4329 syll.

536 4371 637 4432 aq.
667 4370 732 4414 n.
757 4352 897 4416 456.
967 4348 1315 4432 (Aemilius
1347 4350 1576 4414 Victor
1603 4351 1708 4414 vir
1738 4349 2245 4436 perfectissimus
2276 4373 2316 4414 a
2345 4348 2705 4415 rationibus
2736 4347 3126 4413 Diocletiani

539 4452 642 4516 VI
673 4450 888 4535 1120).

416 4554 534 4619 288
580 4553 945 4638 [AeJmilius
984 4554 1378 4636 Victorinus,
1425 4553 1507 4619 A.
1556 4554 1621 4637 f.,
1668 4566 2052 4643 procurator
2093 4554 2266 4639 Aug.
2313 4554 2396 4619 ad
2441 4552 2851 4640 accipiendos
2895 4573 3126 4615 census

538 4658 606 4721 in
666 4657 1010 4742 provincia
1052 4655 1272 4722 Gallia
1315 4655 1739 4740 Lugdunensi
1787 4668 1850 4721 et
1894 4659 1962 4720 in
2009 4658 2349 4743 provincia
2391 4656 2676 4722 Thracia
2715 4653 2907 4720 XIV
2935 4658 3122 4720 4250.

432 4795 515 4805 -
576 4767 872 4824 MARGIA
914 4766 1265 4824 POSTVMA
1305 4767 1691 4824 MESSENIA
1731 4769 2059 4824 LVCILLA
2103 4770 2449 4825 AEMILIA.

413 4862 533 4927 289
576 4871 875 4926 PAVLLA
919 4871 1248 4925 AEMILIA
1306 4863 1376 4927 in
1429 4862 1789 4947 fraymento
1847 4862 2120 4945 bilinyui
2160 4862 2588 4946 Emporitana
2630 4861 2726 4926 II
2754 4864 2941 4927 4623.
3020 4858 3122 4942 Cf.

532 4962 810 5030 Paullus
850 4963 1168 5029 Aemilius
1211 4963 1520 5048 Reyillua

414 5066 534 5132 290
574 5076 907 5132 AEMILIA
965 5076 1360 5151 CALLISTA‚
1422 5067 1498 5135 C.
1545 5067 1623 5151 f.‚
1681 5067 2038 5132 clarissima
2094 5067 2367 5151 femina,
2431 5068 2717 5132 coniunx
2779 5066 2857 5134 L.
2900 5064 3124 5130 Turcii

534 5168 827 5235 Faesasii
873 5170 1235 5257 Aproniani
1280 5192 1411 5236 cos.
1453 5169 1574 5235 IX
1610 5174 1786 5237 2801
1830 5169 2209 5253 Aufidena&
