3859 5992
682 557 1050 614 CLAVDIVS
1965 550 2090 614 402
3015 558 3373 616 CLAVDIVS

807 754 1154 821 Aureliani
1187 759 1245 819 et
1281 754 1638 821 electionem
1675 755 1902 833 Taciti,
1948 756 2392 837 interregnum
2429 775 2547 818 sex
2588 755 2907 818 mensium
2948 755 3078 820 sive
3119 767 3371 842 septem,

806 858 976 942 quod
1013 859 1291 940 refertur
1332 859 1467 923 vita
1501 863 1561 935 1,
1605 863 1681 937 1,·
1720 863 1787 935 2,
1833 864 1889 924 1.
1939 863 1998 936 6,
2042 857 2339 940 Epitome
2378 859 2478 934 35,
2518 861 2578 933 9,
2610 877 2884 940 prorsus
2923 857 3227 942 ficticium
3269 865 3372 927 est.

403 948 470 1069 ⁴¹⁰
532 984 682 1057 us(
935 961 1198 1028 Frater:
1241 955 1318 1051 Γ.
1349 961 1605 1026 Annius
1636 959 2000 1026 Florianus.
2047 959 2320 1025 Liberos
2349 957 2702 1045 permultos
2733 958 2996 1046 reliquit
3034 962 3169 1026 vita
3190 968 3289 1042 16,
3318 970 3371 1029 4.

679 1065 804 1130 823
848 1073 1107 1129 APPIVS
1156 1073 1524 1128 CLAVDIVS
1556 1072 1985 1128 TARRONIVS
2018 1071 2343 1144 DEXTER,
2393 1063 2496 1125 vir
2523 1061 2917 1127 clarissimus
2947 1063 3071 1129 deo
3101 1063 3373 1131 Mithrae

806 1166 1134 1232 dedicavit
1180 1170 1221 1234 t.
1267 1166 1341 1232 X
1381 1171 1540 1232 1479
1588 1166 1869 1250 Neapoli
1909 1166 2020 1249 qui
2069 1164 2252 1231 hodie
2296 1169 2487 1230 extat.
2578 1163 2886 1230 Fortasse
2926 1166 3168 1231 saeculi
3207 1168 3371 1233 IIII

806 1271 888 1352 cf.
932 1269 1253 1353 Borqhesi
1297 1291 1438 1352 opp.
1486 1269 1670 1335 VIII
1692 1291 1766 1352 p.
1797 1273 1941 1346 199,
1991 1267 2185 1334 Seeck
2218 1268 2434 1351 praef.
2477 1266 2833 1351 Symmach.
2867 1290 2940 1351 p.
2976 1269 3093 1334 LI.

679 1373 805 1438 824
852 1372 1278 1455 CL(AVDIVS)
1325 1381 1647 1455 TEBENS,
1711 1382 1894 1458 pater
1939 1370 2198 1437 Claudii
2244 1369 2449 1456 Illyrii
2496 1371 2566 1435 in
2610 1375 2653 1434 t.
2698 1370 2826 1453 filii
2859 1372 3100 1438 Δελτίον
3145 1373 3374 1459 ἀρχαιο-

805 1476 1041 1561 λογικόν
1085 1474 1148 1539 V
1179 1472 1391 1558 (1889)
1423 1497 1497 1558 p.
1529 1479 1650 1539 133
1690 1495 1753 1539 n.
1786 1479 1883 1539 14.
1977 1473 2129 1540 Vide
2171 1494 2371 1556 supra
2414 1474 2528 1538 sub
2572 1473 2729 1558 filio.

676 1576 800 1642 825
846 1586 940 1642 TI.
976 1577 1402 1659 CL(AVDIVS)
1432 1586 1958 1644 TELEMACHVS.
2013 1576 2214 1642 Tituli
2242 1578 2430 1659 Lycii
2450 1597 2676 1659 qraece
2703 1577 2960 1657 scripti:
2988 1577 3119 1659 ἐρεῖ
3132 1579 3376 1660 positas

806 1684 896 1744 est
923 1679 1311 1763 Sidymensis·
1338 1678 1694 1761 Benmlorf,
1742 1679 1978 1758 Rei-sen
2016 1680 2084 1743 in
2114 1678 2357 1762 Lykien
2389 1700 2462 1761 p.
2495 1684 2580 1744 67
2617 1700 2680 1746 n.
2709 1683 2799 1744 42
2841 1679 2953 1762 (1),
2998 1685 3377 1745 φηεηιοναίαν

805 1784 873 1846 in
918 1787 963 1847 t.
1000 1781 1298 1865 Sidymae
1331 1783 1599 1865 repertis
1637 1781 1767 1847 ibcl.
1799 1804 1871 1864 p.
1902 1786 1983 1847 67
2024 1802 2089 1846 n.
2118 1787 2201 1847 41
2232 1780 2325 1866 (2)
2354 1782 2595 1859 uxoris,
2627 1804 2701 1864 p.
2734 1786 2814 1846 71
2855 1802 2919 1846 n.
2948 1786 3029 1847 50
3057 1780 3166 1863 (3),
3200 1804 3273 1866 p.
3304 1786 3378 1848 73

801 1906 863 1949 n.
908 1888 998 1951 52
1039 1883 1148 1967 (4),
1207 1885 1278 1949 in
1336 1888 1379 1952 t.
1433 1883 1722 1950 Xanthio
1775 1884 1879 1949 CI
1879 1883 1942 1950 G
1988 1888 2157 1950 4274
2200 1882 2423 1949 Addit.
2466 1906 2537 1967 p.
2585 1887 2751 1949 1124
2791 1914 2875 1938 =
2919 1885 3374 1952 Lebas-Wad-

804 1987 1064 2072 ‹linyton
1102 1992 1275 2055 1257
1314 1988 1423 2074 (5).

937 2091 1094 2156 Tria
1148 2092 1409 2157 nomina
1465 2090 1755 2155 exhibent
1813 2095 1854 2159 t.
1899 2109 2142 2169 omneS,
2202 2092 2271 2155 in
2317 2094 2357 2158 t.
2401 2093 2463 2167 3,
2514 2090 2629 2154 ubi
2677 2091 2935 2154 nomina
2982 2091 3376 2174 imperatoris

802 2214 991 2259 erasa
1044 2198 1191 2258 sunt
1209 2243 1223 2271 ,
1269 2195 1529 2259 nontina
1581 2192 1935 2259 Telemachi
1977 2198 2128 2276 post
2178 2213 2478 2257 raswram
2520 2192 2815 2257 restituta
2856 2199 3022 2259 sunt.
3068 2230 3145 2241 —
3196 2193 3374 2260 Civis

801 2296 1050 2361 Xanthi
1097 2305 1163 2361 et
1205 2295 1512 2382 Sidymae
1547 2300 1589 2360 t.
1622 2302 1680 2362 1.
1711 2300 1770 2372 3,
1818 2296 2123 2381 princeps
2167 2296 2465 2379 gerusiae
2496 2293 2805 2379 Sidymae
2838 2299 2881 2359 t.
2910 2301 2969 2371 4,
3015 2295 3375 2382 Lyciarcha

803 2402 845 2462 t.
874 2403 934 2464 3.
964 2402 1024 2464 5.
1057 2435 1137 2446 —
1169 2398 1492 2480 Quaestor
1519 2398 1826 2481 Achaiae,
1873 2397 2126 2481 legatus
2156 2397 2355 2462 Asiae
2401 2408 2466 2462 et
2508 2396 2604 2479 (in
2641 2420 2718 2461 ea
2747 2396 3097 2480 legatione)
3143 2401 3375 2463 oecista

797 2500 1162 2566 Laodiceae
1207 2512 1273 2566 et
1315 2500 1701 2586 Hierapolis,
1750 2510 2012 2565 curator
2056 2502 2339 2566 civitatis
2378 2498 2886 2566 Callatianorum
2930 2500 3216 2566 Moesiae
3260 2503 3374 2579 (in-

798 2603 1098 2687 ferioris),
1148 2602 1502 2667 consularis
1532 2604 1678 2687 (cos.
1710 2601 2014 2682 suffectus
2042 2623 2212 2669 anno
2250 2604 2487 2668 incerto
2530 2602 2646 2667 sub
2689 2602 2880 2686 finem
2919 2603 3161 2669 saeculi
3186 2604 3280 2671 II
3307 2610 3374 2670 ut

797 2705 1065 2793 m'detur)
1111 2709 1153 2773 t.
1200 2710 1256 2769 1.

925 2806 1201 2872 Maritus
1244 2807 1546 2872 Tiberias
1590 2805 1906 2873 Claudiae
1952 2806 2211 2872 Arsasis
2255 2812 2297 2874 t.
2342 2810 2423 2884 2,
2488 2816 2673 2892 pater
2729 2805 2830 2872 Ti.
2876 2806 3133 2875 Claudii
3178 2810 3371 2876 Stasi-

799 2910 1101 2975 themidis
1146 2918 1210 2973 et
1256 2908 1569 2975 Claudiae
1611 2909 1926 2975 Arsinoes
1975 2914 2016 2977 t.
2064 2916 2121 2974 1.
2166 2913 2231 2987 2,
2280 2931 2439 2974 avus
2478 2909 2578 2975 Ti.
2612 2908 2870 2974 Claudii
2899 2909 3152 2976 Aurelii
3193 2911 3373 2978 Tele-

793 3012 1004 3078 machi
1052 3018 1094 3077 t.
1123 3019 1190 3079 2.
1220 3049 1306 3058 -—
1337 3012 1539 3077 Pater
1584 3012 1941 3077 Telemachi
1977 3012 2224 3077 videtur
2258 3012 2664 3078 Stasithemis
2710 3011 3141 3098 Si[dymaeus]
3184 3014 3372 3081 hono-

791 3120 975 3181 ratus
1003 3120 1044 3181 t.
1075 3114 1365 3181 Xanthia
1395 3115 1616 3181 mutilo
1649 3114 2193 3180 Monatsberichte
2224 3115 2335 3179 der
2364 3114 2665 3180 Berliner
2692 3114 2907 3181 Akad.
2939 3120 3103 3183 1865
3128 3140 3201 3200 p.
3227 3123 3368 3187 612.

919 3217 1137 3283 Potest
1163 3217 1330 3283 idem
1360 3238 1489 3283 esse
1519 3217 1831 3283 Claudius
1862 3216 2287 3282 Telemachus
2317 3238 2495 3300 quem
2522 3222 2829 3284 merteorat
2858 3218 3105 3285 Paulus
3125 3219 3370 3306 Diyest.

788 3328 847 3399 4,
893 3326 954 3400 4,
998 3325 1082 3387 38
1113 3342 1221 3403 pr.

664 3425 791 3489 826
835 3434 930 3492 TI.
965 3433 1336 3489 CLAVDIVS
1369 3472 1526 3489 .....
1540 3432 1641 3487 LA
1671 3431 2179 3505 THEOPROPVS,
2218 3425 2251 3490 ὁ
2282 3427 2583 3511 κράτιστος
2613 3425 2889 3497 ὑπατικός
2910 3456 2996 3480 =
3017 3426 3370 3492 consularis

790 3527 940 3610 (cos,
961 3525 1263 3605 suffectus
1292 3546 1460 3590 anno
1490 3527 1728 3591 incerto
1757 3526 1998 3592 saeculi
2017 3527 2109 3591 II
2125 3526 2221 3591 vel
2244 3526 2404 3611 III)
2432 3525 2782 3593 honoratus
2811 3532 2855 3592 t.
2880 3527 3245 3595 Ohalcetico
3269 3531 3370 3596 In-

786 3628 1159 3711 scriptiones
1184 3650 1453 3712 yraecae
1483 3629 1840 3694 insularum
1871 3630 1922 3693 I
1937 3633 2079 3695 959.
2109 3666 2197 3675 -
2222 3629 2426 3694 Pater
2456 3629 2645 3695 huius
2669 3630 2916 3695 videtur
2944 3631 3370 3718 Theopropus

791 3729 1282 3817 Olympionica,
1343 3753 1522 3813 quem
1579 3731 1853 3797 celebrat
1913 3733 2307 3815 epiqramma
2363 3732 2691 3816 Olympiae
2748 3739 3064 3817 repertum
3110 3734 3367 3811 Kaibcl,

787 3835 1286 3918 Epiyrammata
1324 3855 1562 3917 yraeca
1606 3839 1727 3899 934
1772 3836 2128 3922 εὐπατρίδην
2178 3833 2412 3901 Ῥόδιον
2457 3841 2858 3922 συνκλητικῶν
2902 3843 3208 3923 γενετῆρα.

680 3976 766 3984 -
830 3937 933 4003 Ti.
980 3936 1296 4003 Claudius
1343 3935 1726 4022 Thrasyllus
1769 3936 1910 4001 vide
1954 3936 2358 4023 Thrasyllus.

658 4041 782 4106 827
829 4039 1147 4107 Claudius
1179 4038 1580 4121 Timarchus,
1631 4038 1960 4105 Cretensis
2000 4042 2065 4103 in
2098 4050 2325 4105 senatu
2359 4062 2507 4104 reus
2538 4062 2706 4104 anno
2738 4041 2822 4109 62
2861 4041 3006 4109 Tac.
3040 4063 3100 4107 a.
3132 4047 3231 4121 15,
3263 4050 3366 4110 20.

658 4143 782 4207 828
830 4151 891 4209 C.
935 4144 1359 4223 CL(AVD1VS)
1407 4150 1760 4206 TITIANVS
1804 4147 2195 4207 memoratur
2238 4144 2307 4206 in
2352 4147 2396 4207 t.
2432 4141 2750 4207 Eleusino
2791 4142 3078 4209 Bulletin
3119 4145 3196 4210 de
3237 4167 3369 4210 cor-

783 4244 1209 4327 respondance
1239 4244 1610 4326 Hellenique
1648 4244 1750 4308 VI
1769 4244 1991 4329 (1882)
2010 4268 2082 4328 p.
2106 4250 2229 4310 436
2254 4245 2540 4310 mulieris
2567 4246 2912 4324 cuiusdam,
2946 4249 3123 4313 cuius
3149 4270 3369 4313 nomen

780 4348 1000 4431 periit,
1045 4368 1205 4430 quae
1236 4347 1471 4412 dicitur
1500 4349 1798 4433 ἀδελφιδῆ
1831 4347 1905 4413 C.
1942 4347 2199 4413 Claudii
2232 4347 2494 4431 Titiani,
2542 4347 2675 4412 filia
2717 4348 3103 4437 Ph[ilip]pae
3147 4351 3369 4437 (filiae)

786 4448 883 4515 Ol.
929 4450 1347 4517 Demostrati.

913 4553 1035 4617 Vir
1092 4552 1488 4617 clarissimus
1533 4553 1991 4638 (συνκλητικός),
2051 4553 2350 4619 tribunus
2413 4553 2777 4637 (militum),
2838 4556 3009 4620 Xvir
3058 4555 3366 4639 (stlitibus

782 4653 1192 4737 iudicandis),
1256 4668 1563 4740 quaestor
1620 4658 1997 4741 provinciae
2057 4656 2371 4737 Achaiae,
2437 4656 2738 4721 tribunus
2794 4656 3027 4743 plebis,
3090 4669 3365 4745 praetor,

783 4756 1128 4842 proconsul
1189 4756 1421 4823 Cretae
1481 4760 1575 4823 tit.
1621 4797 1707 4806 —
1771 4757 1926 4825 Cum
1986 4757 2299 4823 Claudius
2362 4758 2808 4824 Demostratus
2862 4760 3028 4826 idem
3082 4762 3369 4827 videatur

786 4865 973 4942 atque
1016 4859 1460 4927 Demostratus
1504 4861 1912 4927 adversarius
1958 4861 2167 4926 Attici
2211 4861 2510 4939 HerodiS,
2558 4866 2599 4926 t.
2649 4862 2735 4926 ad
2777 4863 2968 4946 fmem
3009 4865 3249 4930 saeculi
3288 4865 3377 4930 II

784 4961 1155 5045 referendus
1198 4968 1306 5028 est.

658 5067 782 5132 829
829 5064 1144 5131 Claudius
1176 5065 1663 5152 Tryphoninus,
1712 5069 1851 5132 iure
1897 5066 2229 5132 consultus
2273 5069 2341 5131 in
2387 5066 2653 5132 consilio
2686 5070 2998 5154 principis
3028 5068 3363 5151 (Antonini

780 5168 1006 5235 Severi
1053 5169 1127 5251 f.)
1171 5168 1296 5233 fuit
1324 5168 1571 5234 Paulus
1598 5168 1843 5254 Diyest.
1876 5175 1981 5247 49,
2018 5174 2118 5248 14,
2146 5175 2266 5249 50,-
2312 5172 2695 5258 rescriptum
2732 5169 3045 5237 Antonini
3092 5171 3177 5237 ad
3220 5194 3361 5238 eum
