3859 5992
601 500 981 557 AVRELIVS
1887 493 2014 559 197
2928 504 3307 563 AVRELIVS

605 698 761 763 1211
815 698 1192 763 AVRELIVS
1232 706 1766 764 ARISTOBVLVS.
1875 697 2081 765 Tituli
2132 698 2268 766 eius
2308 699 2620 782 Africani
2659 701 2732 766 in
2777 701 3122 785 provincia
3155 724 3316 786 pro·

730 799 1057 866 consulari
1094 802 1334 885 reperti
1375 801 1559 867 VIII
1592 805 1732 866 608.
1778 806 1923 869 624.
1968 806 2145 869 4645.
2190 806 2378 870 5290.
2471 803 2682 870 Plena
2720 804 2982 870 nomina
3024 806 3315 873 eoehibent

727 903 824 968 vel
863 902 1243 970 exhibebant
1278 902 1469 981 tituli,
1511 908 1783 970 ceterum
1827 889 2264 970 Aristobulus.
2307 942 2394 952 —
2444 906 2562 971 Vir
2605 906 3001 972 clarissimus
3049 913 3091 975 t.

858 1008 982 1073 Vir
1038 1009 1342 1093 insignis,
1404 1007 1774 1093 praefectus
1835 1012 2162 1094 praetorio
2219 1008 2371 1074 Cari
2417 1032 2458 1073 a
2499 1009 2908 1074 Diocletiano
2971 1012 3036 1076 in
3098 1010 3311 1076 officio

730 1121 1020 1176 retentus
1057 1109 1290 1179 Victor.
1325 1109 1507 1178 Caes.
1535 1115 1638 1189 39,
1669 1117 1771 1177 14.
1841 1111 2086 1177 Consul
2115 1134 2173 1176 a.
2205 1113 2329 1178 285
2362 1134 2514 1178 cum
2544 1112 2952 1179 Diocletiano
2982 1113 3314 1181 Ammian.

732 1213 1100 1279 Marcellin.
1145 1219 1253 1291 23,
1304 1219 1363 1291 1,
1418 1220 1495 1293 1,·
1552 1213 1901 1301 proconsul
1965 1213 2226 1279 Africae
2290 1216 2461 1280 intra
2522 1237 2582 1281 a.
2640 1217 2917 1282 2942305
2977 1218 3113 1295 tit.,·
3173 1239 3315 1283 cum

728 1322 968 1400 regeret
1010 1318 1416 1401 provinciam
1470 1318 1680 1383 nescio
1740 1338 1929 1399 quam
1945 1368 1964 1395 ‚
2019 1319 2293 1400 fortasse
2350 1319 2678 1402 Africam,
2742 1320 2802 1384 ei
2846 1322 3317 1409 rescripserunt

732 1421 1155 1506 imperatores
1200 1443 1259 1485 a.
1305 1420 1431 1486 293
1477 1419 1669 1485 codex
1711 1421 2116 1486 Iustiniams
2155 1426 2222 1498 2,
2268 1426 2367 1498 14,
2411 1425 2471 1486 1.

558 1578 566 1584 ·
607 1540 772 1606 1212
815 1539 1241 1624 AV[REL]IVS
1272 1548 1834 1617 ARTEMIDORVS‚
1867 1537 2265 1604 clarissimus
2303 1541 2425 1623 vir,
2458 1549 2719 1606 curator
2759 1540 2926 1607 alvei
2959 1541 3221 1607 Tiberis
3251 1552 3318 1607 et

733 1641 1093 1707 cloacarum
1132 1641 1312 1707 urbis
1357 1665 1414 1706 a.
1460 1642 1587 1707 244
1633 1641 1734 1708 VI
1764 1645 1889 1706 863
1932 1642 2014 1723 cf.
2064 1640 2235 1710 Add.
2269 1664 2344 1725 1).
2374 1647 2517 1710 839.

609 1754 772 1821 1213
816 1754 906 1819 Μ.
936 1753 1242 1820 Aurelius
1272 1752 1447 1819 Atho
1476 1752 1841 1837 Marcellae,
1876 1755 1981 1817 vir
2010 1755 2330 1838 egregius,
2365 1765 2748 1841 procurator
2775 1752 2990 1838 Augg.
3022 1755 3137 1837 (=
3163 1753 3315 1821 Phi·

730 1856 1114 1944 lipporum),
1182 1878 1442 1942 praeses
1503 1857 1979 1933 (Mauretaniae
2034 1855 2536 1940 Caesariensis);
2603 1869 2916 1943 patronus
2980 1857 3312 1944 municipii

666 2004 671 2013 -
733 1958 1355 2042 (Lemellefensium)
1402 1958 1586 2025 VIII
1616 1962 1784 2024 8809
1830 1963 1873 2023 t.
1919 1958 2411 2041 Lemellefensis.

606 2069 772 2135 1214
816 2069 891 2138 O.
938 2069 1247 2135 Aurelius
1291 2068 1637 2153 Atilianae,
1686 2079 2071 2155 procurator
2109 2068 2281 2153 Aug.
2327 2071 2629 2154 (Daciae)
2673 2070 2809 2136 III
2839 2074 2966 2138 853
3008 2075 3053 2137 t.
3094 2070 3318 2156 Napo-

729 2175 948 2239 censis.
1039 2172 1221 2239 Idem
1273 2172 1523 2238 videtur
1577 2171 1885 2238 Aurelius
1945 2171 2306 2255 Atilianus,
2366 2173 2474 2238 cui
2535 2174 2888 2258 imperator
2944 2173 3316 2240 Antoninus

731 2276 1095 2362 rescripsit:
1161 2285 1445 2361 ‘praeses
1513 2274 1687 2340 ultra
1749 2273 2326 2340 administrationis
2388 2297 2546 2340 suae
2610 2285 2865 2361 tempus
2930 2275 3317 2343 interdicere

730 2377 924 2443 alicui
968 2388 1109 2443 arte
1152 2401 1271 2443 sua
1314 2380 1408 2443 uti
1456 2399 1584 2443 non
1629 2387 1862 2464 potest’
1914 2376 2163 2443 Paulus
2203 2375 2453 2461 Diyest.
2493 2380 2596 2455 48,
2641 2383 2743 2456 19,
2787 2382 2889 2444 43.

642 2535 730 2547 -
770 2508 1019 2564 IVLIVS
1065 2498 1500 2581 AVROELIVS)
1543 2506 1804 2562 AVXON
1849 2505 2256 2563 LEONIDAS.

608 2618 771 2685 1215
814 2617 907 2685 Μ.
940 2615 1248 2682 Aurelius
1277 2617 1590 2694 Basileus,
1635 2618 1744 2681 vir
1778 2616 2188 2700 ducenarius,
2236 2626 2623 2704 procurator
2662 2621 2932 2684 rationis
2968 2621 3319 2687 castrensis

718 2718 979 2804 publice
1020 2719 1366 2785 honoratus
1403 2741 1446 2784 a
1489 2720 1934 2815 decurionibus
1976 2719 2390 2785 Interamnae
2434 2720 2791 2788 Sucasinae
2825 2722 2898 2788 X
2921 2727 3088 2789 5336
3131 2727 3174 2791 t.
3206 2724 3316 2789 In-

730 2827 1072 2888 teramnas.

608 2944 773 3009 1216
817 2942 1125 3008 Aurelius
1156 2943 1419 3023 Bassus,
1449 2941 1532 3007 ad
1563 2964 1756 3028 quem
1789 2941 1981 3006 divus
2013 2942 2169 3007 Pius
2197 2941 2593 3025 generaliter
2637 2945 2973 3031 rescripsit
3001 2944 3084 3010 de
3127 2947 3319 3030 tergi-

729 3047 1096 3111 versatione
1154 3067 1409 3128 eorum,
1470 3046 1583 3131 qui
1642 3044 2023 3110 subvertere
2068 3044 2631 3110 fideicommissam
2690 3045 3063 3114 libertatem
3107 3048 3320 3116 velint

735 3146 1053 3232 leianus
1115 3147 1360 3232 Diqest.
1419 3152 1508 3214 26
1523 3198 1541 3226 ,
1599 3152 1641 3212 4
1655 3196 1673 3225 ‚
1729 3152 1769 3211 1
1784 3197 1801 3224 ‚
1862 3152 1927 3213 3.
2047 3145 2358 3213 Fortasse
2427 3149 2846 3232 mayistratus
2918 3149 3155 3234 aliquis
3224 3152 3320 3218 vel

716 3271 1002 3335 praeses,

646 3409 731 3420 —-
770 3371 893 3439 Cn.
936 3370 1272 3437 Munatius
1316 3369 1622 3436 Aurelius
1666 3371 1928 3436 Bassus.

608 3493 769 3558 1217
815 3501 1191 3557 AVRELIVS
1225 3500 1267 3556 G
1296 3539 1555 3574 .......
1580 3500 1843 3555 curator
1859 3490 2121 3563 aedium
2144 3488 2580 3574 sac[r(arum)]
2609 3488 3076 3577 [locorumque]
3107 3491 3317 3578 publi·

730 3616 954 3660 corum
985 3595 1411 3676 fraymentum
1443 3593 1617 3659 tituli
1642 3593 1882 3658 urbani
1907 3592 2260 3658 Bullettino
2295 3592 2622 3658 comunale
2651 3596 2814 3657 1880
2843 3616 2917 3678 p.
2949 3599 3038 3659 21
3078 3616 3142 3660 n.
3172 3599 3317 3662 178.

607 3716 770 3781 1218
814 3713 1122 3780 Aurelius
1155 3713 1630 3799 Ca[e]cilianuS,
1671 3714 2073 3800 praepositus
2103 3711 2517 3796 vectigalium
2547 3711 2862 3791 Boissieu,
2894 3713 3321 3799 Inscriptions

731 3817 808 3883 de
845 3819 1029 3901 Dyon
1060 3840 1130 3901 p.
1165 3822 1305 3883 272
1344 3838 1407 3881 n.
1437 3820 1544 3884 25.

607 3938 771 4003 1219
814 3937 889 4005 P.
910 3937 1218 4005 Aurelius
1250 3909 1728 4024 Calpurnianus
1752 3935 2191 4023 Apollonides.
2247 3936 2496 4002 Titulus
2532 3937 2668 4001 eius
2695 3936 3070 4019 sepulcralis
3094 3958 3321 4020 qraece

728 4043 1004 4126 scriffius
1060 4042 1130 4106 in
1181 4040 1468 4124 Aeqypto
1511 4045 1799 4123 repertus
1840 4039 2053 4105 Revue
2106 4038 2582 4122 arche'oloqique
2625 4043 2792 4104 1883
2833 4039 2884 4104 Ι
2904 4061 2978 4123 p.
3018 4044 3154 4105 207
3192 4041 3321 4125 (1);

731 4143 820 4208 ad
874 4143 1133 4209 eundem
1188 4143 1556 4226 referendus
1607 4148 1700 4208 est
1755 4142 1976 4207 titulus
2036 4141 2322 4208 Nicaeae
2378 4141 2728 4225 Bithyniae
2781 4141 2886 4207 CI
2887 4141 2947 4207 G
3006 4146 3168 4208 3751
3222 4143 3319 4227 (2)

731 4244 1091 4330 acephalus,
1135 4246 1250 4311 ubi
1287 4246 1553 4310 nomina
1583 4246 1936 4328 perierunt.

859 4364 1193 4432 Tribunus
1245 4365 1518 4449 legionis
1577 4373 1848 4452 quartae
1906 4365 2198 4430 decimae
2262 4364 2611 4445 Geminae,
2679 4363 2980 4429 tribunus
3045 4364 3321 4449 legionis

732 4470 960 4535 tertiae
1019 4467 1308 4532 decimae
1368 4469 1683 4535 Geminae
1742 4469 1861 4549 (sic
1904 4472 1947 4533 t.
1994 4473 2053 4545 1,
2106 4467 2386 4533 malein
2430 4471 2471 4531 t.
2516 4471 2566 4533 2
2609 4465 2890 4531 traditur
2934 4473 3000 4530 1ss
3032 4488 3163 4550 pro
3207 4468 3318 4551 ΙΓ),

735 4581 1115 4659 procurator
1159 4570 1604 4654 Augustorum
1666 4571 1811 4652 (τῶν
1858 4570 2003 4659 Σεβ.
2049 4569 2235 4635 addit
2292 4574 2334 4635 t.
2379 4569 2453 4652 2)
2508 4567 2762 4637 Galliae
2803 4568 3239 4655 Aquitanicae
3282 4593 3323 4635 a

732 4673 1065 4757 censibus,
1125 4683 1505 4759 procurator
1564 4673 1850 4738 Moesiae
1910 4673 2266 4755 inferioris,
2327 4682 2709 4758 procurator
2765 4671 3114 4755 Thraciae,
3177 4694 3320 4760 pro·

735 4786 996 4843 curator
1049 4776 1434 4842 ducenarius
1480 4778 1549 4861 a.
1595 4778 1666 4859 2)
1712 4776 2080 4841 Dalmatiae
2138 4776 2208 4860 (t.
2253 4781 2310 4841 1.
2356 4774 2429 4859 2)
2476 4783 2540 4840 et
2584 4775 2876 4840 Histriae
2925 4775 2993 4859 (t.
3038 4774 3131 4858 2),
3176 4797 3321 4860 pro-

732 4891 991 4946 curator
1026 4878 1416 4945 ducenarius
1444 4876 1877 4965 Ἀλεξανδρείας
1903 4884 2008 4944 τοῦ
2037 4880 2185 4944 ἰδίου
2213 4878 2394 4966 λόγου
2441 4882 2483 4943 t.
2519 4882 2568 4944 2
2598 4877 2991 4963 (ἐπί(τροπος)
3026 4875 3320 4965 Αἰγύπτου

734 4985 882 5049 ἰδίου
925 4981 1111 5071 λόγου
1159 4987 1202 5047 t.
1248 4983 1336 5065 1).
1423 4982 1612 5047 Vixit
1670 4981 2146 5067 quinquaginta
2202 4990 2334 5046 tres
2392 5002 2596 5045 annos
2655 4985 2699 5044 t.
2745 4985 2803 5044 1.
2847 5016 2933 5026 —
2976 4978 3142 5045 Fuit
3194 5000 3318 5045 non

734 5089 881 5152 ante
924 5084 1099 5152 divos
1136 5085 1396 5169 fratres.
