3859 5992
606 521 993 583 GALVISIVS
1897 516 2024 581 293
2929 529 3311 586 CALVISIVS

859 718 1154 785 Eundem
1196 721 1470 801 fortasse
1506 721 1778 804 leyatum
1811 722 2259 806 Cappadociae
2293 723 2492 803 fuisse
2522 723 2849 789 adnotavit
2883 724 3313 808 Waddinyton

733 821 772 885 l.
821 821 861 887 l.
906 824 1247 905 respiciens
1275 827 1360 887 ut
1402 823 1650 888 videtur
1691 846 2016 889 nummum
2069 823 2569 909 Cybistrensium
2612 828 2682 891 in
2727 826 3160 910 Cappadocia,
3204 829 3318 909 qui

732 925 802 987 in
847 924 1116 990 adversa
1156 926 1505 1009 inscriptus
1546 932 1638 991 est
1668 924 1805 992 Ἐπὶ
1835 925 2193 1005 Ῥοῦσωνος,
2241 930 2309 992 in
2355 949 2579 993 aversa
2610 926 2987 1019 Κυβιστρέων
3020 929 3316 994 Mionnet

734 1026 853 1091 IV
865 1049 935 1109 p.
965 1032 1094 1091 437
1118 1049 1181 1092 n.
1211 1031 1359 1093 218.
1403 1028 1700 1094 Alterum
1732 1029 2063 1114 descripsit
2100 1035 2158 1095 et
2193 1030 2281 1095 ad
2306 1031 2566 1097 eundem
2594 1032 2839 1097 rettulit
2866 1032 3028 1097 Pick
3060 1031 3315 1099 W'ener

738 1127 1272 1194 Numismatische
1316 1129 1688 1213 Zeitschrift
1728 1131 2002 1197 XXIII
2033 1132 2247 1217 (1891)
2280 1154 2352 1214 p.
2402 1138 2501 1209 70,
2547 1135 2659 1215 qui
2694 1134 2766 1199 in
2809 1134 3078 1199 adversa
3123 1136 3314 1216 caput

740 1230 1017 1296 Traiani
1044 1231 1290 1298 exhibet
1325 1238 1385 1297 et
1413 1233 1884 1317 inscriptionem
1921 1234 2061 1301 Αὐτ.
2097 1234 2219 1321 Νερ
2240 1284 2288 1300 ..
2309 1261 2373 1307 ,ς
2399 1236 2633 1323 Καῖσαρ
2670 1236 2809 1324 Σεβ.
2845 1239 2890 1302 Γ
2893 1262 2978 1323 ep.
3011 1238 3137 1303 Δακ
3155 1284 3310 1318 .....

733 1334 802 1396 in
848 1354 1073 1399 aversa
1120 1334 1256 1402 Ἐπὶ
1301 1335 1374 1400 Π.
1410 1333 1485 1401 Κ.
1518 1334 1911 1419 Ῥοῦσω(νος)
1965 1337 2470 1426 Σεβαστοπόλεως
2515 1336 2689 1418 ΕΘΡ,
2738 1338 2810 1403 id
2850 1345 2941 1404 est
2984 1356 3151 1403 anno
3192 1342 3314 1402 109

736 1457 924 1500 aerae
955 1436 1548 1520 Sebastopolitanae
1579 1439 1685 1523 (cf.
1715 1439 2129 1521 Marquardt,
2170 1440 2779 1523 Staatsverwaltuny
2804 1441 2886 1505 1²
2912 1445 3122 1523 p.371
3158 1462 3219 1507 n.
3250 1444 3312 1526 7)

734 1568 817 1590 =
849 1560 910 1603 a.
942 1543 1069 1603 107
1104 1561 1295 1605 aerae
1335 1540 1637 1623 vulparis.
1719 1542 2115 1624 Quamquam
2144 1542 2398 1606 Rusoni
2435 1541 2582 1607 huic
2624 1542 3051 1626 Waddinyton
3090 1563 3315 1607 nomen

729 1639 998 1705 Calvisii
1025 1642 1457 1724 probabiliter
1500 1644 1743 1719 tribuit,
1803 1649 2011 1708 tamen
2056 1644 2257 1727 plane
2319 1645 2618 1711 incertum
2663 1649 2773 1722 est,
2815 1649 3029 1709 utrum
3074 1645 3317 1728 leyatus

675 1758 678 1761 ·
731 1743 896 1807 idem
941 1749 1126 1825 atque
1158 1744 1503 1828 proconsul
1547 1768 1634 1811 an
1677 1745 1774 1824 (id
1804 1746 1972 1828 quod
2002 1748 2208 1829 mayis
2237 1744 2634 1819 crediderim)
2665 1746 2840 1829 filius
2883 1746 3071 1813 huius
3097 1748 3312 1828 fuerit.

604 1845 731 1909 286
777 1856 1161 1911 CALVISIVS
1209 1857 1520 1913 SABINVS
1580 1858 1792 1913 aetate
1839 1849 2127 1914 Senecae
2186 1848 2547 1933 philosophi
2611 1849 2734 1913 fuit
2779 1848 2960 1913 dives
3006 1858 3072 1912 et
3116 1851 3314 1935 patri-

733 1949 1018 2013 monium
1062 1948 1344 2014 habebat
1382 1950 1672 2016 libertini
1709 1962 1774 2015 et
1819 1953 2184 2034 ingenium3
2231 1951 2529 2037 exempla
2559 1950 2871 2015 stultitiae
2903 1954 3041 2016 eius
3074 1951 3316 2017 Seneca

735 2052 912 2133 epist.
958 2057 1064 2129 27,
1108 2056 1261 2120 5-8.
1356 2055 1752 2135 Quamquam
1797 2056 2119 2137 pertinere
2170 2054 2416 2119 videtur
2475 2054 2565 2119 ad
2615 2054 2865 2118 domum
2922 2053 3316 2119 consularem

733 2156 963 2218 aetatis
992 2154 1327 2233 Iuliorum,
1379 2161 1589 2221 tamen
1627 2158 1764 2222 sine
1805 2156 2036 2222 idonea
2081 2177 2280 2222 causa
2325 2178 2459 2221 eum
2505 2157 2704 2239 fuisse
2748 2156 3059 2225 consulem
3104 2179 3163 2221 a.
3197 2162 3316 2222 750

709 2284 818 2331 .=
860 2262 902 2322 4
947 2279 1005 2321 a.
1049 2256 1121 2322 C.
1165 2259 1392 2323 statuit
1431 2258 1750 2342 Borylcesi
1791 2281 1931 2342 opp.
1980 2258 2042 2322 V
2059 2281 2133 2341 p.
2165 2263 2304 2324 157.

604 2358 730 2423 287
780 2371 841 2425 C.
875 2370 1256 2426 CALVISIVS
1292 2371 1626 2445 SABINVS,
1665 2361 1890 2427 consul
1922 2385 1981 2429 a.
2009 2363 2133 2427 715
2166 2392 2252 2416 =
2281 2362 2364 2426 39
2395 2385 2452 2427 a.
2484 2361 2555 2428 C.
2592 2384 2740 2429 cum
2770 2363 2845 2427 L.
2873 2361 3118 2426 Marcio
3153 2360 3313 2427 Cen-

731 2462 969 2527 sorino.
1008 2464 1410 2530 Memoratur
1434 2467 1498 2530 in
1522 2465 1744 2530 tabula
1767 2465 2225 2548 triumphorum
2248 2464 2734 2531 Barberiniana
2751 2464 2901 2530 CIL
2919 2464 3001 2533 1⁵³
3014 2487 3086 2548 p.
3102 2470 3189 2530 77
3206 2462 3316 2549 (1),

733 2567 954 2647 posuit
1009 2567 1326 2632 miliarios
1383 2568 1524 2633 viae
1561 2568 1841 2633 Latinae
1879 2567 1954 2632 X
1992 2571 2170 2637 6895.
2215 2571 2589 2633 6897-6901
2635 2561 2751 2647 (2).
2840 2566 2943 2633 De
2988 2567 3191 2633 titulis
3235 2567 3317 2649 cf.

731 2671 792 2732 et
832 2689 895 2732 n.
941 2673 1090 2735 288.
2692 2712 2695 2717 «

860 2771 945 2836 In
1003 2771 1366 2836 consulatu:
1423 2771 1541 2857 [Q]
1604 2771 1927 2838 Calvisius
1987 2773 2149 2854 fasti
2208 2773 2481 2843 minores
2540 2770 2724 2837 VIII
2766 2771 2919 2838 CIL
2963 2771 3045 2836 1Β
3092 2794 3166 2855 p.
3217 2776 3316 2850 65,

738 2872 1122 2951 οα33ἰοᾱον.,
1170 2873 1240 2940 Ο.
1280 2873 1562 2941 Sabinus
1607 2874 1740 2941 Dio
1767 2879 1872 2953 48,
1904 2880 2005 2953 34,
2056 2925 2070 2940 .
2097 2925 2110 2940 .
2140 2925 2155 2942 .
2182 2925 2196 2940 .
2223 2925 2239 2940 .
2288 2876 2333 2941 Γ
2339 2925 2352 2941 .
2386 2878 2459 2941 υἱ.
2493 2875 2748 2964 Σαβῖνος
2790 2874 2923 2941 Dio
2964 2874 3096 2940 ind.
3145 2873 3187 2940 l.
3213 2878 3317 2952 48,

734 2980 1004 3041 ceterum
1050 2975 1330 3042 Sabinus
1374 2978 1552 3060 fasti.
1602 3013 1683 3025 —
1741 2978 1815 3043 O.
1865 2977 2191 3044 Calvisius
2236 2976 2517 3044 Sabinus
2561 2982 2605 3047 t.
2651 2983 2716 3054 2,
2777 2976 2875 3061 [O.
2923 2975 3319 3061 O]alv[is]ius

732 3077 1059 3163 [SJabinus
1114 3083 1156 3145 t.
1200 3085 1260 3147 1.
1307 3116 1384 3126 —
1436 3080 1638 3164 Apud
1682 3082 2053 3165 scriptores:
2097 3079 2299 3164 plena
2351 3081 2613 3145 nomina
2670 3084 2887 3145 extant
2942 3078 3121 3148 Caes,
3177 3080 3318 3146 bell.

736 3183 848 3246 civ.
878 3186 939 3258 3,
970 3186 1070 3258 34,
1118 3187 1387 3247 ceterum
1427 3182 1501 3251 O.
1542 3181 1865 3248 Calvisius
1909 3185 2037 3249 sive
2072 3182 2397 3253 Calvisius
2444 3182 2728 3249 Sabinus
2773 3183 2900 3247 sive
2946 3182 3245 3251 Sabinus.

865 3284 939 3351 C.
988 3284 1031 3349 f.
1080 3288 1122 3349 t.
1155 3291 1222 3362 2,
1268 3283 1402 3350 Dio
1447 3285 1578 3352 ind.
1619 3286 1660 3355 l.
1689 3291 1793 3351 48.
1825 3323 1913 3334 —-
1950 3287 2142 3352 Anno
2190 3288 2313 3352 706
2345 3316 2429 3340 =
2458 3287 2540 3351 48
2588 3295 2751 3350 ante>
2780 3306 3070 3371 pugnam
3115 3284 3320 3349 Phar-

738 3387 997 3452 salicam
1045 3409 1193 3451 cum
1239 3389 1526 3474 quinque
1572 3388 1947 3453 cohortibus
1994 3390 2171 3453 iussu
2216 3388 2514 3454 Caesaris
2561 3390 2735 3454 omni
2776 3386 3320 3472 Aetoliavpotitus

739 3499 834 3556 est
863 3488 1039 3557 Caes
1075 3490 1213 3556 bell.
1249 3491 1361 3555 civ.
1392 3496 1452 3568 3,
1479 3496 1578 3557 34.
1612 3496 1695 3557 35
1707 3512 1728 3570 ,·
1774 3515 1902 3577 quo
1950 3493 2209 3574 negotio
2256 3491 2547 3556 confecto
2594 3491 2890 3555 cohortes
2935 3489 3016 3554 ad
3056 3488 3320 3554 Fufium

738 3592 1050 3659 Calenum
1095 3596 1159 3658 in
1208 3594 1522 3659 Achaiam
1566 3595 1757 3660 duxit
1801 3594 1929 3662 ibd.
1974 3600 2033 3671 3,
2079 3599 2178 3660 55.
2267 3595 2423 3659 Fuit
2467 3596 2534 3658 in
2581 3604 2826 3677 senatu,
2885 3614 3034 3657 cum
3080 3591 3323 3657 Caesar

737 3697 1017 3762 dictator
1062 3697 1535 3762 interficeretur
1582 3697 1893 3763 Nicotaus
1937 3696 2246 3765 Damaso.
2282 3698 2390 3764 vit.
2434 3695 2616 3762 CaeS.
2646 3701 2754 3763 26.
2831 3695 2889 3760 A
2936 3695 3216 3761 Caesare
3262 3695 3318 3757 ei

736 3801 1070 3885 provincia
1115 3799 1341 3865 Africa
1383 3798 1706 3864 destinata
1750 3798 1996 3880 fuerat3
2050 3799 2270 3864 Cicero
2303 3798 2593 3881 Philipp.
2632 3803 2692 3875 3,
2728 3802 2835 3881 26,
2882 3799 2996 3863 ubi
3038 3798 3319 3862 sortitio-

732 3924 873 3967 nem
905 3903 1390 3985 prwinciarum
1434 3902 1515 3966 ab
1561 3902 1845 3966 Antonio
1890 3901 1992 3966 die
2035 3905 2123 3967 28
2161 3922 2244 3966 m.
2295 3900 2669 3966 Novembris
2713 3923 2770 3965 a.
2819 3905 2938 3965 744
2982 3901 3053 3964 in
3094 3904 3321 3964 senatu

683 4075 687 4078 ⁴
734 4006 1091 4071 institutam
1148 4004 1394 4081 irridet,
1454 4004 1641 4082 dicit,
1709 4003 1806 4070 Ὁ.
1855 4003 2183 4070 Calvisius
2228 4002 2520 4069 Africam
2582 4002 2741 4083 (scil.
2789 4024 2915 4085 per
2968 4002 3318 4077 Antonium

737 4108 1019 4191 accepit),
1089 4105 1249 4170 nihil
1316 4105 1603 4172 felicius!
1670 4106 1857 4171 modo
1927 4108 2097 4170 enim
2165 4129 2243 4171 ex
2301 4105 2529 4170 Africa
2586 4106 2951 4173 decesserat
3008 4115 3075 4169 et
3130 4106 3316 4190 quasi

738 4211 1045 4276 divinans
1090 4232 1159 4274 se
1205 4208 1567 4273 rediturum
1613 4209 1776 4274 duos
1819 4208 2067 4293 legatos
2101 4209 2331 4273 Vticae
2361 4208 2758 4293 reliquerat'.
2848 4206 3020 4273 Vnde
3050 4211 3321 4290 apparet

736 4335 873 4378 eum
919 4318 1070 4395 post
1121 4311 1423 4377 Caesaris
1471 4332 1695 4377 ⁴necem
1753 4313 1823 4376 in
1879 4312 2184 4393 Africam
2229 4312 2591 4394 profectum
2642 4311 2714 4391 Q.
2772 4309 3118 4393 Cornificio
3163 4330 3322 4392 pro-

738 4415 981 4480 consuli
1007 4415 1281 4497 Africae
1316 4436 1357 4479 a
1385 4419 1610 4479 senatu
1637 4419 2000 4498 nuncupato
2033 4415 2285 4479 cessisse
2315 4413 2396 4496 cf.
2431 4412 2557 4481 Cic.
2593 4412 2681 4478 ad
2706 4412 2954 4478 Fama.
2986 4417 3093 4488 12,
3124 4415 3230 4488 25,
3262 4417 3319 4478 1.

736 4518 980 4583 Romae
1024 4520 1148 4583 fuit
1191 4541 1247 4583 a.
1283 4518 1400 4582 711
1437 4548 1519 4569 =
1552 4519 1636 4583 43
1680 4518 1882 4601 (circa
1940 4521 2179 4600 tenipus
2238 4517 2373 4597 fere
2418 4537 2681 4599 puynae
2721 4514 3133 4597 Mutinensis)
3188 4514 3320 4580 Cic.

738 4621 866 4711 ibd.
910 4626 1010 4698 10,
1057 4625 1163 4697 25,
1212 4626 1288 4699 3,·
1331 4625 1432 4698 10,
1468 4625 1576 4697 26,
1616 4625 1675 4687 3.
1767 4620 1960 4685 Anno
2009 4621 2130 4684 715
2176 4650 2258 4672 =
2304 4620 2388 4684 39
2434 4618 2659 4683 consul
2702 4639 2758 4682 v.
2803 4639 3021 4701 supra.
3112 4616 3321 4681 Annis

738 4725 860 4790 716
904 4736 968 4789 et
1012 4725 1133 4790 717
1181 4753 1262 4777 =
1309 4725 1390 4789 38
1439 4734 1505 4789 et
1548 4724 1628 4789 37
1675 4723 1813 4788 dux
1858 4721 1929 4790 O.
1966 4722 2263 4787 Caesaris
2306 4721 2422 4785 filii
2471 4731 2697 4785 contra
2743 4720 2897 4786 Sex.
2942 4720 3320 4805 Pompeium

732 4825 973 4893 bellum
1017 4830 1221 4911 gessit
1267 4828 1552 4910 Appian.
1603 4827 1741 4892 bell.
1790 4828 1903 4892 civ.
1946 4830 2005 4903 5,
2034 4828 2268 4891 80-84.
2309 4828 2407 4891 85.
2447 4826 2683 4889 86-88.
2718 4827 2816 4890 96.
2850 4827 2997 4898 102,
3040 4821 3175 4886 Dio
3216 4825 3318 4899 48,

732 4934 962 4994 46-48.
1009 4935 1110 4994 54.
1216 4930 1406 4994 Anno
1454 4930 1577 4993 722
1627 4958 1710 4982 =
1753 4931 1836 4993 32
1897 4930 1965 4992 in
2026 4937 2256 4992 senatu
2316 4925 2557 5012 probra
2611 4925 2880 4991 Antonii
2942 4924 3323 5008 perstrinxit
3442 4986 3447 4991 .

735 5031 1067 5097 Plutarch.
1099 5032 1338 5100 Anton.
1369 5036 1469 5098 58.
1504 5036 1608 5097 59.
1697 5033 1889 5096 Anno
1923 5031 2047 5095 726
2079 5060 2161 5083 =
2195 5031 2276 5094 28
2308 5028 2474 5093 VIII
2514 5026 2642 5095 kal.
2686 5028 2827 5091 Iun.
2871 5049 2955 5091 ex
2997 5025 3319 5111 Hispania

735 5134 1162 5222 triumphavit
1214 5140 1256 5200 t.
1301 5141 1359 5200 1.
1450 5133 1524 5200 C.
1571 5133 1894 5205 Calvisius
1958 5131 2241 5198 Sabinus
2303 5153 2431 5199 cOS.
2480 5132 2828 5217 imperator
2883 5130 2954 5195 in
3012 5127 3320 5226 miliariis
