3859 5992
694 575 1139 632 CLEOPATRA
1979 567 2107 633 414
3080 576 3398 634 CLODIVS

811 777 1053 858 patrae
1081 793 1210 839 esse
1236 773 1462 838 statuit
1486 773 1749 851 Mulier,
1782 773 2033 857 neyavit
2057 772 2413 838 Mommsen
2435 772 2701 857 quhem.
2719 796 2812 858 ep.
2829 779 2949 858 11²·
2967 780 3115 852 277,
3150 775 3402 841 omnino

813 897 943 942 non
982 876 1114 941 uisi
1152 880 1441 942 mortuae
1490 877 1827 959 imayinem
1867 897 2164 941 revocare
2195 879 2407 959 potest
2449 877 2531 958 cf.
2568 876 2813 942 Mulier
2854 876 3077 961 Suppl.
3108 899 3183 961 p.
3217 880 3308 945 75.

687 980 815 1045 898
861 977 1224 1066 Cleopatra,
1269 979 1675 1065 imperatoris
1720 977 1978 1046 Claudii
2021 978 2253 1064 paelex
2290 978 2439 1045 Tac.
2470 1001 2532 1045 a.
2562 984 2661 1058 11,
2691 983 2793 1047 30.

686 1081 813 1147 899
858 1081 1237 1168 Cleopatra,
1285 1080 1497 1148 Gessii
1541 1081 1720 1146 Flori
1767 1102 1967 1166 uxor,
2015 1083 2223 1147 amica
2265 1082 2608 1169 Poppaeae
2651 1082 2929 1147 Neronis
2971 1081 3217 1164 Ioseph.
3263 1087 3399 1148 ant.

812 1189 923 1263 20,
970 1189 1067 1262 11,
1108 1189 1166 1252 1.

715 1325 793 1334 -
858 1287 959 1355 Ti.
1008 1284 1378 1371 Cl(audius)
1424 1285 1762 1353 Clitianus.

686 1391 813 1454 900
859 1388 1160 1455 Cloatilla
1202 1389 1319 1473 (sie
1374 1392 1540 1453 reete
1598 1387 1881 1453 traditur
1935 1388 2120 1453 libris
2165 1388 2419 1472 optimis
2455 1387 2860 1471 Quintiliani,
2902 1388 3038 1453 nisi
3074 1386 3242 1469 quod
3269 1408 3401 1452 uno

809 1493 943 1559 loeo
988 1495 1049 1569 8,
1094 1495 1153 1568 5,
1199 1496 1280 1557 16
1337 1490 1530 1556 codex
1572 1490 2044 1556 Ambrosianus
2105 1496 2324 1574 aperto
2380 1513 2596 1558 errore
2639 1490 2885 1556 exhibet
2928 1488 3278 1573 Domitilla,
3324 1494 3403 1555 ut

814 1597 1006 1659 antea
1050 1615 1395 1678 perperam
1439 1594 1689 1659 omnino
1734 1594 1838 1659 edi
1873 1593 2158 1678 solebat),
2221 1593 2455 1659 mulier
2496 1618 2536 1660 a
2581 1594 2763 1677 filiis,
2822 1593 3052 1676 fratre,
3113 1594 3401 1679 paternis

813 1698 1037 1762 amicis
1081 1706 1411 1780 accusata,
1472 1694 1646 1783 quod
1691 1697 1939 1782 virum,
2002 1699 2113 1782 qui
2175 1699 2345 1762 inter
2394 1696 2779 1763 rebellantes
2833 1695 3047 1761 fuerat
3099 1697 3401 1781 (fortasse

806 1802 1138 1883 particeps
1178 1805 1383 1865 motus
1409 1799 1862 1883 Scriboniam),
1911 1798 2262 1886 sepelisset,
2307 1824 2348 1866 a
2383 1800 2674 1866 Domitio
2705 1799 2867 1865 Afro
2895 1799 3162 1864 defensa
3202 1809 3267 1863 et
3308 1799 3397 1865 ab

814 1905 1200 1990 imperatore
1248 1901 1520 1968 Claudio
1564 1901 1862 1968 absoluta
1897 1912 1996 1968 est
2032 1903 2410 1986 Quintilian.
2448 1904 2718 1969 institut.
2746 1907 2809 1982 8,
2836 1906 2898 1980 5,
2928 1907 3010 1969 16
3022 1922 3044 1981 ,·
3085 1907 3145 1980 9,
3175 1908 3241 1979 2,
3273 1907 3400 1980 20,·

814 2012 873 2084 9,
903 2012 962 2084 3,
995 2011 1075 2072 66
1088 2026 1110 2086 ,·
1153 2012 1212 2085 9,
1247 2011 1303 2084 4,
1335 2011 1438 2072 31.

684 2110 804 2174 901
859 2107 1148 2175 Cloatius
1205 2109 1420 2174 Verus
1440 2160 1456 2188 ‚
1522 2109 1984 2192 grammaticus
2042 2110 2305 2195 scripsit
2361 2108 2563 2174 libros
2622 2106 2970 2174 verborum
3028 2130 3070 2172 a
3126 2107 3400 2176 Graecis

813 2220 1164 2277 tractorum
1209 2211 1457 2277 Gellius
1500 2216 1598 2288 16,
1644 2216 1752 2289 12,
1802 2212 2098 2279 Maerob.
2134 2216 2256 2281 sat.
2286 2216 2346 2290 3,
2382 2217 2481 2290 18,
2512 2217 2589 2290 4,·
2633 2210 3097 2276 Ordinatorum
3139 2230 3399 2293 graeco-

812 2336 959 2379 rum
989 2313 1139 2380 libri
1171 2317 1454 2380 citantur
1486 2314 1781 2379 Macrob.
1810 2318 1871 2391 3,
1912 2317 2003 2391 19,
2035 2318 2076 2379 6
2085 2334 2109 2394 ,·
2149 2319 2210 2392 3,
2242 2320 2350 2394 20,
2380 2319 2441 2391 1,
2477 2313 2647 2379 liber
2674 2312 2998 2378 secundus
3029 2311 3117 2377 id.
3146 2316 3207 2389 3,
3237 2315 3297 2389 6,
3325 2316 3396 2389 2,

811 2427 1083 2502 quartus
1124 2422 1184 2495 3,
1216 2421 1315 2495 18,
1345 2422 1421 2495 8;
1469 2422 1531 2495 3,
1563 2421 1663 2494 19,
1696 2422 1761 2483 2.
1829 2416 2011 2482 Idem
2052 2416 2301 2483 videtur
2344 2417 2651 2501 Cloatius,
2699 2439 2776 2482 cu:
2821 2414 2999 2481 cuius
3041 2414 3172 2479 alio
3218 2435 3399 2497 opere

806 2520 1016 2586 neseio
1058 2541 1177 2603 quo
1221 2520 1532 2603 quaedam
1576 2518 1940 2599 afferuntur
1967 2518 2141 2585 Fest.
2175 2525 2399 2604 2141
2444 2542 2487 2586 a
2527 2524 2634 2598 25,
2681 2523 2803 2585 189
2848 2539 2892 2583 a
2932 2522 3039 2595 25,
3083 2522 3206 2583 193
3249 2538 3292 2582 a
3331 2521 3393 2593 4,

807 2627 936 2690 213
978 2645 1021 2688 a
1062 2627 1167 2701 29,
1211 2628 1335 2688 309
1382 2645 1426 2688 a
1463 2627 1568 2702 26,
1614 2627 1737 2688 318
1783 2645 1824 2688 α
1866 2626 1973 2690 24.

681 2726 805 2790 902
852 2725 1225 2808 Clodianus,
1252 2724 1736 2809 cornicularius,
1762 2727 2086 2812 particeps
2110 2726 2570 2791 coniurationis
2595 2724 2662 2788 in
2679 2723 3126 2789 Domitianum
3139 2719 3388 2787 Sueten.

808 2828 1047 2896 Domit.
1078 2834 1175 2907 17,
1207 2827 1429 2914 (Vict.)
1458 2828 1637 2912 Fqu't.
1666 2834 1764 2907 11,
1801 2829 1918 2894 ubi
1944 2828 2223 2893 traditur
2252 2827 2600 2893 Parthenio
2634 2864 2708 2873 —-
2743 2861 2824 2873 —
2860 2836 2927 2891 et
2962 2822 3292 2911 Stephano
3324 2830 3388 2886 et

809 2941 944 2996 tum
983 2930 1064 2994 ob
1094 2930 1388 2997 fraudem
1419 2933 1816 3018 interceptae
1845 2933 2158 3018 pecuniae
2187 2930 2576 3017 supplicium
2605 2939 3016 3017 suspectante
3045 2926 3389 3008 Clodian03

807 3054 947 3098 eum
1002 3034 1156 3099 haec
1211 3035 1406 3099 verba
1464 3034 1602 3117 (‘ob
1662 3033 1980 3099 fraudem‘
2031 3035 2172 3118 ete.)
2233 3033 2408 3118 apud
2458 3033 2859 3110 Suetonium,
2916 3031 3083 3096 unde
3138 3034 3390 3112 sumpta

807 3140 985 3214 sunt,
1042 3135 1131 3201 ad
1170 3134 1578 3219 Stephanwn'
1603 3138 1827 3220 potius
1871 3138 2273 3220 pertineant,
2337 3142 2450 3201 aut
2505 3156 2687 3201 error
2729 3137 3010 3201 auctoris
3050 3133 3389 3217 Epitomae

802 3239 1198 3322 neyleyeuter
1242 3239 1544 3306 Suetonio
1604 3240 1710 3305 usi
1762 3241 1973 3305 subest
2028 3244 2142 3305 aut
2185 3239 2453 3305 alterum
2505 3250 2569 3304 et
2612 3244 2759 3304 ante
2803 3237 3117 3304 Clodiano
3148 3254 3387 3319 ponen-

810 3340 958 3408 dum
1001 3347 1110 3409 est.

698 3481 785 3491 -
852 3444 944 3510 Μ.
989 3444 1311 3511 Aemilius
1357 3444 1731 3513 Clodianus.

696 3585 782 3594 —
843 3557 925 3614 M.
967 3557 1322 3613 ANNAEVS
1370 3557 1840 3612 SATVRNINVS
1887 3557 2312 3614 CLODIANVS
2356 3557 2755 3615 AELIANVS.

696 3687 782 3697 —
845 3661 913 3730 Q.
956 3661 1281 3717 MAESIVS
1331 3660 1756 3716 FRONTINVS
1806 3660 2249 3716 CLODIANVS.

697 3789 786 3801 —
847 3754 922 3821 L.
967 3754 1249 3820 Titinius
1296 3753 1668 3821 Clodianus,

696 3894 782 3901 —
847 3856 926 3921 L.
971 3856 1254 3922 Titinius
1299 3857 1628 3921 Maximus
1674 3855 2047 3922 Clodianus.

674 3960 801 4025 903
848 3968 1163 4024 CLODIVS
1214 4008 1443 4025 ......
1467 4008 1483 4042 ,
1546 3959 1903 4025 consularis
1962 3959 2222 4025 aedium
2281 3980 2611 4024 sacrarum
2669 3980 2836 4022 anno
2886 3957 3011 4022 280
3063 3956 3115 4020 I
3114 3954 3231 4021 GI
3261 3958 3385 4022 993

802 4069 846 4128 t.
890 4065 1194 4131 urbanus.

673 4168 800 4232 904
843 4176 1101 4231 APPIVS
1149 4176 1465 4232 CLODIVS
1508 4168 1719 4233 neseio
1746 4168 1887 4250 quis
1915 4173 2301 4233 memoratur
2330 4167 2399 4232 in
2442 4172 2484 4231 t.
2513 4167 2763 4232 urbano
2794 4165 3010 4229 liberti
3031 4161 3383 4227 Bullettino

801 4269 1124 4335 comunale
1169 4275 1331 4335 1886
1363 4293 1436 4353 p.
1464 4274 1596 4335 387
1631 4292 1694 4335 rt.
1725 4275 1912 4337 1592.

672 4372 797 4437 905
844 4382 1127 4436 SEXTVS
1164 4382 1482 4438 CLODIVS
1525 4422 1540 4438 .
1571 4423 1585 4438 .
1612 4423 1627 4438 .
1654 4423 1668 4438 .
1694 4383 1994 4455 NIANVS,
2027 4372 2375 4460 proconsul
2406 4373 2609 4460 Cypri
2641 4371 2763 4436 sub
2796 4370 3107 4456 Septimio
3139 4366 3381 4433 Severo

795 4473 903 4538 vel
945 4474 1095 4539 filiis
1141 4476 1277 4539 eius
1315 4480 1702 4541 memoratur
1731 4477 1800 4541 in
1830 4482 1873 4543 t.
1902 4497 2129 4560 yraeee
2156 4478 2392 4559 scripw
2425 4475 2657 4558 Cyprio
2686 4468 3381 4552 Lebas-Waddinyton

796 4581 974 4643 2728
1017 4576 1304 4643 dedicato
1349 4579 1560 4643 Iuliae
1603 4578 1914 4645 Domnae.

669 4679 796 4744 906
846 4689 908 4744 C.
942 4689 1258 4745 CLODIVS
1293 4690 1643 4763 ADIVTOR,
1694 4682 1768 4747 C.
1802 4682 1865 4762 f.,
1901 4681 2079 4746 tribu
2114 4680 2406 4764 Quirina,
2455 4690 2776 4766 quaestor,
2826 4678 3122 4743 tribunus
3152 4672 3376 4763 plebis,

795 4792 1055 4867 praetor
1091 4782 1165 4848 X
1186 4788 1349 4849 3851
1395 4789 1437 4849 t.
1486 4783 1848 4867 Campanus
1879 4787 2132 4868 positus
2180 4783 2382 4871 ‘quod
2426 4807 2511 4849 ex
2555 4781 2772 4848 reditu
2815 4792 2933 4851 HS
2975 4782 3038 4845 izi.
3082 4778 3295 4862 legato
3340 4801 3380 4841 a

797 4884 1021 4950 Clodis
1065 4887 1157 4949 rei
1207 4885 1506 4972 publicae
1553 4887 2031 4974 Campanorum
2075 4889 2220 4952 viae
2263 4885 2467 4952 tutela
2509 4895 2927 4972 praestatur'3
2990 4884 3143 4948 haec
3188 4882 3380 4947 verba

796 4989 961 5064 item,
1010 5009 1388 5071 quamquam
1431 4989 1614 5055 hodie
1654 4990 1904 5067 mutila,
1950 4995 2318 5073 repetuntur
2361 4992 2432 5054 in
2475 4995 2518 5054 t.
2547 5011 2682 5054 una
2717 5010 2856 5054 eum
2881 4989 3105 5071 priore
3130 4988 3378 5067 reperto

800 5089 1087 5156 dedicato
1133 5142 1148 5156 .
1179 5141 1193 5156 .
1243 5090 1518 5176 [Clodio]
1564 5094 1638 5158 P.
1685 5092 1729 5158 f.
1777 5142 1793 5158 .
1819 5141 1835 5159 .
1863 5141 1878 5157 .
1925 5092 2271 5178 [Capi]toni
2316 5093 2389 5158 X
2426 5097 2631 5171 3852,·
2686 5096 2836 5157 arta
2876 5092 3076 5175 iqitur
3116 5088 3377 5154 uecessi-

794 5196 922 5260 tate
963 5191 1035 5258 hi
1077 5190 1294 5261 Clodii
1334 5194 1652 5260 coniuncti
1691 5196 1890 5278 fuisse
1934 5194 2244 5261 videntur.
