3859 5992
639 496 1021 552 ANTONIVS
1950 491 2034 556 95
2970 501 3352 561 ANTONIVS

638 693 765 758 655
809 693 886 759 Τ.
927 692 1311 776 Ant(onius)
1348 692 1720 779 Ol(audius)
1750 693 2031 760 Alfenus
2073 695 2452 781 Arignotus,
2499 695 2677 762 tribu
2722 697 3016 781 Quirina,
3055 700 3352 765 ὑπατικῶν

766 800 1084 885 συγγενής,
1129 806 1513 883 procurator
1554 797 1839 882 Augusti
1884 821 2076 864 arcae
2117 799 2437 866 Livianae
2481 809 2691 866 aetate
2732 800 3049 868 Antonini
3095 801 3350 885 (Severi

766 898 910 982 filii)
951 899 1053 964 CI
1055 898 1119 965 G
1159 903 1342 965 3484.
1386 904 1574 969 3497.

651 1037 740 1047 -
805 1001 882 1070 L.
927 1001 1256 1067 Antonius
1302 1000 1619 1069 Claudius
1663 1005 2056 1070 Dometinus
2101 1004 2434 1087 Diogenes
2476 1006 2617 1071 vide
2662 1005 2994 1072 Claudius.

634 1104 764 1169 656
807 1113 887 1169 Μ.
930 1113 1311 1169 ANTONIVS
1357 1113 1766 1191 CRISPINVS,
1814 1106 2211 1173 clarissimus
2247 1108 2366 1189 vir,
2416 1118 2726 1194 patronus
2755 1107 3050 1174 coloniae
3080 1109 3348 1176 Canusii

762 1229 820 1271 a.
866 1209 995 1275 223
1038 1207 1159 1273 IX
1194 1210 1321 1272 338
1363 1207 1580 1273 album
1617 1207 2031 1274 Canusinam.

634 1308 762 1375 657
804 1311 883 1376 L.
942 1309 1267 1375 Antonius
1329 1310 1762 1396 Expectatus,
1825 1312 1901 1377 L.
1956 1310 2226 1376 Antonii
2287 1312 2491 1377 Firmi
2549 1312 2721 1377 filius
2779 1314 2914 1380 III
2957 1318 3146 1392 2075,
3206 1317 3347 1381 vide

760 1413 833 1477 in
860 1418 1077 1495 patre.

632 1516 758 1580 658
803 1525 881 1583 Μ.
939 1523 1320 1579 ANTONIVS
1385 1525 1483 1579 FE
1511 1565 1737 1599 ......
1798 1514 2066 1599 (sodalis
2126 1516 2507 1600 Augustalis
2567 1515 2948 1600 Claudialis)
3008 1529 3345 1607 cooptatus

760 1640 817 1682 a.
864 1620 990 1684 225
1038 1617 1141 1684 VI
1174 1622 1358 1684 1984.

631 1720 759 1785 659
802 1718 1127 1785 Antonius
1173 1720 1385 1787 Felix.
1459 1721 1784 1787 Antonius
1815 1720 2007 1787 Felix
2044 1723 2191 1788 Tac.
2224 1722 2285 1790 h.
2321 1727 2383 1800 3,
2414 1728 2473 1800 9,
2521 1722 2837 1789 Claudius
2881 1722 3072 1788 Felix
3098 1724 3344 1808 Ioseph.

758 1827 888 1892 ant.
914 1829 1025 1901 20,
1060 1828 1117 1901 7,
1150 1829 1209 1901 1,
1246 1823 1489 1891 Suidas
1516 1844 1568 1889 s.
1596 1845 1653 1888 v.
1686 1822 1984 1897 Κλαύδιος
2013 1825 2329 1904 traditur,·
2368 1827 2480 1909 qui
2504 1831 2769 1909 utroque
2799 1826 2933 1892 loco
2960 1828 3350 1910 scripserunt

755 1928 1052 2000 Κλαύδιος
1080 1929 1319 2016 Φήλικα
1350 1926 1514 2011 (scil.
1545 1928 1766 2015 πέμπει
1792 1927 1889 1993 vel
1921 1929 2273 2015 ἐπέστησεν)
2315 1950 2446 1994 non
2476 1928 2912 2007 librariorum,
2953 1928 3066 1994 sed
3090 1930 3348 2012 Iosephi

757 2051 1032 2095 errorem
1077 2031 1423 2096 correxisse
1464 2030 1774 2107 videntur,
1820 2051 2000 2112 quem
2041 2032 2325 2112 sequitur
2369 2031 2646 2110 Suidas;
2689 2037 2961 2096 ceterum
3005 2029 3213 2095 Felix.
3257 2069 3344 2077 —

754 2131 986 2196 Frater
1027 2131 1343 2197 Pallantis
1395 2133 1541 2198 Tac.
1592 2154 1651 2196 a.
1699 2136 1804 2209 12,
1848 2136 1947 2208 54,
2008 2133 2255 2216 Ioseph.
2305 2138 2436 2199 ant.
2482 2139 2592 2209 20,
2630 2138 2686 2210 7,
2721 2138 2798 2210 1;
2840 2138 2947 2209 20,
2991 2136 3052 2210 8,
3092 2137 3152 2211 9,
3200 2134 3339 2199 bell.

752 2239 818 2311 2,
849 2240 957 2311 12,
985 2239 1062 2314 8;
1103 2233 1377 2300 libertus
1407 2233 1665 2299 Claudii
1696 2233 1921 2321 (Vict.)
1953 2235 2232 2318 Epitom.
2265 2241 2323 2313 4,
2355 2237 2545 2300 immo
2574 2235 2902 2300 Antoniae
2928 2237 3159 2301 matris
3188 2238 3338 2315 eius,

751 2342 823 2402 ut
850 2360 926 2403 ex
952 2339 1204 2403 nomine
1234 2342 1522 2422 afflaret.
1596 2336 1868 2424 Aliquot
1909 2341 2098 2403 annis
2139 2348 2290 2403 ante
2334 2361 2391 2403 a.
2427 2341 2511 2404 52
2542 2338 2728 2421 (‘iam
2773 2338 3027 2424 pridem
3061 2337 3343 2405 Iudaeae

755 2442 1115 2528 impositus’
1152 2441 1300 2506 Tac.
1330 2441 1447 2506 sub
1479 2461 1538 2506 a.
1570 2441 1684 2523 52)
1713 2440 1995 2507 Iudaeae
2025 2442 2429 2527 praepositus
2470 2450 2568 2506 est
2607 2441 2948 2527 provincia
2990 2442 3082 2505 ita
3109 2440 3340 2525 divisa,

752 2554 825 2609 ut
867 2543 1174 2609 Ventidio
1220 2541 1512 2609 Cumano
1558 2542 2006 2611 Galilaeorum
2057 2545 2268 2626 natio,
2329 2541 2535 2607 Felici
2580 2542 2944 2609 Samaritae
3000 2554 3338 2630 parerent3

751 2646 1091 2712 discordiis
1136 2645 1288 2711 inde
1332 2647 1490 2710 ortis
1534 2645 1903 2711 meidius
1950 2645 2326 2728 Quadratus
2383 2645 2636 2729 legatus
2682 2645 2914 2732 Syriae
2963 2648 3341 2733 provinciae

754 2759 990 2814 statum
1035 2751 1399 2836 composuit
1455 2757 1521 2813 et
1572 2748 1654 2813 de
1697 2747 2226 2835 procuratoribus
2270 2750 2528 2832 statuit,
2590 2757 2665 2813 ut
2700 2748 3032 2814 Cumanus
3076 2749 3338 2815 damna-

751 2863 964 2935 retur,
1034 2851 1223 2917 Felix
1284 2861 1667 2939 procurator
1721 2860 1921 2916 totam
1985 2852 2386 2937 provinciam
2449 2860 2705 2934 regeret
2771 2852 2918 2917 Tac.
2965 2873 3026 2918 a.
3072 2856 3179 2930 12,
3223 2858 3339 2932 54,·

752 2955 1036 3020 Felicem
1081 2952 1452 3038 (Claudius)
1511 2952 1885 3019 cohortibus
1945 2963 2011 3018 et
2067 2953 2187 3018 alis
2246 2955 2755 3040 provinciaeque
2812 2954 3095 3021 Iudaeae
3154 2978 3337 3041 prae-

751 3060 967 3145 posuit
1011 3058 1187 3125 Suet.
1230 3056 1464 3122 Claud.
1510 3061 1619 3133 28,
1683 3056 1971 3122 Felicem
2025 3055 2389 3135 legionibus
2430 3056 2712 3122 Iudaeae
2755 3056 3069 3143 praefecit
3112 3058 3337 3144 (Vict.)

746 3162 1026 3245 Epitoen.
1080 3167 1140 3226 4.
1240 3160 1484 3226 Contra
1542 3159 1822 3225 Felicem
1874 3166 2028 3243 post
2093 3160 2562 3225 damnationem
2621 3160 2894 3227 Cumani
2949 3163 3036 3244 (a.
3094 3162 3207 3237 52)
3271 3163 3340 3225 in

746 3263 1060 3329 Iudaeam
1099 3265 1361 3329 missum
1401 3282 1529 3328 esse
1569 3267 1806 3328 narrat
1835 3262 2082 3346 Ioseph.
2117 3268 2250 3328 ant.
2288 3268 2395 3340 20,
2432 3268 2487 3340 7,
2518 3269 2579 3340 1,
2628 3263 2767 3328 bell.
2798 3269 2866 3340 2,
2898 3269 3003 3340 12,
3030 3267 3074 3328 8
3116 3264 3187 3348 (a
3214 3285 3334 3347 quo

743 3366 1021 3448 pendent
1062 3366 1426 3448 Hieronym.
1476 3365 1565 3430 ad
1603 3387 1664 3435 a.
1709 3364 1873 3429 Abr.
1919 3370 2108 3442 2066,
2158 3365 2428 3449 Syncell.
2462 3388 2536 3449 p.
2571 3371 2722 3443 629,
2757 3370 2845 3450 3),
2884 3365 2998 3430 sed
3026 3365 3178 3449 plus
3222 3367 3336 3430 tri-

749 3468 1061 3534 buendum
1101 3468 1349 3533 videtur
1392 3472 1735 3533 accuratae
1788 3469 2001 3534 Taciti
2041 3469 2460 3535 enarrationi.
2532 3467 2723 3533 Felix
2766 3467 3083 3533 Ionathan
3129 3471 3336 3555 ponti-

747 3572 934 3636 ficem
964 3573 1320 3637 maximum
1350 3570 1740 3636 Iudaeorum
1771 3593 1889 3656 per
1935 3572 2197 3635 sicarios
2243 3571 2568 3635 interfecit
2597 3569 2844 3652 Ioseph.
2879 3576 3010 3637 ant.
3041 3576 3148 3645 20,
3178 3574 3240 3647 8,
3271 3576 3330 3641 5.

749 3675 887 3740 bell.
918 3681 985 3751 2,
1018 3679 1117 3751 13,
1146 3679 1223 3752 3,·
1266 3673 1543 3739 Iudaeos
1587 3696 1628 3738 a
1670 3672 1850 3739 falsis
1889 3673 2149 3738 vatibus
2177 3672 2482 3758 deceptos
2527 3682 2592 3736 et
2635 3671 3019 3737 rebellantes
3048 3675 3335 3738 coercuit

741 3777 829 3841 id.
877 3783 1009 3842 ant.
1054 3781 1163 3855 20,
1207 3780 1269 3852 8,
1317 3781 1389 3854 6,
1449 3776 1587 3841 bell.
1633 3782 1699 3853 2,
1745 3780 1846 3852 13,
1886 3780 1963 3852 5,
2023 3775 2343 3840 Eusebius
2384 3776 2645 3839 Armen.
2690 3774 2779 3839 ad
2823 3796 2883 3842 a.
2932 3775 3094 3840 Abr.
3139 3780 3328 3853 2067,

743 3879 1114 3962 ffl'eronym.
1161 3884 1367 3956 2069;
1439 3879 1699 3944 Iudaeis
1767 3881 1833 3943 in
1888 3878 2051 3945 urbe
2107 3877 2427 3944 Caesarea
2484 3876 3033 3944 tumultuantibus
3093 3878 3330 3942 milites

741 3984 1009 4047 immisit
1037 3981 1124 4046 id.
1157 3986 1288 4045 ant.
1313 3986 1422 4057 20,
1450 3985 1514 4058 8,
1548 3988 1606 4059 7,
1641 3982 1781 4048 bell.
1805 3987 1871 4058 2,
1905 3988 2004 4058 13,
2040 3987 2097 4058 7,
2128 3981 2446 4046 Eusebius
2468 3980 2729 4046 Arinen.
2755 3980 2845 4045 ad
2864 4002 2925 4048 a.
2949 3980 3112 4045 Abr.
3137 3986 3327 4058 2069,

741 4085 1112 4168 Hieronym.
1135 4089 1340 4161 2071,·
1374 4083 1619 4149 Paulus
1649 4085 1979 4171 apostolus
2009 4083 2185 4169 apud
2213 4107 2361 4149 eum
2380 4094 2720 4149 accusatus
2744 4093 2843 4148 est
2865 4089 2985 4149 act.
3005 4088 3205 4165 apost.
3222 4089 3328 4150 24.

746 4189 874 4253 Per
918 4208 1174 4253 omnem
1218 4188 1560 4251 saevitiam
1599 4210 1675 4251 ac
1718 4186 2056 4251 libidinem
2115 4188 2214 4252 ius
2274 4190 2528 4271 regium
2571 4186 2794 4252 servili
2840 4188 3103 4271 ingenio
3147 4208 3328 4252 exer-

740 4293 874 4356 cuit
925 4290 1072 4356 Tac.
1117 4290 1178 4357 h.
1222 4295 1281 4367 5,
1330 4294 1388 4356 9.
1477 4290 1805 4355 Successit
1849 4292 1908 4355 ei
1956 4291 2224 4356 Porcius
2268 4292 2503 4355 Festus
2547 4290 2795 4373 Ioseph.
2844 4294 2975 4357 ant.
3019 4294 3128 4365 20,
3163 4293 3225 4366 8,
3266 4296 3325 4367 9,

742 4395 879 4460 bell.
925 4399 991 4471 2,
1037 4397 1135 4470 14,
1182 4398 1241 4469 1,
1290 4398 1439 4458 acta
1483 4398 1683 4474 apost.
1727 4398 1836 4471 24,
1867 4398 1975 4470 27,
2021 4394 2343 4459 Eusebius
2385 4392 2648 4462 Armen.
2694 4393 2783 4458 ad
2824 4415 2885 4457 a.
2931 4393 3095 4458 Abr.
3135 4397 3324 4469 2070,

740 4497 1107 4581 Hieronym.
1136 4501 1306 4564 2071
1338 4518 1507 4562 anno
1536 4502 1615 4562 60
1644 4502 1716 4561 ut
1741 4497 1992 4561 videtur
2015 4497 2098 4579 cf.
2125 4496 2422 4574 Schurer,
2451 4496 2819 4562 Geschichte
2848 4496 2954 4561 des
2976 4494 3328 4561 Jadischen

739 4599 960 4665 Volkes
1003 4622 1076 4683 p.
1121 4603 1267 4665 484.
1354 4598 1415 4664 Α
1467 4599 1728 4664 Iudaeis
1772 4599 2306 4665 Caesariensibus
2364 4599 2539 4684 apud
2596 4599 2923 4663 Neronem
2981 4608 3325 4664 accusatus

740 4704 952 4785 gratia
995 4701 1311 4768 Pallantis
1352 4701 1686 4767 absolutus
1731 4712 1831 4766 est
1873 4702 2121 4785 Ioseph.
2170 4701 2212 4766 l.
2259 4701 2300 4766 l.

865 4806 1095 4870 Trium
1145 4802 1519 4889 reginarum
1577 4806 1850 4870 maritus
1895 4805 2154 4870 Sueton.
2197 4803 2435 4870 Claud.
2479 4810 2604 4882 28,·
2652 4806 2926 4870 maritus
2971 4804 3321 4882 Drusillae,

737 4906 1121 4994 Cleopatrae
1164 4918 1231 4972 et
1272 4906 1541 4973 Antonii
1587 4909 1801 4994 neptis
1855 4909 2003 4974 Tac.
2049 4908 2110 4972 h.
2157 4911 2217 4985 5,
2264 4912 2304 4973 9
2349 4909 2485 4993 (qui
2520 4930 2745 4973 nomen
2781 4906 3116 4974 Drusillae
3161 4908 3323 4973 duas

741 5013 1030 5094 coniuyes
1057 5011 1446 5094 confundens
1464 5012 1756 5093 posuisse
1781 5011 2085 5094 m‘detur),·
2114 5033 2264 5075 cum
2285 5010 2596 5076 Iudaeam
2625 5011 3124 5091 administraret,
3149 5011 3320 5075 Dru-

741 5112 964 5197 sillam,
1012 5113 1212 5179 filiam
1238 5113 1591 5200 Agrippae,
1645 5136 1916 5179 uxorem
1953 5114 2136 5180 Azizi
2178 5115 2644 5179 Emesenorum
2690 5116 2882 5197 regis,
2934 5114 3168 5177 marito
3212 5112 3321 5177 ab·
