3859 5992
597 541 933 598 ANTONIA
1895 536 2016 599 109
2963 545 3302 600 APELLES

723 741 1064 823 scriptione
1145 742 1420 805 nominis
1482 741 1553 805 in
1616 742 1887 805 nunonis
1946 740 2319 823 quibusdam
2364 740 2724 806 Polemonis
2767 741 2905 823 (ΙΙ)
2957 742 3125 824 reyis
3180 742 3309 825 filii

727 864 847 909 von
891 842 1126 920 Sallet,
1181 842 1485 927 Beitrc'iye
1524 864 1641 909 zur
1681 843 2051 909 Gesolziokte
2090 843 2225 908 und
2269 842 2703 909 Numismatik
2747 843 2858 908 der
2903 845 3155 927 Ko'niye
3199 844 3305 909 des

729 946 1055 1029 Bosporus
1085 968 1160 1030 Ρ.
1198 951 1277 1011 76
1304 968 1428 1028 seq.
1475 948 1558 1028 cf.
1603 946 1869 1029 Ephem.
1917 968 2016 1029 op.
2046 952 2095 1012 2
2123 969 2196 1029 Ρ.
2227 952 2376 1012 259.

858 1048 1145 1115 Ἀντωνία
1202 1048 1510 1136 Τρύφαινα
1568 1050 1860 1140 βασιλέως
1918 1050 2280 1135 Πολέμωνος
2336 1052 2433 1115 καὶ
2491 1051 2828 1137 βασιλίσσης
2891 1050 3305 1137 Πυθοδώριδος

727 1154 1131 1241 Φιλομήτορος
1177 1157 1439 1240 θυγατήρ
1486 1158 1527 1220 t.
1574 1159 1645 1229 1,
1706 1156 1746 1240 ἡ
1794 1153 2084 1240 βασιλέων
2131 1155 2237 1239 μὲν
2285 1156 2576 1240 θυγατήρ,
2639 1154 2928 1241 βασιλέων
2990 1156 3056 1218 δὲ
3114 1158 3305 1241 μήτηρ

729 1255 1034 1343 Τρῦφαινα
1079 1261 1116 1321 t.
1152 1262 1218 1333 2,
1265 1259 1304 1342 ἡ
1351 1259 1628 1343 κρατίστη
1674 1258 1772 1321 καὶ
1817 1256 2242 1344 φιλοσέβαστος
2275 1255 2560 1322 Ἀντωνία
2605 1255 2911 1343 Τρῦφαινα
2958 1261 2996 1324 t.
3029 1260 3105 1334 3,·
3150 1259 3306 1347 βασι-

730 1361 931 1446 λίσσης
982 1357 1322 1447 Τρυφαίνης
1360 1360 1431 1423 in
1471 1359 1762 1423 nuntmiS.

856 1461 1025 1526 Filia
1066 1461 1434 1527 Polemonis
1475 1463 1561 1544 (I)
1609 1462 1782 1544 regis
1826 1463 2206 1548 Bosporani,
2254 1473 2408 1526 nata
2450 1484 2535 1526 ex
2578 1460 2783 1526 altera
2829 1483 3030 1526 uxore
3072 1458 3306 1544 Pytho-

730 1563 956 1628 doride
1001 1562 1466 1647 Philometore,
1531 1565 1742 1650 neptis
1804 1587 1920 1651 per
1981 1576 2251 1628 matrem
2296 1564 2622 1630 Antoniae
2668 1563 2938 1629 Antonii
2984 1563 3308 1627 triumviri

732 1665 898 1731 filiae
943 1664 1053 1749 (cf.
1098 1688 1162 1732 n.
1210 1668 1376 1749 705).
1465 1668 1652 1732 onr
1709 1666 1936 1752 Cotyis
1998 1666 2490 1733 Rhoemetaleae
2549 1667 2697 1750 filii,
2759 1667 2930 1750 regis
2982 1665 3307 1731 Thracum

728 1770 918 1834 occisi
966 1770 1170 1852 (intra
1214 1792 1274 1834 a.
1305 1769 1517 1854 141'19)
1563 1769 1802 1836 Strabo
1831 1776 1920 1836 12
1951 1793 2024 1853 Ρ.
2053 1774 2176 1836 556
2215 1771 2353 1853 (ubi
2380 1769 2832 1854 Pythodoridis
2875 1770 3019 1853 filia
3059 1769 3309 1834 nomino

738 1873 960 1937 omisso
1003 1873 1449 1958 siqnificatur).
1540 1873 1753 1937 Mater
1797 1871 2292 1937 Rhoemetaleae
2336 1878 2380 1937 t.
2425 1879 2491 1939 2.
2535 1879 2595 1950 3,
2651 1871 3034 1953 PolemoniS,
3081 1871 3308 1955 Cotyis

734 1980 777 2040 t.
820 1978 885 2041 2.
962 1975 1278 2039 Sacerdos
1320 1974 1579 2059 (Iuliae)
1627 1975 1969 2059 Augustae
2016 1980 2057 2043 t.
2090 1981 2129 2040 1
2172 1977 2254 2058 cf.
2303 1981 2344 2040 t.
2375 1980 2434 2042 3.
2516 1975 2709 2040 Anno
2754 1975 2945 2040 37s38
2993 1974 3308 2058 Cyzicum

731 2099 878 2142 eum
928 2076 1078 2141 filiis
1137 2077 1389 2143 duobus
1448 2077 1801 2143 maioribus
1858 2078 2041 2142 venit
2098 2077 2182 2142 ad
2237 2077 2424 2142 ludos
2484 2077 2767 2142 edendos
2825 2083 2930 2163 τῆς
2982 2078 3128 2148 θεᾶς
3172 2076 3308 2146 νέας

733 2178 1085 2267 Ἀφροδίτης
1114 2180 1495 2268 Δρουσίλλης,
1543 2181 1615 2245 id
1656 2186 1746 2246 est
1782 2182 1852 2246 in
1879 2181 2177 2246 honorem
2207 2180 2541 2246 Drusillae
2582 2181 2823 2245 sororis
2862 2178 2997 2245 Gai
3038 2180 3311 2262 impera-

734 2283 908 2360 toriS,
953 2303 1115 2365 quae
1158 2282 1458 2366 defuncta
1500 2289 1593 2349 est
1635 2305 1803 2349 armo
1847 2288 1951 2350 38.

603 2385 727 2451 719
771 2394 1113 2449 ANTONIA
1158 2395 1533 2470 VITELL1A‚
1580 2387 1814 2451 adfinis
1859 2387 1948 2454 M.
1995 2386 2264 2452 Antonii
2311 2385 2491 2451 Antii
2540 2386 2710 2471 Lupi
2757 2385 2860 2451 VI
2894 2389 3077 2451 1343.

621 2526 709 2534 —
773 2489 1072 2572 (Faenia)
1119 2487 1411 2554 Antulla.

604 2592 728 2658 720
764 2590 1148 2676 Anullinus‚
1212 2593 1616 2678 imperatoris
1664 2592 1889 2658 Severi
1949 2594 2197 2656 amicus
2250 2590 2332 2657 ab
2392 2613 2467 2656 eo
2528 2590 2770 2656 ditatus
2822 2590 3100 2674 (Victor)
3146 2589 3307 2672 Epi-

731 2699 890 2760 tome
931 2700 1039 2772 20,
1070 2699 1128 2763 6.
1219 2694 1436 2761 Potest
1479 2715 1607 2760 esse
1652 2694 1729 2759 P.
1772 2694 2107 2761 Cornelius
2148 2695 2499 2760 Anullimcs
2542 2714 2664 2759 608.
2710 2694 2803 2758 II
2836 2715 2895 2757 a.
2929 2697 3071 2759 199.

603 2798 722 2863 721
770 2806 1232 2880 ANVLLINVS,
1308 2808 1596 2880 senator,
1659 2799 1843 2862 euius
1900 2797 2172 2863 libertus
2226 2797 2674 2862 Diocletianus
2736 2796 2978 2861 dieitur
3035 2795 3307 2877 Eutrop.

727 2905 786 2977 9,
815 2906 915 2977 19,
961 2899 1237 2986 (Victor)
1282 2901 1577 2983 Fspitome
1618 2904 1718 2978 39,
1751 2907 1809 2978 1,
1858 2900 2154 2966 Zonaras
2198 2906 2302 2978 12,
2337 2905 2420 2965 31
2452 2923 2526 2983 Ρ.
2557 2903 2677 2965 159
2708 2898 2911 2964 Βίηᾱ.

602 3003 728 3068 722
767 3001 1171 3086 *Anullinus,
1217 3003 1325 3071 vit.
1374 3004 1732 3068 Maximini
1769 3009 1875 3081 32,
1910 3008 1951 3068 6
1963 3024 1984 3068 .·
2029 3004 2225 3069 ‘idem
2270 3001 2381 3084 (=
2422 3003 2782 3090 Dexigmus)
2828 3001 3012 3067 addit
3051 3002 3117 3065 in
3161 3022 3309 3065 eon-

731 3115 957 3193 speetu
1007 3106 1351 3171 Maximini
1404 3110 1532 3172 iam
1586 3106 1823 3173 deserti
1885 3130 1924 3171 a
1982 3107 2297 3173 militibus
2356 3107 2730 3191 [anolinum]
2792 3115 2856 3169 et
2910 3105 3308 3191 praefectum

728 3210 1049 3294 praetorio
1094 3209 1298 3294 ipsius
1343 3219 1407 3273 et
1448 3208 1652 3274 filium
1699 3211 1837 3275 eius
1881 3212 2212 3291 occisum‘,
2274 3212 2390 3274 ubi
2431 3207 2785 3275 Anolinum
2845 3207 3035 3273 tertia
3083 3227 3310 3271 manus

732 3309 907 3391 (teste
951 3311 1203 3395 Petero)
1265 3312 1498 3377 codicis
1542 3311 1840 3378 Palatini
1892 3314 2181 3377 inseruit.
2271 3313 2454 3394 Quod
2508 3314 2569 3377 si
2621 3316 2785 3377 recte
2844 3309 3151 3374 traditum
3203 3309 3307 3385 sit,

733 3420 843 3479 aut
896 3414 1295 3480 scribendum
1354 3420 1446 3479 est
1500 3425 1566 3479 et
1615 3414 2000 3480 Anullinum
2062 3416 2459 3500 praefectum
2506 3420 2619 3480 aut
2667 3423 2775 3478 ‘et‘
2828 3412 3154 3478 delendum
3198 3415 3308 3475 est.

731 3517 1252 3583 Additamentum
1292 3517 1478 3583 nulla
1520 3521 1899 3584 auctoritate
1944 3520 2194 3601 fultum,
2243 3540 2621 3601 quamquam
2664 3521 2874 3582 tuetur
2915 3513 3308 3595 Hirschfeld,

744 3618 1296 3704 Untersuchunyen
1334 3640 1450 3686 zur
1492 3620 1872 3686 Ro'mischen
1915 3619 2693 3704 Verwaltunysyeschichte
2723 3640 2796 3702 Ρ.
2842 3622 2993 3694 236,
3051 3616 3311 3681 reisien-

733 3721 880 3787 dum
922 3727 1031 3787 est.

623 3864 712 3872 —
774 3835 836 3893 P.
885 3834 1306 3891 CORNELIVS
1349 3836 1800 3892 ANVLLINVS.

603 3930 729 3995 723
775 3927 1151 4015 Apaturius,
1184 3927 1402 3993 rhetor
1424 3930 1716 3996 Graecus
1740 3928 1984 3995 Seneca
2014 3935 2286 3996 controv.
2302 3935 2400 4008 10,
2416 3932 2475 4007 5,
2492 3933 2599 4006 28,
2632 3948 2875 3993 suasor.
2892 3931 2949 4003 1,
2975 3930 3174 4003 11,·2,
3199 3929 3309 3990 21.

626 4030 982 4097 ——Iulius
1027 4029 1278 4118 Apella.
3289 4060 3303 4074 ·

605 4135 734 4200 724
771 4143 1132 4213 APELLAS,
1171 4134 1627 4217 Pergamenus,
1677 4094 1863 4221 pater
1905 4135 2287 4215 Frontonis,
2348 4158 2511 4201 avus
2553 4134 2856 4221 Apellae3
2917 4132 3073 4199 ὅσων
3119 4132 3310 4197 ἐθνῶν

736 4238 1002 4324 ἐπῆρξεν,
1055 4237 1198 4309 ὅσας
1239 4239 1409 4324 τιμὰς
1450 4240 1519 4304 ἐκ
1564 4238 1853 4326 βασιλέων
1899 4240 2289 4326 ἐκαρπώσατο
2334 4288 2350 4304 .
2380 4288 2395 4304 .
2465 4289 2480 4305 .
2539 4238 2813 4323 (silentio
2855 4257 2922 4302 se
2951 4235 3313 4320 praeterire

736 4342 830 4406 ait
872 4341 1217 4428 Aristides)
1263 4342 1534 4408 Aristid.
1587 4348 1745 4410 orat.
1784 4343 1857 4407 X
1881 4365 1955 4426 Ρ.
1987 4348 2108 4408 118
2136 4363 2260 4426 seq.
2306 4342 2610 4425 Dindorf.

608 4444 733 4509 725
776 4443 1059 4530 Apellae,
1108 4466 1428 4531 pronepos
1475 4445 1554 4510 A.
1601 4444 1749 4510 Iulii
1783 4444 2105 4527 Quadrati
2150 4447 2296 4529 (003.
2342 4447 2435 4511 II
2468 4468 2528 4510 a.
2563 4448 2726 4531 105),
2774 4465 2975 4530 nepos
3020 4439 3307 4527 Apellae,

736 4543 909 4611 filius
949 4547 1317 4631 FrontoniS,
1365 4548 1821 4633 PergamenuS,
1867 4549 2386 4635 quattuordecim
2429 4570 2633 4613 annos
2678 4556 2865 4613 natus
2911 4547 2994 4611 ab
3024 4542 3313 4612 Aristide

739 4650 1048 4732 magistro
1094 4651 1386 4715 oratione
1431 4649 1794 4716 celebratus
1837 4651 2111 4719 Aristid.
2144 4657 2305 4717 orat.
2338 4652 2411 4717 X
2436 4674 2509 4735 Ρ.
2540 4655 2662 4715 113
2690 4670 2818 4733 sqq.
2858 4648 3168 4730 Dindorf.

606 4750 735 4816 '726
778 4749 1074 4837 ApelleS,
1136 4752 1634 4818 Ascalonitanus
1679 4752 1874 4818 Philo
1921 4754 2105 4837 ἱεραί.
2140 4776 2213 4837 Ρ.
2244 4760 2385 4831 576,
2449 4752 2797 4837 tragoedus
2856 4750 3312 4816 celeberrimus

737 4863 947 4919 aetate
987 4855 1392 4941 imperatoris
1425 4856 1549 4924 Gai
1579 4856 1729 4933 ibd„
1763 4855 2021 4921 Sueton.
2049 4855 2250 4941 Galia.
2283 4861 2383 4934 33,
2432 4856 2564 4922 Dio
2591 4860 2692 4933 59,
2715 4861 2756 4921 5
2787 4854 3050 4935 (Zonar.
3083 4858 3180 4930 11,
3213 4855 3315 4938 4),-

737 4956 902 5021 idem
943 4959 1305 5043 siqnificari
1341 4958 1589 5024 videtur
1632 4958 1807 5043 apud
1849 4958 2221 5025 Petronium
2258 4965 2354 5025 64.

609 5057 737 5125 727
781 5057 1042 5146 Apelles
1088 5061 1147 5143 (‘?
1165 5059 1454 5147 Apellari
1500 5061 1669 5140 libri,
1716 5060 2083 5148 Apollinari
2128 5063 2358 5147 vulyo),
2412 5060 2762 5146 tragoedus
2811 5071 3023 5126 aetate
3067 5059 3313 5146 Vespa-

740 5162 902 5228 siani
948 5162 1205 5233 Sueton.
1253 5165 1504 5249 Vespas.
1533 5170 1635 5231 19.
