3859 5992
539 556 872 612 CAECINA
1824 547 1950 612 255
2915 555 3244 611 CAECINA

537 753 621 819 70
667 762 829 817 SEX.
893 761 1254 836 CAECINA,
1318 753 1633 839 (praetor)
1693 752 2134 838 per(egrinus)
2200 774 2259 819 a.
2309 752 2381 817 11
2444 773 2508 836 p.
2556 750 2629 816 C.
2689 752 2852 833 fasti
2902 751 3246 817 Arvalium

665 856 749 922 12
782 878 856 940 p.
890 861 988 921 70.

533 993 622 1005 -
663 957 743 1023 A.
792 956 1106 1027 Claudius
1150 956 1446 1022 Caecina.

535 1096 623 1108 -
663 1070 725 1127 P.
763 1070 1094 1125 LICINIVS
1142 1069 1493 1128 CAECINA.

537 1163 614 1228 71
666 1174 735 1229 A.
784 1172 1115 1227 CAECINA
1158 1172 1506 1227 ALIENVS.
1592 1161 1673 1229 A.
1722 1160 2005 1227 Caecina
2049 1163 2310 1229 Sueten.
2365 1161 2489 1226 Tit.
2531 1166 2589 1243 6,
2653 1159 2923 1226 Alienus
2965 1161 3247 1229 Caecina

672 1266 817 1330 Tac.
856 1266 916 1330 k.
962 1271 1020 1343 1,
1056 1269 1165 1343 52,
1212 1264 1498 1331 Caecina
1541 1264 1814 1329 Alienus
1858 1265 2104 1348 Ioseph.
2139 1264 2279 1331 bell.
2326 1270 2387 1342 4,
2433 1269 2531 1341 11,
2577 1268 2643 1341 2,
2690 1263 2962 1329 Alienus
3005 1287 3246 1350 semper

664 1366 840 1450 apud
878 1367 1170 1443 Dionem,
1219 1371 1489 1432 ceterum
1530 1367 1760 1449 ubique
1805 1365 2109 1434 Caecina.

789 1470 997 1535 Natus
1040 1471 1333 1534 Vicetiae
1387 1470 1534 1534 Tac.
1580 1469 1640 1534 Ῐι.
1685 1474 1746 1547 3,
1786 1472 1846 1534 8.
1937 1470 2134 1533 Hunc
2178 1468 2397 1536 Galba
2441 1470 2507 1532 in
2553 1470 2819 1534 Baetica
2861 1471 3136 1557 impigre
3177 1473 3244 1536 in

666 1583 882 1658 partes
927 1594 1075 1636 suas
1121 1582 1593 1656 transgressum
1640 1574 1725 1650 (a.
1772 1572 1883 1656 68)
1929 1571 2169 1655 legioni
2210 1573 2603 1658 praeposuit,
2649 1593 2803 1636 mox
2847 1584 3245 1659 compertum

664 1675 987 1760 publicam
1034 1677 1380 1760 pecuniam
1424 1675 1740 1739 avertisse
1785 1684 1857 1738 ut
1886 1673 2327 1760 peculatorem
2358 1673 2638 1758 flagitari
2675 1676 2860 1739 iussit
2891 1676 3018 1741 ibd.
3051 1683 3110 1755 1,
3139 1683 3242 1744 53.

663 1777 853 1841 Anno
900 1780 982 1843 69
1028 1779 1294 1842 ineunte
1341 1776 1592 1860 legatus
1638 1776 1912 1860 legionis
1959 1778 2024 1840 in
2073 1776 2425 1842 Germania
2467 1778 2798 1863 superiore
2844 1778 2927 1842 ab
2973 1780 3243 1865 impera-

665 1890 800 1944 tore
847 1881 1063 1947 Galba
1123 1882 1189 1943 in
1233 1880 1566 1946 Vitellium
1625 1879 1932 1960 descivitz,
1995 1878 2267 1943 decorus
2327 1881 2605 1961 iuventa,
2668 1901 2937 1965 corpore
2994 1883 3241 1966 ingens,

662 1985 860 2048 animi
920 1983 1334 2066 immodicus,
1398 1985 1557 2047 scito
1616 2003 1941 2064 sermone,
2006 1993 2219 2046 erecto
2275 1983 2529 2046 incessu
2575 1982 2790 2048 studia
2834 1983 3111 2049 militum
3154 1987 3248 2050 in-

661 2086 916 2152 lexerat
944 2085 1073 2151 z'bcl.
1105 2092 1165 2164 1,
1197 2092 1305 2152 52.
1335 2089 1433 2151 53.
1484 2086 1773 2168 Legatus
1800 2083 2046 2150 Vitellii
2080 2086 2437 2150 exercitum
2472 2085 2862 2150 Germaniae
2895 2089 3246 2174 superioris

662 2199 840 2254 trans
885 2188 1085 2275 Alpes
1146 2191 1214 2254 in
1275 2188 1526 2254 Italiam
1589 2187 1812 2269 duxit;
1875 2210 1977 2253 res
2038 2188 2122 2252 ab
2181 2208 2255 2251 eo
2309 2196 2536 2252 contra
2580 2187 2982 2255 Othonianos
3026 2202 3248 2275 gestae

670 2293 817 2359 Tac.
864 2293 935 2358 la·
971 2297 1028 2370 1,
1076 2297 1175 2357 61.
1222 2297 1472 2370 67-70;
1528 2297 1594 2369 2,
1641 2295 1888 2357 20-26.
1931 2295 2036 2355 30.
2084 2296 2184 2357 31.
2236 2294 2333 2356 55.
2385 2296 2485 2356 56.
2537 2294 2639 2356 59.
2694 2296 2794 2358 67.
2848 2297 2944 2359 70.
2991 2297 3097 2359 92.
3146 2296 3244 2371 95,

664 2395 1002 2461 Plutarch.
1049 2395 1210 2462 Otho
1254 2401 1312 2459 6.
1348 2401 1403 2460 7.
1437 2400 1536 2460 10.
1568 2401 1666 2460 11.
1699 2400 1806 2460 12.
1838 2399 1942 2472 13,
1990 2393 2237 2477 Ioseph.
2272 2393 2410 2460 bell.
2440 2399 2500 2470 4,
2533 2398 2592 2469 9,
2625 2398 2683 2460 9.

795 2497 1101 2562 Vitellius
1145 2499 1355 2562 victor
1404 2496 1631 2561 urbem
1692 2498 2021 2580 ingressus
2082 2506 2153 2559 ut
2197 2496 2458 2577 (Fabio)
2503 2496 2763 2560 Valenti
2820 2508 2886 2561 et
2929 2497 3249 2563 Caecinae

664 2620 907 2666 vacuos
954 2599 1217 2664 honoris
1263 2622 1514 2664 menses
1559 2601 1859 2685 aperiret,
1909 2599 2180 2663 aliorum
2229 2597 2602 2663 consulatus
2649 2601 2968 2665 coartavit
3006 2601 3152 2668 Tac.
3185 2601 3246 2666 h.

659 2707 724 2780 2,
775 2708 894 2781 71;
950 2703 1168 2768 consul
1210 2701 1511 2782 suffectus
1556 2707 1719 2768 certe
1760 2723 1968 2767 meme
2010 2702 2269 2769 Octobri
2312 2723 2373 2766 a.
2420 2706 2519 2779 69,
2566 2707 2832 2767 ceterum
2878 2705 2961 2786 ef.
3007 2705 3250 2786 fastos;

662 2804 1019 2870 consularis
1079 2807 1337 2873 Sueten.
1394 2807 1515 2871 Tit.
1564 2812 1622 2884 6,
1685 2805 1909 2890 (Vict.)
1968 2806 2265 2889 Epitomc
2309 2811 2411 2870 10.
2511 2805 2670 2869 Dux
2715 2804 2962 2871 Vitellii
3022 2817 3249 2871 contra

661 2899 1013 2974 Flavianos
1070 2911 1307 2973 missus
1366 2909 1799 2995 proditionem
1859 2908 2123 2973 molitus
2168 2908 2250 2972 ad
2297 2908 2684 2993 Vespasiani
2731 2918 2947 2994 partes
2993 2910 3249 2974 transiit

667 3012 815 3081 Tac.
846 3012 909 3078 Ῐι.
940 3017 1006 3090 2,
1040 3017 1336 3092 99-101;
1376 3017 1436 3089 3,
1469 3017 1529 3077 9.
1563 3016 1793 3089 13-14,
1838 3010 1972 3077 Dio
2003 3016 2102 3089 65,
2128 3017 2227 3079 10.
2253 3016 2352 3076 11.
2380 3016 2478 3089 14,
2511 3011 2760 3094 Ioseph.
2788 3011 2926 3077 bell.
2956 3016 3014 3087 4,
3048 3017 3147 3088 11,
3179 3017 3245 3078 2.

662 3114 885 3179 Pridie
932 3115 1244 3180 kalendas
1285 3114 1678 3179 Novembris
1720 3115 2111 3197 consulatue,
2156 3115 2342 3178 cuius
2387 3137 2554 3179 unus
2602 3113 2739 3178 dies
2783 3124 3137 3199 supererat,
3185 3116 3245 3178 ei

662 3217 1011 3300 abrogatus
1057 3228 1156 3281 est
1193 3218 1337 3283 Tac.
1370 3216 1430 3284 Ῑι.
1467 3222 1528 3293 3,
1560 3221 1660 3282 37.
1752 3215 1814 3281 A
1858 3215 2194 3281 Flavianis
2241 3218 2598 3282 victoribus
2643 3216 2726 3281 ad
2773 3217 3244 3302 Vespasianum

660 3322 898 3384 missus
928 3320 1212 3404 benigne
1243 3319 1326 3384 ab
1355 3343 1428 3385 eo
1461 3330 1773 3404 exceptus
1802 3329 1901 3384 est
1922 3319 2168 3402 Ioseph.
2198 3318 2341 3384 bell.
2363 3324 2423 3413 4,
2448 3324 2548 3397 11,
2568 3324 2629 3384 3.
2678 3319 2818 3385 Sub
2847 3319 3243 3404 Vespasiano

663 3445 809 3488 cum
869 3423 1177 3488 Marcello
1238 3424 1753 3488 coniurationem
1812 3424 1991 3504 iniit,
2059 3444 2190 3507 qua
2255 3422 2579 3508 patefacta
2643 3422 2831 3487 Titus
2899 3421 3244 3488 Caecinam

663 3535 969 3591 vocatum
1037 3525 1121 3590 ad
1186 3547 1448 3590 caenam
1518 3547 1594 3589 ac
1652 3524 1927 3590 vixdum
1997 3523 2275 3589 triclinio
2341 3545 2671 3608 egressum
2734 3524 2989 3589 confodi
3061 3525 3250 3588 iussit

664 3638 935 3712 urgente
981 3629 1384 3708 discrimine,
1438 3650 1587 3693 cum
1633 3630 1827 3694 etiam
1872 3626 2375 3712 chirographum
2421 3629 2561 3692 eius
2605 3638 3027 3713 praeparatae
3072 3626 3245 3712 apud

663 3729 902 3795 milites
948 3733 1277 3797 concionis
1324 3731 1856 3818 deprehendisset
1900 3731 2155 3796 Sueten.
2199 3730 2319 3797 Tit.
2353 3735 2410 3808 6,
2456 3729 2590 3795 Dio
2635 3735 2732 3807 66,
2769 3735 2867 3807 16,
2915 3729 2996 3794 ob
3042 3733 3245 3815 suspi-

666 3834 916 3898 cionem
976 3844 1307 3920 stupratae
1352 3835 1697 3898 Berenices
1756 3835 1982 3898 uxoris
2026 3834 2166 3920 (sic)
2211 3832 2510 3915 Epitome
2552 3838 2654 3898 10.
2705 3869 2793 3879 —
2835 3833 3021 3897 onr
3066 3831 3246 3898 Salo-

662 3937 819 4001 nina
865 3937 1012 4002 Tac.
1045 3937 1105 4002 h.
1136 3942 1202 4015 2,
1232 3943 1342 4004 20.

795 4040 1201 4105 Memoraiur
1238 4040 1384 4105 Tac.
1409 4039 1471 4104 h.
1495 4046 1552 4117 1,
1584 4043 1702 4117 89,·
1737 4044 1804 4117 2,
1834 4044 1932 4105 11.
1965 4044 2065 4107 17.
2096 4043 2196 4104 18.
2227 4045 2329 4105 19.
2360 4045 2469 4106 27.
2496 4044 2597 4106 51.
2631 4044 2746 4118 77;
2779 4043 2841 4117 3,
2871 4042 2969 4104 15.
3000 4042 3101 4103 36.
3132 4043 3250 4117 40,-

665 4146 724 4219 4,
754 4146 856 4219 31,
902 4142 1240 4207 Plutarch.
1286 4141 1446 4208 Otho
1488 4146 1548 4208 5.
1587 4146 1680 4219 18,
1724 4140 1858 4207 Dio
1894 4147 1992 4219 66,
2024 4148 2121 4208 15.

542 4244 623 4309 72
668 4244 771 4309 Ti.
821 4243 1104 4310 Caecina
1148 4243 1423 4309 Alienus
1467 4250 1854 4310 memoratur
1896 4246 1967 4310 in
2008 4245 2228 4328 fistula
2261 4244 2565 4328 plumbea
2606 4246 2861 4310 urbana
2896 4243 3249 4309 Bullettz‘no

665 4348 993 4413 comunale
1035 4351 1201 4412 1886
1230 4369 1304 4431 p.
1335 4352 1490 4413 103.-
1534 4347 1636 4412 Ti.
1681 4346 1898 4412 Alieni
1947 4347 2344 4430 Caecina(e).
2430 4347 2590 4413 Cum
2642 4347 2984 4412 Caecinam
3026 4367 3252 4411 nomen

659 4449 1051 4532 yentzlicium
1095 4451 1362 4533 oriyim‘s
1404 4448 1723 4515 Etruscae
1774 4451 1974 4531 fuisse
2025 4455 2292 4529 constet,
2353 4452 2424 4514 in
2465 4450 2582 4516 hoe
2626 4450 2808 4515 titulo
2855 4450 3006 4514 ordo
3049 4450 3249 4514 nomi-

662 4573 815 4617 num
859 4552 1063 4635 plane
1119 4552 1331 4617 eodem
1388 4553 1574 4618 modo
1629 4557 1911 4617 mutatus
1969 4557 2062 4618 est
2113 4558 2300 4635 atque
2351 4555 2417 4618 in
2463 4553 2648 4618 titulo
2691 4554 2900 4636 Laryi
2937 4551 3250 4618 Caecinae

665 4676 730 4720 n.
767 4659 861 4720 74.
908 4691 988 4702 -
1046 4653 1228 4720 Certe
1257 4654 1601 4736 parentela
1644 4656 2011 4719 coniunctus
2055 4676 2194 4719 cam
2238 4656 2323 4720 A.
2367 4655 2646 4721 Caecina
2689 4656 2942 4722 Aliena.

536 4792 623 4803 —
666 4766 729 4823 C.
774 4766 1203 4822 LAECANIVS
1249 4766 1523 4822 BASSVS
1573 4766 1900 4821 CAECINA
1946 4768 2300 4824 FLACCVS.

544 4858 626 4926 '73
671 4859 1003 4943 [CaeJcina
1031 4860 1307 4943 Largus,
1339 4860 1543 4946 praef.
1586 4883 1627 4926 a
1652 4909 1831 4926 .....
1864 4861 2255 4948 (annonast)
2301 4885 2359 4927 a.
2393 4863 2519 4928 250
2564 4862 2658 4928 tit.
2689 4862 2977 4927 urbanus
3005 4860 3251 4927 Bullet-

665 4963 798 5028 tino
843 4963 1169 5028 comunale
1211 4967 1375 5028 1886
1405 4984 1478 5045 p.
1507 4968 1651 5030 370.

543 5064 626 5129 74
672 5063 955 5130 Caecina
980 5065 1238 5150 Largus
1282 5066 1491 5131 nescio
1535 5067 1677 5148 quis
1717 5072 2106 5131 memoratur
2147 5068 2218 5131 ‘in
2262 5071 2305 5134 t.
2350 5066 2639 5130 Maximo
2685 5067 2886 5150 Largi
2932 5065 3251 5132 Caecinae

669 5168 895 5252 (servo)
926 5170 1144 5252 posito
1188 5168 1290 5263 VI
1321 5173 1562 5235 22331.
