3859 5992
590 531 1087 588 ARTAVASDES
1897 523 2014 588 151
2815 531 3309 589 ARTAVASDES

2832 630 3111 638 ———

718 751 931 815 neque
989 726 1213 793 liberis
1271 729 1412 793 eius
1465 724 1728 808 (scilicet
1779 727 2049 809 Tiyrani
2090 728 2225 793 III
2256 733 2315 793 et
2356 728 2567 793 Erato
2619 727 2854 812 sorori)
2913 750 3310 815 quamquam

719 832 978 896 sociatis
1034 852 1216 895 more
1276 840 1543 896 externo
1605 830 1671 894 in
1726 831 2210 894 matrimonium
2278 851 2683 917 regnumque
2748 830 3127 896 diuturnum
3194 832 3309 896 im·

722 936 973 1020 perium
1019 933 1166 998 fuit‘
1219 933 1370 999 Tac.
1404 954 1465 997 a.
1496 938 1561 1010 2,
1592 936 1652 1009 3,
1700 933 1783 1014 cf.
1817 931 1952 997 Dio
1994 936 2095 1009 55,
2132 936 2192 1010 9,
2223 938 2266 998 4
2307 935 2413 1020 τὴν
2461 930 2765 1019 Ἀρμηνίαν
2809 933 3309 1021 ἀλλοτριουμένην

722 1035 860 1117 (ubi
918 1036 1151 1101 lacuna
1210 1036 1491 1102 codicum
1551 1057 1627 1101 ecc
1670 1037 1939 1102 Zonara
1982 1041 2085 1114 10,
2128 1040 2209 1102 35
2243 1058 2316 1119 p.
2346 1042 2488 1120 447,
2536 1043 2575 1101 1
2619 1035 2918 1118 Dindorf
2957 1036 3312 1121 supplenda

722 1138 867 1216 est:)
929 1139 1078 1226 μετὰ
1135 1141 1233 1205 τὸν
1291 1144 1394 1204 τοῦ
1439 1137 1729 1226 Τιγράνου
1776 1140 2051 1205 θάνατον.
2146 1139 2346 1203 ‘Dein
2404 1142 2583 1204 iussu
2627 1136 2911 1223 Augusti
2970 1140 3309 1226 impositus

722 1242 1074 1327 (Armeniis
1101 1240 1239 1325 rex)
1270 1240 1671 1306 Artavasdes
1720 1251 1782 1306 et
1826 1263 1958 1305 non
2003 1242 2143 1305 sine
2185 1239 2369 1305 clade
2399 1250 2623 1306 nostra
2653 1241 2967 1308 deiectus‘
3012 1242 3160 1307 Tac.
3191 1242 3235 1308 l.
3263 1241 3307 1311 l.

722 1344 885 1410 Fuit
938 1345 1073 1422 hic,
1132 1348 1206 1409 ut
1261 1344 1630 1428 Nipperdey
1689 1344 1779 1410 ad
1842 1343 1990 1411 Tac.
2051 1343 2090 1411 l.
2154 1343 2193 1408 l.
2240 1343 2676 1427 probabiliter
2739 1344 3032 1422 coniecit,
3099 1346 3310 1428 frater

718 1449 1016 1513 Artaoeae
1059 1452 1120 1513 et
1170 1448 1474 1531 Tiyranis
1518 1448 1627 1532 (cf.
1671 1446 1806 1513 Dio
1849 1451 1950 1525 51,
1997 1444 2119 1530 16),
2180 1447 2356 1531 filius
2398 1446 2789 1513 Artavasdis
2832 1446 3000 1531 reyis
3042 1447 3125 1513 ab
3169 1446 3309 1514 An-

724 1552 893 1617 tonio
924 1552 1100 1634 capti
1113 1571 1135 1630 ,·
1177 1571 1317 1616 cum
1347 1554 1501 1634 post
1541 1555 1802 1616 mortem
1839 1551 2143 1634 Tiyranis
2176 1551 2270 1616 II
2302 1552 2634 1635 aneertum
2677 1571 2796 1634 quo
2839 1570 3007 1616 anno
3049 1549 3308 1634 mortui)

723 1653 911 1719 liberi
966 1655 1101 1719 eius
1159 1653 1246 1719 ad
1301 1652 1581 1719 Parthos
1648 1653 1945 1718 inclinati
2016 1654 2126 1737 (cf.
2191 1652 2430 1717 Dionis
2491 1654 2686 1718 verba
2748 1673 2949 1736 supra
3014 1650 3308 1737 laudata)

719 1761 1072 1841 reynarent,
1118 1755 1513 1821 Artavasdes
1557 1761 1780 1821 contra
1824 1776 1926 1822 eos
1967 1776 2084 1820 rex
2126 1757 2502 1821 constitutus
2528 1755 2761 1839 pulsus
2804 1760 2896 1821 est
2938 1754 3091 1838 (qua
3122 1753 3197 1820 de
3237 1775 3308 1821 re

722 1859 923 1925 tacuit
970 1857 1300 1941 Auqustus
1352 1858 1423 1922 in
1469 1857 1883 1923 Monumento
1926 1858 2279 1941 Ancyrano
2324 1878 2374 1926 c.
2414 1861 2550 1943 27).
2637 1858 2829 1923 Anno
2874 1858 3011 1923 fere
3057 1858 3177 1923 751
3222 1886 3307 1912 =

720 1964 762 2027 3
792 1986 848 2030 a.
882 1960 956 2029 C.
988 1966 1071 2033 ὡς
1099 1960 1387 2027 ἐπύθοντο
1419 1962 1473 2026 οἱ
1504 1963 1789 2051 βάρβαροι
1832 1963 1938 2047 τὴν
1983 1960 2387 2048 ἐπιστρατείαν
2431 1967 2535 2028 τοῦ
2579 1961 2761 2027 Γαίου
2793 1997 2873 2008 -
2907 1998 2987 2008 -
3019 1961 3309 2049 ’Τιγράνης

723 2066 897 2137 εὐθὺς
942 2066 1048 2152 μὲν
1093 2065 1200 2130 οὐκ
1243 2063 1696 2151 ἐπρεσβεύσατο,
1742 2071 1847 2131 τοῦ
1877 2066 1943 2131 δὲ
1974 2061 2332 2153 Ἀρταβάζου
2363 2065 2521 2152 νόσῳ
2566 2066 2806 2151 ὕστερον
2849 2067 3310 2151 τελευτήσαντος

723 2171 891 2257 δῶρά
929 2193 995 2234 τε
1039 2176 1128 2257 τῷ
1167 2165 1487 2254 Αὐγούστῳ
1532 2167 1765 2256 ἔπεμψε
1814 2173 1940 2235 κτλ.
1992 2169 2422 2251 fraqmentum
2475 2167 2888 2234 Vrsinianum
2936 2166 3175 2234 Dionis
3212 2168 3306 2236 ed.

721 2270 921 2338 Dind.
972 2270 1037 2337 V
1051 2293 1125 2354 p.
1157 2274 1299 2337 237.
1391 2270 1697 2335 Mortuus
1739 2271 1941 2354 iyitur
1982 2271 2098 2335 sub
2145 2292 2205 2335 a.
2242 2274 2379 2336 753.

847 2374 961 2439 Ad
999 2373 1165 2439 hunc
1193 2372 1625 2457 probabiliter
1665 2373 1912 2438 rettulit
1953 2372 2256 2439 Gardner
2301 2373 2730 2438 Numismatic
2774 2371 3102 2439 Chronicle
3136 2376 3310 2440 1872

726 2500 798 2561 p.
846 2481 972 2542 313
1015 2499 1145 2561 sqq.
1190 2499 1513 2543 nummum
1556 2482 1922 2560 arqenteum
1938 2528 1954 2556 ,
2003 2478 2114 2560 qui
2157 2478 2229 2542 in
2271 2482 2468 2560 parte
2512 2477 2779 2544 adversa
2829 2477 3077 2544 exhibet
3118 2482 3310 2562 caput

720 2581 889 2665 reyis
948 2581 1376 2647 diadematum
1435 2601 1574 2645 cum
1630 2581 2041 2663 inscriptione
2097 2579 2412 2654 Βασιλέως
2453 2579 2741 2669 Μεγάλου
2786 2578 3195 2667 Ἀρταυάσδου,
3237 2579 3310 2647 ’ἰη

723 2704 946 2749 aversa
990 2690 1182 2768 caput
1224 2684 1505 2767 Auyusti
1546 2683 1700 2750 Θεοῦ
1749 2682 2048 2771 Καίσαρος
2093 2682 2444 2772 Εὐεργέτου.

592 2786 717 2852 957
765 2787 1176 2871 Artavasdes,
1226 2810 1345 2853 rex
1373 2785 1723 2853 Armeniae
1752 2797 1817 2853 et
1843 2787 2119 2855 Mediae.
2195 2787 2548 2853 Artavasdi
2581 2787 3064 2853 Monumentum
3092 2785 3307 2872 Ancy-

716 2911 948 2955 ranum
989 2889 1098 2955 lat.
1127 2894 1187 2968 5,
1218 2894 1302 2954 30
1348 2919 1430 2943 -=
1474 2886 1868 2978 Ἀρταουάσδῃ
1915 2889 2058 2974 (sic)
2099 2911 2308 2974 yraec.
2340 2894 2439 2969 15,
2472 2896 2587 2969 11;
2629 2888 2978 2979 Ἀρτάβαζος
3020 2888 3176 2957 Dio.

849 2992 1054 3058 Filius
1100 2992 1530 3059 Ariobarzani
1592 2996 1762 3077 regis
1807 2992 2151 3058 Medorum
2211 3003 2275 3058 et
2316 2993 2816 3072 Armeniorum,
2870 3014 3072 3079 nepos
3111 2991 3305 3060 Arta·

724 3095 940 3161 vasdis
985 3098 1095 3180 (cf.
1125 3118 1187 3162 n.
1217 3100 1376 3182 955),
1408 3105 1555 3182 post
1595 3105 1868 3161 mortem
1911 3097 2115 3181 patris
2160 3096 2243 3162 ab
2287 3094 2587 3180 Augusto
2632 3106 2985 3183 utrumque
3030 3116 3304 3181 regnum

720 3200 970 3285 aec-epit
1002 3198 1292 3263 Monum,
1324 3197 1565 3282 Ancyr.
1599 3197 1639 3263 l.
1670 3197 1733 3275 l.,
1779 3196 1911 3263 Dio
1939 3202 2039 3275 55,
2069 3202 2188 3277 10,·
2231 3198 2608 3263 interfectus
2652 3199 2791 3284 (sub
2828 3199 3020 3283 finan
3052 3200 3310 3285 imerii

722 3301 1026 3385 Auyusti)
1059 3301 1346 3368 Menum.
1378 3300 1619 3383 Aneyr.
1650 3301 1734 3383 cf.
1772 3300 1919 3366 Tac.
1954 3322 2015 3367 a.
2045 3306 2110 3378 2,
2144 3306 2185 3367 4
2219 3299 2593 3385 ‘(Armenii)
2623 3299 3069 3368 Ariobarzane
3099 3312 3306 3369 morte

722 3406 991 3470 fortuita
1033 3404 1379 3490 absumpto
1427 3404 1693 3489 stirpem
1739 3406 1878 3467 eius
1924 3403 2101 3469 haud
2150 3402 2560 3470 toleravere'.

595 3509 718 3575 958
765 3507 1164 3573 Artabasdes
1208 3507 1325 3592 (sic
1367 3506 1692 3589 traditur),
1752 3528 1872 3572 rex
1913 3507 2375 3573 Armeniorum
2434 3505 2770 3589 epistulam
2813 3505 2889 3573 de
2932 3508 3306 3592 captivitate

720 3611 1127 3694 imperatoris
1186 3609 1519 3674 Valeriani
1578 3609 1820 3693 (fictam
1877 3631 1920 3674 a
1972 3608 2285 3676 Trebellio
2324 3607 2639 3693 Pollione)
2697 3609 3025 3694 scripsisse
3069 3610 3304 3676 dicitur

718 3715 782 3778 vi
784 3719 826 3782 t.
873 3712 1205 3779 Valeriani
1242 3717 1301 3777 3.
3304 3780 3309 3785 ,

591 3817 717 3882 959
762 3817 859 3902 [C.
905 3815 1136 3899 Iulius]
1181 3813 1595 3883 Artabasdes.
1694 3813 1942 3880 Titulus
1993 3814 2128 3879 eius
2168 3813 2543 3897 sepulcralis
2585 3815 2638 3880 I
2639 3812 2749 3880 G]
2783 3819 2948 3881 1674
3001 3815 3305 3899 bilinyuis

721 3921 1007 3985 urbanus
1037 3920 1242 3999 (cuius
1273 3917 1608 4002 particula
1647 3922 1838 3982 antea
1883 3916 1987 3983 VI
2007 3921 2172 3983 1798
2200 3917 2371 3983 edita
2405 3915 2553 4000 est):
2595 3917 2796 4002 [Γάιος
2827 3916 3092 4002 ‘lotum
3121 3919 3303 3987 Γαίου

721 4023 973 4112 Φαβ(ίᾳ)
1022 4020 1462 4109 [Ἀρταβάσδη]ς
1522 4017 1914 4108 Ἀρταβάσδου
1980 4068 2166 4086 .....
2222 4020 2408 4105 [ὑ]ιός,
2471 4021 2764 4108 βασιλέως
2811 4018 3304 4109 [Ἀριοβαρζάν]ου

722 4125 947 4203 υἱωνός,
982 4126 1068 4210 [ὃς
1098 4125 1331 4210 ἔζησ]εν
1364 4124 1716 4208 ἑνιαυτ(ο6ς)
1750 4122 1866 4202 w,
1890 4123 1988 4209 [C.
2020 4123 2225 4189 Iulius
2257 4122 2330 4189 C.
2357 4123 2397 4188 f.
2430 4122 2617 4207 Fau]
2643 4122 3057 4207 Artabasdes‚
3093 4124 3303 4208 [Arta-

720 4229 939 4295 basdis
978 4227 1190 4311 fili]us,
1237 4229 1409 4311 regis
1440 4225 1899 4292 Ariobarzanis
1942 4226 2184 4313 [nep08‚
2234 4227 2348 4312 qui
2391 4226 2584 4309 vixi]t
2626 4248 2828 4291 annos
2873 4226 3301 4297 XXXVIIII.

716 4331 898 4414 Quod
923 4331 1176 4396 verbum
1207 4335 1359 4414 post
1390 4327 1780 4418 Ἀρταβάσὸου
1813 4329 2134 4408 exciderit,
2164 4350 2293 4395 non
2338 4328 2563 4411 liquet3
2607 4333 2770 4394 certe
2811 4349 2939 4395 non
2980 4330 3109 4413 fuit
3147 4333 3305 4419 βασι·

724 4435 893 4513 λέως,
925 4433 1094 4517 quod
1107 4433 1412 4516 postponi
1437 4454 1566 4498 non
1583 4433 1817 4515 potuit.
1885 4433 2113 4515 Itaque
2141 4432 2243 4498 hic
2270 4433 2383 4515 qui
2409 4432 2656 4498 Romae
2687 4432 2842 4497 obiit
2875 4432 2993 4498 sub
3036 4433 3305 4517 imperio

719 4537 998 4621 Auyusti
1037 4537 1133 4601 vel
1185 4536 1445 4613 Tiberii,
1503 4556 1766 4618 quorum
1810 4540 2083 4601 aetatem
2126 4535 2376 4601 litterae
2420 4534 2595 4599 tituli
2632 4532 2940 4612 indicant,
2999 4535 3130 4616 fuit
3157 4537 3304 4620 pri-

716 4643 852 4707 vati
905 4639 1177 4705 bominis
1238 4638 1443 4723 filius,
1510 4657 1701 4721 ηφοε
1757 4638 2232 4705 Ariobarzanis
2294 4637 2462 4720 reyis
2517 4636 2782 4703 Mediae
2841 4641 2899 4702 et
2955 4636 3306 4706 Armeniae

720 4745 828 4828 (cf.
873 4743 939 4807 A
981 4742 1151 4825 857),
1209 4745 1282 4807 ut
1335 4740 1602 4806 videtur.
1646 4777 1735 4787 —
1794 4740 2043 4807 Nomen
2094 4739 2484 4825 yentilicium
2539 4760 2616 4804 ecc
2654 4744 2809 4804 nota
2854 4739 3030 4805 illius
3074 4743 3306 4809 aetatis

720 4846 1162 4913 consuetudine
1220 4845 1596 4922 restituitur,
1654 4864 1784 4927 qua
1839 4845 1943 4909 usi
1984 4845 2316 4927 principes
2373 4842 2797 4907 barbarorum
2865 4843 2945 4907 ab
3013 4841 3302 4928 Auyusto

720 4951 972 5015 civitate
1023 4948 1246 5014 donati
1299 4948 1561 5013 nomina
1615 4948 1865 5013 ratione
1921 4967 2193 5012 romana
2243 4947 2627 5029 formarunt,
2687 4945 2771 5026 cf.
2815 4944 3009 5010 veluti
3060 4945 3302 5012 Iulium

715 5052 1226 5117 Ariobarzanem
1255 5049 1527 5116 eiusdem
1554 5050 1777 5133 stirpis
1804 5048 1870 5114 A
1899 5053 2087 5116 857α.
2159 5050 2245 5115 Id
2268 5049 2436 5132 quod
2476 5050 2546 5113 in
2574 5053 2791 5113 nostro
2822 5047 2995 5112 tribu
3023 5047 3307 5133 Auyusti

719 5155 925 5221 Fabia
964 5154 1401 5238 confirmatur.
