3859 5992
580 527 945 585 AEMILIVS
1889 517 1973 583 28
2922 519 3293 578 AEMILIVS

710 726 924 792 nensis
950 724 1162 790 Rcvue
1193 723 1642 807 epimaphique
1686 724 1771 789 clu
1812 723 1974 788 midi
2013 723 2088 788 dc
2132 722 2200 787 la
2226 721 2487 787 Francc
2515 721 2567 786 I
2585 744 2658 804 p.
2690 726 2778 788 26
2817 741 2882 785 n.
2912 724 3011 787 36.
3080 718 3297 785 Potest

706 828 872 894 idem
917 847 1044 893 csse
1088 827 1199 910 qui
1226 826 1579 910 praecedit.

581 940 707 1006 228
750 947 1116 1003 AEMILIVS
1162 947 1756 1021 FRONTINIANVS,
1804 940 1911 1002 vir
1955 936 2380 1018 clarissimae,
2443 947 2755 1023 patronus
2800 935 3045 1000 ordinis
3091 958 3295 1000 sacer·

712 1041 933 1106 dotum
978 1041 1208 1105 domus
1249 1040 1420 1124 Aug.
1466 1039 1803 1106 Palatinae
1845 1050 2058 1105 aetate
2102 1038 2441 1106 Commodi
2488 1037 2592 1103 VI
2608 1044 2780 1104 2010
2826 1061 2868 1102 a
2912 1043 3020 1105 29.

579 1153 705 1219 229
748 1162 1115 1217 AEMILIVS
1162 1160 1624 1235 FRONTINVS,
1690 1148 2038 1237 proconsul
2080 1150 2280 1215 Asiae
2332 1152 2532 1234 (intra
2576 1169 2777 1215 annos
2818 1150 2956 1233 fere
2996 1149 3292 1236 170l190)

705 1255 1090 1338 Apollonius
1133 1254 1308 1338 apud
1347 1254 1697 1319 Eusebium
1738 1253 1883 1319 hist.
1929 1252 2075 1318 eccl.
2113 1258 2172 1330 5,
2208 1256 2307 1331 18,
2339 1257 2398 1320 9.

578 1367 704 1433 230
748 1375 1114 1431 AEMILIVS
1179 1374 1514 1450 FRONTO,
1584 1365 1977 1430 clarissimus
2044 1366 2167 1430 vir.
2276 1364 2384 1429 Ex
2450 1365 2769 1429 sententia
2833 1365 3005 1448 eius,
3073 1376 3295 1452 postea

706 1468 943 1534 deinde
1000 1467 1178 1533 Arrii
1244 1467 1560 1533 Antonini
1626 1466 1705 1532 cl.
1767 1490 1828 1533 V.
1891 1469 1987 1532 rei
2045 1492 2109 1555 p.
2170 1466 2477 1550 Tif(erni)
2532 1465 2884 1551 Tib(erini)
2952 1473 3292 1554 pecuniam

705 1581 1108 1636 numeratam
1167 1592 1307 1636 esse
1362 1576 1749 1636 memoratur
1805 1572 1876 1634 in
1938 1575 1979 1634 t.
2027 1569 2152 1635 iod.
2212 1574 2460 1653 reperto
2517 1591 2695 1652 quem
2753 1569 3085 1654 desempfflft
3127 1571 3290 1637 Bor·

704 1695 901 1738 mann
944 1670 1169 1753 (Grut.
1200 1678 1342 1751 494,
1373 1674 1460 1756 5).
1545 1672 1872 1738 Ium'dicus
1916 1674 2115 1756 fuisse
2159 1672 2422 1737 videtur.

574 1795 695 1860 231
747 1802 812 1860 L.
843 1802 1208 1857 AEMILIVS
1238 1802 1712 1858 HONORATVS.
1789 1792 1992 1858 Tituli
2024 1792 2514 1858 Nemausenses:
2542 1792 2704 1857 XII
2719 1797 2882 1858 3164
2912 1794 3001 1878 (1)
3031 1795 3288 1877 inteyer,

700 1900 861 1962 3165
899 1894 994 1978 (2)
1036 1896 1461 1979 fragmentum
1499 1901 1541 1961 t.
1568 1895 1819 1979 yemelli
1831 1916 1852 1975 ,·
1896 1894 1986 1960 ad
2027 1895 2288 1961 cundem
2318 1896 2641 1978 pertinere
2677 1895 2967 1961 videntur
3008 1899 3292 1981 frustula

705 2004 748 2064 t.
798 1994 1250 2064 Nemausenses
1292 1999 1456 2064 XII
1484 2002 1669 2064 5896.
2861 2009 2869 2016 ·

831 2099 920 2168 Μ.
970 2101 1047 2182 f.‚
1110 2101 1285 2166 tribu
1328 2100 1536 2182 Volt.,
1585 2102 1793 2166 IIIvir
1851 2099 2178 2187 capitalis,
2242 2111 2545 2186 quaestor
2603 2122 2699 2185 pr.
2759 2122 2859 2186 pr.
2915 2104 3291 2188 provinciae

704 2205 894 2268 Ponti
939 2213 1005 2267 et
1047 2203 1431 2289 Bithyniae,
1476 2202 1731 2286 legatus
1777 2201 2235 2289 (proconsulis)
2282 2202 2570 2267 eiusdem
2616 2204 3021 2288 provinciae,
3065 2206 3289 2272 aedilis

703 2305 944 2391 plebis,
990 2315 1281 2392 praetor,
1329 2305 1699 2393 praefectus
1745 2306 2052 2372 frumenti
2099 2305 2295 2370 dandi
2343 2327 2427 2369 ex
2470 2315 2730 2370 senatus
2774 2307 3098 2392 consultO,
3148 2331 3288 2395 pro·

700 2407 926 2474 consul
984 2409 1363 2494 provinciae
1405 2408 1638 2474 Cretae
1699 2419 1763 2474 et
1805 2408 2247 2494 Cyrenarum3
2307 2407 2412 2472 hic
2470 2406 2589 2472 hos
2646 2408 2923 2474 honores
2978 2409 3288 2478 beneficio

703 2512 927 2597 optimi
986 2511 1302 2597 principis
1357 2512 1674 2577 maturius
1720 2533 1911 2598 quam
1957 2534 2076 2598 per
2117 2532 2320 2576 annos
2365 2511 2652 2596 permitti
2698 2509 2892 2595 solet,
2937 2517 3157 2597 gessit.
3208 2554 3288 2564 —-

701 2612 1021 2680 Sacerdos
1064 2612 1304 2677 fetialis
1350 2618 1393 2677 t.
1427 2619 1483 2679 1.
1519 2647 1597 2661 -
1631 2613 1936 2700 Optimus
1973 2616 2275 2700 princeps
2317 2634 2470 2678 num
2513 2610 2921 2695 intelleyatur
2965 2616 3288 2685 Traianus

698 2718 1006 2781 incertum
1050 2720 1160 2780 est.

571 2829 698 2893 232
735 2825 1054 2893 Aemilius
1085 2827 1436 2911 Iucundus‚
1484 2827 1850 2913 praefectus
1892 2825 2032 2892 alae
2070 2830 2361 2914 equitum
2397 2832 2834 2899 Romanorum
2864 2834 3111 2918 Ioseph.
3146 2836 3286 2900 bell.

697 2936 761 3007 2,
793 2934 895 3008 19,
933 2935 989 2994 7.
1060 2930 1383 2994 Incertum
1410 2950 1560 2995 num
1589 2931 1753 2995 idem
1782 2932 1867 2995 sit
1910 2931 2241 2996 Iucundus
2272 2934 2637 3019 praefectus
2668 2936 2811 3002 alae
2839 2937 2968 3002 ibd.
2999 2942 3064 3015 2,
3096 2944 3194 3017 14,
3224 2944 3284 3009 5.

569 3051 696 3115 233
739 3059 1104 3114 AEMILIVS
1150 3059 1454 3131 IVNCVS,
1518 3049 1865 3136 proconsul
1908 3050 2108 3116 Asiae
2151 3060 2538 3120 memoratur
2581 3057 2650 3120 in
2705 3062 2745 3121 t.
2789 3078 3019 3140 yraeco
3073 3059 3285 3144 Thya-

697 3153 900 3217 tireno
957 3151 1247 3217 Bulletin
1307 3152 1381 3218 dc
1435 3174 1598 3218 corr.
1662 3153 1803 3218 hell.
1863 3154 1986 3219 XI
2030 3155 2242 3238 (1887)
2285 3178 2361 3239 p.
2408 3163 2509 3224 99.
2606 3158 2899 3243 Ooyitari
2939 3167 3155 3243 potest
3212 3164 3286 3228 de

697 3256 774 3319 L.
822 3255 1097 3320 Aemilio
1137 3255 1340 3320 Iunco
1380 3255 1477 3319 vel
1518 3255 1592 3320 de
1634 3256 1911 3321 Aemilio
1958 3257 2156 3322 Iunco
2201 3261 2434 3324 aetatis·
2473 3261 2983 3328 Commodianac.

569 3375 698 3440 234
740 3384 1104 3438 AEMILIVS
1161 3384 1430 3439 IVNCVS
1501 3373 1791 3454 (iunctus
1857 3376 2059 3459 libri).
2171 3378 2635 3445 Coniuratione
2701 3384 2966 3448 Paterni
3032 3384 3286 3451 detecta

697 3473 784 3556 (α.
816 3480 964 3562 183)
1008 3479 1075 3541 in
1122 3476 1391 3542 exilium
1436 3479 1562 3542 acti
1608 3489 1761 3544 sunt
1788 3479 2106 3544 Aemilius
2151 3482 2390 3546 Iuncus
2437 3492 2501 3547 et
2528 3482 2768 3549 Atilius
2810 3485 3092 3552 Severus
3137 3511 3283 3554 con·

695 3577 865 3644 sules
903 3582 1012 3645 vit.
1055 3579 1291 3645 Gomm.
1322 3586 1381 3658 4,
1415 3586 1512 3645 11.
1575 3581 1746 3646 Vnde
1784 3583 1854 3647 in
1897 3603 2143 3647 summa
2188 3584 2678 3668 bioyraphorum
2721 3588 3116 3671 neqleqentv'a
3156 3613 3284 3657 non

696 3687 857 3747 certe
899 3681 1295 3748 concluditur
1337 3684 1609 3749 Iuncum
1653 3690 1800 3749 tunc
1845 3685 2157 3750 consulem
2200 3687 2416 3768 fuisse.

566 3802 691 3867 235
738 3812 802 3865 L.
849 3813 1214 3868 AEMILIVS
1261 3813 1568 3889 IVchs‚
1620 3803 1845 3869 consul
1890 3805 2091 3889 (suff.)
2136 3829 2193 3871 a.
2243 3808 2365 3873 127
2411 3831 2558 3873 cum
2607 3809 2759 3877 Sex,
2805 3810 2972 3876 Iulio
3019 3814 3281 3880 Severe.

702 3905 931 3970 Tituli:
970 3906 1323 3971 honoratur
1353 3908 1569 3973 Attico
1603 3907 1758 3974 GIA
1780 3908 1914 3973 III
1939 3912 2075 3973 622
2117 3906 2207 3992 (1)
2251 3930 2431 3993 quem-
2464 3912 2720 3994 publice
2750 3922 3106 3995 posuerunt
3143 3917 3282 3981 Tri-

693 4008 982 4091 politani
1024 4008 1373 4074 Phoenices
1420 4010 1623 4094 leyato
1641 4061 1655 4088 ,
1702 4015 2091 4075 memoratur
2133 4013 2204 4076 in
2249 4012 2578 4095 Spartano
2619 4014 2786 4080 OIG
2829 4022 2992 4083 1346
3034 4020 3150 4099 (2).
3193 4058 3283 4068 -—

689 4111 776 4177 In
834 4112 1164 4177 consulatu
1223 4142 1307 4166 =
1364 4113 1442 4178 L.
1508 4113 1826 4179 Aemilius
1885 4114 2129 4178 Iuncus
2189 4115 2322 4180 III
2372 4116 2525 4199 dvij.
2587 4118 2718 4183 mil.
2765 4149 2850 4173 =
2893 4120 3063 4204 Ffflh.
3110 4144 3203 4205 ep.
3241 4128 3282 4188 4

686 4235 758 4296 p.
806 4218 960 4292 181,
1008 4214 1326 4280 Aemilius
1372 4216 1615 4281 Iuncus
1660 4216 1905 4299 Digest.
1951 4221 2052 4293 40,
2107 4220 2166 4293 5,
2209 4221 2322 4294 28,
2366 4223 2441 4294 4,
2504 4242 2712 4305 nuper
2771 4222 3035 4288 consule
3079 4225 3281 4290 Iunco

691 4317 976 4386 Juvenal.
1009 4322 1107 4396 15,
1138 4322 1247 4396 27,
1294 4330 1556 4385 senatus
1602 4318 1969 4384 consultum
2014 4320 2399 4385 Iuncianum
2429 4320 2676 4405 Diycst.
2713 4329 2813 4402 40,
2851 4328 2911 4402 5,
2957 4331 3056 4403 51,
3101 4332 3163 4392 8.
3195 4365 3282 4373 —

691 4418 1010 4486 Aemilius
1044 4422 1285 4487 Iuncus
1333 4427 1375 4487 t.
1409 4428 1465 4487 1.
1508 4428 1574 4489 2.

818 4523 1087 4609 Origine
1128 4524 1572 4611 Tripolitanus
1619 4531 1661 4589 t.
1695 4531 1752 4593 1.
1842 4525 2130 4609 Legatus
2169 4526 2343 4611 Aug.
2391 4551 2485 4612 pr.
2533 4551 2628 4613 pr.
2677 4534 2718 4597 t.
2754 4535 2793 4594 1
2838 4533 2869 4595 ὅ
2916 4533 3282 4621 δικαιοδότης

691 4633 732 4695 t.
780 4633 862 4707 2;
905 4628 1072 4710 quod
1114 4650 1255 4694 cum
1297 4628 1612 4713 Boryhesz’
1653 4650 1795 4711 opp.
1845 4627 1908 4692 V
1942 4634 2022 4692 '70
2081 4632 2534 4712 vntcrprctaius
2591 4637 2746 4697 esset
2804 4633 3078 4717 loquium
3125 4658 3278 4719 pro-

687 4731 961 4796 consulis
1022 4731 1346 4809 Achaiae,
1416 4732 1865 4814 Dittmberqer
1919 4731 2088 4814 Eph..
2152 4755 2243 4817 cp.
2292 4733 2343 4796 I
2376 4755 2447 4816 p.
2490 4739 2623 4799 247
2660 4754 2788 4817 sqq.
2851 4735 3281 4802 demonstrare

688 4835 931 4899 studuit
983 4835 1254 4918 loquium
1314 4837 1573 4900 missum
1630 4834 1718 4898 ad
1776 4835 2215 4916 corriycnclum
2257 4840 2492 4899 statum
2538 4838 2888 4902 cim'tat‘ium
2934 4839 3277 4905 liberarum

686 4938 980 5003 Achaiae
1009 4939 1387 5021 scynificam'.
1465 4937 1710 5003 Contra
1741 4937 1907 5002 diunt
1938 4937 2293 5002 Mommsen
2325 4939 2724 5004 Staatsrccht
2751 4940 2874 5005 11³
2906 4945 3031 5007 858
3060 4943 3207 5007 adn.
3234 4949 3283 5008 2

682 5047 742 5105 ct
783 5043 1027 5106 monuit
1068 5041 1215 5124 fieri
1244 5042 1546 5124 potuisse,
1593 5047 1667 5105 ut
1695 5062 1823 5124 per
1850 5040 1922 5104 id
1961 5041 2276 5124 temporis,
2326 5062 2461 5104 cum
2496 5041 2737 5106 Iuncus
2778 5043 3088 5126 leyationc
3130 5047 3279 5128 fun-

676 5150 932 5228 9eretur
949 5195 964 5221 ,
1028 5144 1289 5210 Achaia
1349 5150 1505 5210 esset
1550 5145 1892 5228 movinm'u
1944 5143 2354 5227 Ῑὶνίηοῂναῑίε.
2476 5143 2560 5207 In
2613 5166 2681 5207 rc
2736 5146 2984 5212 ineerta
3041 5153 3278 5211 certum
