3859 5992
515 568 887 624 cmvmvs
992 555 995 559 ’
1809 559 1928 624 351
2857 565 3227 621 anvmvs

643 769 802 831 1615
833 766 949 848 (2),
1006 765 1118 845 qui
1172 763 1243 829 in
1291 764 1484 828 vicem
1528 764 1589 829 ei
1630 763 1945 829 dedicavit
1989 760 2089 829 CI
2090 761 2151 828 G
2193 761 2416 829 2805b
2463 761 2590 844 (3);
2632 768 3018 828 memoratur
3067 764 3138 827 in
3183 769 3225 828 t.

640 867 1055 932 consobrinae
1098 865 1197 931 CI
1198 865 1260 931 G
1297 865 1523 931 2819b
1555 865 1726 930 Add.
1759 888 1834 948 p.
1861 870 2021 932 1115
2051 895 2133 919 =
2168 864 2867 949 Lebas-Waddinyton
2907 871 3075 932 1597
3116 868 3226 949 (4).

771 970 847 1036 L.
910 967 1223 1034 Claudius
1283 967 1543 1032 Attalus
1601 972 1642 1031 t.
1684 974 1754 1044 1,
1817 970 1934 1033 ubi
1989 989 2129 1032 eum
2186 966 2442 1032 Boeokh
2500 968 2846 1052 exemplum
2903 969 3232 1036 Fellowsii

639 1077 888 1137 secutus
931 1069 1225 1135 edidisset
1269 1069 1551 1158 Τιβέριον,
1601 1069 2033 1153 Waddinyton
2076 1091 2153 1135 eoe
2196 1070 2475 1153 exemplo
2502 1069 2840 1155 Deerinyii
2880 1073 3227 1138 emendavit

637 1174 921 1255 Λούκιονς
966 1172 1227 1239 Attalus
1273 1178 1316 1238 t.
1352 1180 1417 1240 2.
1462 1178 1521 1240 3.
1565 1179 1627 1239 4.

770 1276 1045 1360 Origine
1097 1275 1626 1361 Aphrodisiensis
1689 1281 1731 1341 t.
1769 1282 1843 1352 1,
1907 1274 2079 1340 filius
2136 1276 2212 1342 L.
2259 1274 2526 1340 Antonii
2592 1276 2847 1342 Claudii
2898 1279 3223 1344 Dometini

644 1380 961 1463 Diogenis
1008 1385 1050 1445 t.
1084 1386 1141 1456 1,
1189 1390 1452 1445 senator
1497 1384 1538 1443 t.
1579 1384 1638 1444 1.
1685 1384 1746 1456 3,
1794 1378 1999 1443 frater
2028 1377 2287 1443 Claudii
2320 1379 2635 1463 Diogenis
2677 1384 2718 1445 t.
2763 1385 2828 1446 2.
2873 1386 2935 1448 3.
2974 1386 3035 1457 4,
3081 1402 3227 1444 eon-

644 1482 944 1547 sobrinus
982 1481 1296 1549 Claudiae
1337 1481 1664 1547 Antoniae
1707 1480 2024 1547 Tatianae
2068 1486 2110 1545 t.
2148 1486 2207 1548 4.
2292 1481 2392 1563 Cf.
2438 1504 2502 1547 n.
2535 1488 2675 1552 650.

514 1602 642 1667 652
687 1611 783 1666 TI.
819 1602 1249 1684 GL(AVD1VS)
1282 1610 1642 1682 ATTALVS,
1690 1600 2083 1688 συνκλητικός,
2133 1611 2318 1686 pater
2347 1600 2620 1665 Achillis
2664 1604 2877 1668 mariti
2916 1602 3230 1668 Tatianae

644 1703 745 1770 01
746 1703 807 1769 G
852 1709 1025 1771 2831
1069 1710 1113 1770 t.
1158 1704 1699 1788 Aphrodisiensis.
1791 1703 1891 1786 Cf.
1936 1725 2001 1770 n.
2030 1708 2172 1771 650.

515 1825 641 1889 653
688 1833 1059 1889 CLAVDIVS
1093 1834 1434 1888 ATTALVS
1475 1832 2117 1903 PATERCVLIANVS,
2166 1822 2540 1904 comnlariz,
2591 1847 2849 1910 praeses
2882 1826 3231 1911 Bithyniae

642 1928 711 1990 in
755 1931 798 1990 t.
839 1947 1067 2011 yraece
1107 1928 1344 2010 scripto
1398 1927 1722 1993 Trallibus
1764 1930 2013 2009 rcperto
2054 1927 2135 2008 ef.
2181 1947 2243 1993 n.
2275 1930 2415 1991 650.

518 2048 642 2111 654
688 2057 782 2113 ΤΙ.
833 2055 1206 2110 CLAVDIVS
1253 2056 1568 2111 ATTICVS
1617 2055 1991 2127 HERODES,
2042 2057 2227 2132 pater
2267 2047 2366 2110 Ti.
2400 2045 2656 2111 Claudii
2703 2047 2904 2113 Attici
2955 2047 3230 2111 Herodis

644 2149 927 2213 consulis
966 2173 1023 2216 a.
1057 2152 1192 2216 143.
1278 2150 1477 2215 Tituli
1506 2151 1727 2233 patris
1770 2155 1828 2212 et
1870 2149 1999 2233 filii
2040 2149 2426 2232 coynominis
2454 2150 2758 2230 quomodo
2806 2150 3236 2231 distinquendi

640 2253 788 2327 sint,
820 2272 958 2316 cum-
989 2258 1180 2317 antea
1207 2254 1336 2316 viri
1364 2253 1533 2317 docti
1561 2253 1635 2315 de
1672 2274 1749 2316 ea
1787 2273 1856 2315 re
1889 2251 2156 2315 multum
2201 2253 2570 2333 erraverint,
2611 2273 2780 2316 nuno
2811 2258 2853 2317 t.
2891 2252 3234 2335 Olympieis

644 2359 703 2418 et
729 2354 1041 2420 Eleusino
1074 2356 1280 2438 (infra
1318 2378 1380 2423 n.
1411 2356 1514 2437 15)
1547 2356 1813 2438 repertis
1843 2356 1939 2419 ita
1969 2359 2232 2431 constat,
2273 2358 2345 2417 ut
2376 2354 2451 2418 de
2469 2356 2705 2438 paucis
2748 2360 2989 2419 tantum
3036 2357 3237 2438 iisque

645 2458 890 2522 mutilis
938 2457 1198 2522 dubium
1240 2464 1515 2535 maneat,
1564 2459 1652 2523 ad
1688 2464 1903 2522 utrum
1946 2458 2265 2538 referendi
2305 2458 2451 2522 sint.
2526 2458 2619 2523 Et
2661 2458 2713 2520 ii
2753 2459 3001 2539 quidem-
3047 2459 3233 2539 tituli,

642 2561 759 2624 ubi
783 2566 1085 2642 quattuor
1111 2563 1371 2625 nomina
1402 2562 1624 2644 posita
1660 2566 1824 2637 sunt,
1872 2582 2251 2642 quamquam
2283 2582 2407 2642 per
2435 2582 2500 2623 se
2531 2561 2618 2623 ad
2643 2567 2974 2643 utrumque
3001 2562 3239 2644 referri

641 2668 912 2747 possunt
931 2714 946 2735 ‚
1010 2668 1219 2727 tamen
1265 2663 1416 2728 aliis
1459 2664 1647 2727 rebus
1691 2669 1804 2727 aut
1835 2665 2028 2746 patri
2070 2667 2182 2726 aut
2225 2662 2362 2745 filio
2407 2664 2861 2732 attribuuntur.
2952 2664 3235 2729 Ceterum-

646 2770 854 2829 autem
911 2768 981 2830 in
1043 2771 1085 2832 t.
1134 2786 1361 2847 yraeoe
1418 2767 1674 2849 seriptis
1725 2770 1915 2848 pater
1971 2765 2205 2829 dieitur
2259 2765 2361 2830 Ti.
2419 2764 2732 2830 Claudius
2792 2766 3050 2832 Atticus
3108 2770 3236 2831 sire

645 2867 961 2934 Claudius
995 2869 1252 2934 Atticus
1297 2870 1427 2932 sive
1455 2868 1746 2949 Atticu83
1794 2873 2019 2932 eontra
2062 2867 2236 2949 filins
2280 2866 2379 2932 Ti.
2414 2866 2729 2933 Claudius
2769 2870 3064 2934 Herodes
3109 2872 3237 2933 sire

648 2969 959 3036 Claudius
992 2970 1285 3036 Herodes
1329 2972 1458 3033 sive
1493 2970 1863 3053 plerumque
1909 2969 2222 3054 HerodeS,
2272 2971 2363 3033 ita
2399 2976 2471 3034 ut
2501 2971 2605 3035 illi
2641 2971 3032 3037 Graecorum
3064 2996 3236 3038 more

644 3094 869 3138 nomen
914 3072 1281 3156 principale
1336 3073 1662 3152 Atticum,
1728 3073 1873 3137 huic
1934 3072 2260 3137 Herodem
2329 3073 2526 3155 fuisse
2590 3081 2922 3156 appareat.
3016 3076 3233 3158 Neque

648 3176 897 3240 omnino
954 3176 1060 3241 illi
1116 3175 1316 3252 tituli,
1378 3177 1603 3257 quibus
1662 3174 1941 3240 consides
2003 3196 2060 3240 a.
2109 3179 2230 3239 143
2296 3174 2384 3239 ad
2447 3197 2685 3240 annum
2742 3178 3230 3261 significandum

647 3277 1028 3356 afferuntur,
1088 3279 1228 3343 ulla
1269 3280 1521 3343 ratione
1564 3278 1665 3342 hie
1716 3280 1786 3343 in
1829 3299 2077 3343 comum
2120 3279 2377 3343 veniunt
2393 3329 2408 3355 ,
2467 3280 2583 3343 ubi
2625 3279 2699 3344 de
2745 3281 2948 3345 titulis
2985 3282 3236 3363 yraeeis

645 3382 920 3446 hominis
959 3382 1286 3463 utrimque
1331 3382 1564 3464 ayitur.

778 3484 972 3548 Patri
999 3486 1206 3566 positi
1243 3489 1391 3549 sunt
1403 3505 1423 3548 .·
1469 3482 1623 3549 CIA
1654 3484 1788 3549 III
1816 3488 1860 3548 3
1903 3484 1992 3567 (1)
2038 3484 2349 3549 decretum
2382 3483 2713 3567 publicam
2757 3484 3232 3551 Atheniensium

647 3588 716 3651 in
775 3587 1071 3651 honorem
1125 3589 1261 3651 eius
1319 3592 1376 3649 et
1437 3587 1752 3651 Vibulliae
1810 3588 2033 3651 uxoris
2098 3587 2376 3668 facttum·
2434 3587 2672 3670 phylae
2728 3589 2987 3653 Atticae
3020 3604 3023 3607 ’
3054 3590 3113 3653 ei
3176 3595 3232 3653 et

643 3692 836 3755 uxori
879 3695 1235 3772 posuerunt
1289 3690 1507 3755 titulos
1565 3689 1776 3754 eodem
1821 3689 2004 3754 modo
2050 3694 2374 3773 conceptos
2392 3741 2407 3767 ‚
2461 3711 2725 3772 quomam
2771 3693 2976 3774 ipsius
3018 3696 3236 3756 eattant

654 3798 698 3857 t.
746 3790 903 3861 CIA
946 3798 1067 3859 669
1110 3793 1225 3878 (2),
1272 3813 1451 3874 quem
1497 3792 1810 3857 dedicavit
1851 3796 1889 3877 ᾖ
1937 3791 2335 3878 Π[τολε]μαι’ς,
2389 3797 2512 3858 670
2557 3793 2665 3876 (3),
2712 3815 2891 3876 quem
2935 3797 2972 3879 4,
3020 3796 3236 3881 Οἰνηίς.

648 3901 769 3960 671
799 3893 887 3976 (4)
935 3917 1112 3978 quem
1144 3899 1182 3981 ἡ
1213 3897 1546 3982 Κεκρωπίς,
1585 3900 1714 3961 672
1742 3894 1851 3980 (5),
1897 3917 2079 3976 quem
2117 3899 2154 3981 4,
2190 3893 2483 3982 Ἀντιοχίς.
2530 3902 2650 3960 673
2679 3896 2785 3977 (6),
2834 3918 3008 3977 quem
3043 3896 3238 3980 phylo

650 4000 829 4062 euius
885 4018 1111 4062 nomen
1157 3999 1392 4079 peri',2t
1457 3999 1679 4062 uxoris
1736 4002 1855 4062 674
1898 3999 2013 4084 (7),
2075 4020 2255 4080 quem
2306 4003 2341 4084 4,
2390 3999 2766 4075 Πανὸειονίςς
2828 4003 2864 4084 ἡ
2912 4002 2971 4070 ἐξ
3019 3997 3237 4088 Ἀρείου

653 4101 870 4188 ‘stoi-dou
933 4100 1144 4186 §obl-J,
1205 4104 1301 4166 καὶ
1359 4104 1396 4187 ἡ
1445 4104 1631 4189 βουλὴ
1677 4109 1794 4167 τῶν
1842 4102 2164 4172 ἑξακοσίων
2212 4104 2384 4183 (ante
2430 4107 2685 4178 α.12()
2731 4105 2826 4167 καὶ
2869 4104 2901 4167 ὁ
2950 4105 3236 4187 &fiunem

651 4209 997 4286 posuemnt
1056 4201 1209 4268 CIA
1268 4204 1398 4269 III
1443 4209 1563 4269 665
1621 4205 1746 4287 (8),·
1827 4203 2224 4286 Gythiatium
2310 4205 2532 4269 ei'mtas
2605 4206 2666 4268 ei
2730 4207 2950 4287 posuit
3017 4156 3242 4287 Gythii

651 4311 694 4371 t.
725 4305 1254 4371 Lebas-Foueart
1287 4306 1379 4371 II
1393 4307 1584 4372 243ᾱ
1610 4308 1722 4392 (9),
1756 4306 2027 4371 Athenis
2059 4304 2211 4371 CIA
2245 4307 2375 4371 III
2395 4311 2516 4371 668
2546 4307 2714 4391 (10),·
2763 4307 3237 4389 Megarensium

650 4409 876 4472 civitas
921 4408 1215 4491 Meyaris
1259 4409 1557 4492 Inscript.
1602 4409 1918 4474 Graeciae
1952 4409 2123 4491 Sept.
2162 4410 2211 4474 I
2242 4413 2330 4471 88
2375 4410 2540 4493 (11),·
2585 4412 2650 4475 τὸ
2697 4412 2889 4476 κοινὸν
2937 4410 3236 4496 συνέδριον

649 4518 768 4576 τῶν
803 4509 1121 4595 Ἑλλήνων
1152 4519 1269 4576 τῶν
1304 4514 1384 4582 εἰς
1431 4511 1707 4599 Πλατηὰς
1753 4513 2069 4579 συνιόντων
2121 4512 2493 4577 Thebanum
2534 4512 2660 4578 iba.
2695 4513 2746 4577 I
2769 4518 2940 4579 2509
2967 4512 3121 4597 (12).
3157 4549 3238 4559 —-

654 4616 1051 4680 memoratur
1094 4614 1164 4677 in
1209 4618 1252 4678 t.
1284 4614 1499 4677 Attico
1532 4613 1687 4679 OIA
1717 4615 1850 4680 III
1873 4620 1998 4679 476
2013 4615 2155 4698 (13)
2201 4617 2295 4680 ἐπὶ
2329 4615 2539 4701 ἱερέως
2584 4614 2942 4699 Κλ(αυὸίου)
2988 4613 3237 4707 ’Ammo

650 4720 1052 4803 αὐτοκράτορα
1084 4714 1382 4802 Ἁδριανὸν
1417 4716 1720 4804 Σεβαστὸν
1756 4715 2100 4803 Ὀλύμπιον,
2134 4719 2242 4799 qui
2273 4722 2313 4783 t.
2337 4723 2603 4801 propter
2633 4739 2937 4801 aynomen
2964 4718 3243 4801 Olympii

647 4841 776 4886 non
821 4825 967 4883 onte
1009 4841 1068 4887 a.
1094 4824 1221 4885 129
1258 4820 1508 4901 positus
1551 4824 1642 4883 est
1686 4822 1772 4900 ef.
1801 4818 2005 4896 Diirr,
2053 4820 2152 4884 die
2198 4820 2431 4886 Rei-'sen
2470 4821 2576 4886 des
2617 4822 2890 4885 Kaisers
2933 4820 3239 4886 Hadrian

645 4947 718 5007 p.
742 4929 841 4999 44,
875 4924 944 4986 in
985 4927 1026 4989 t.
1065 4921 1426 4986 Herodiani
1451 4921 1595 5005 filii,
1642 4942 1820 5003 quem
1865 4926 1901 5008 4,
1950 4922 2116 4994 πόλις
2150 4921 2486 5011 Ἰουλιητῶν
2532 4925 2601 4988 ‘in
2648 4922 2773 4988 Cea
2817 4923 3027 4988 insula
3074 4922 3240 4986 dedi-

648 5027 813 5091 carit
845 5024 946 5089 CI
947 5024 1008 5089 G
1037 5028 1207 5090 2371
1238 5023 1387 5107 (14),
1433 5026 1504 5088 in
1549 5029 1591 5089 t.
1623 5023 1940 5089 Eleusino
1978 5026 2258 5090 Herodis
2299 5027 2427 5110 filii
2456 5024 2785 5114 Ἐφῃμερὶς
2816 5028 3238 5114 ἀρχαιολογική

650 5133 818 5193 1894
854 5150 929 5210 p.
955 5128 1148 5193 ‘eoea
1192 5126 1339 5211 (15).
