3859 5992
690 569 951 626 APPIVS
1983 561 2015 625 1
2027 562 2059 626 1
2069 561 2107 627 7
2982 569 3361 626 APPVLEIV
3364 571 3401 626 S

693 768 819 833 764
860 778 928 835 L.
989 776 1251 831 APPIVS
1310 775 1659 831 MAXIMVS
1718 776 2141 832 NORBANVS.
2244 767 2320 834 L.
2380 767 2632 854 Appius
2688 767 3017 833 Maximus
3076 767 3258 833 Plin.
3318 766 3408 832 acl

826 870 1090 935 Traian.
1149 874 1258 947 58,
1316 875 1357 935 6
1380 920 1396 947 ,
1470 869 1816 935 Norbanus
1876 870 1954 934 L.
2016 870 2270 956 Appius
2331 869 2555 953 (Viet.)
2615 870 2914 953 F42itome
2971 876 3084 948 11,
3147 871 3402 957 Appius

818 973 1150 1038 Maximus
1189 972 1293 1038 VI
1309 976 1490 1050 1347,
1524 972 1600 1037 L.
1631 972 1960 1037 Maximus
1990 971 2123 1037 Dio
2145 977 2247 1049 67,
2277 977 2378 1050 11,
2409 972 2756 1039 Norbanus
2790 973 3090 1038 Martial.
3124 978 3183 1051 9,
3214 977 3315 1051 84,
3341 979 3399 1037 1.

945 1075 1299 1141 Proconsul
1325 1074 1672 1157 Bithyniae
1700 1076 1898 1156 fuisse
1940 1075 2186 1139 videtur
2230 1096 2307 1139 ex
2347 1074 2619 1158 epistula
2648 1074 3014 1140 Domitiani
3040 1076 3214 1141 Plin.
3248 1075 3288 1141 l.
3325 1075 3404 1154 l.;

820 1199 940 1244 cos.
972 1178 1024 1242 I
1041 1176 1344 1257 suffectus
1388 1198 1557 1242 anno
1599 1178 1871 1255 incerto,·
1911 1177 1990 1244 L.
2023 1176 2383 1242 Antonium
2415 1176 2836 1243 Saturninum
2880 1201 2935 1242 a.
2967 1179 3160 1243 88s89
3198 1177 3401 1244 rebel·

817 1280 1059 1347 lantem
1103 1280 1347 1345 devicit
1388 1279 1541 1357 Dio,
1587 1280 1902 1362 Epitome‚
1953 1280 2295 1345 Martialis
2338 1280 2379 1344 l.
2426 1279 2489 1358 l„
2539 1280 2641 1345 VI
2676 1285 2850 1359 1347,
2915 1281 3066 1346 inde
3122 1303 3241 1367 per
3285 1303 3403 1346 sex

819 1406 1021 1449 annos
1066 1384 1274 1448 Roma
1326 1382 1492 1447 afuit
1535 1381 1876 1447 Martialis
1919 1403 1974 1449 v.
2022 1387 2217 1459 9-10‚
2278 1404 2405 1448 eos.
2453 1383 2521 1446 II
2575 1381 2878 1462 suffectus
2940 1404 3107 1448 anno
3163 1384 3406 1448 incerto

823 1486 924 1552 VI
955 1491 1136 1551 1347.
1180 1520 1269 1530 -—
1314 1532 1495 1550 .....
1526 1483 1637 1549 llia
1680 1484 1901 1567 (uxor)
1950 1484 2051 1550 VI
2083 1489 2265 1549 1347.

953 1590 1089 1671 Quo
1131 1608 1385 1652 munere
1417 1586 1679 1670 publico
1726 1586 2075 1651 Norbanus
2133 1608 2201 1652 eo
2258 1591 2556 1670 tempore,
2611 1608 2750 1651 eum
2795 1590 3136 1653 exereitum
3181 1593 3403 1653 eontra

818 1692 1169 1757 Antonium
1201 1690 1467 1766 duceret,
1500 1690 1756 1772 functus
1790 1690 1892 1766 sit,
1941 1710 2017 1754 ex
2046 1690 2417 1754 testimoniis
2444 1711 2605 1773 quae
2636 1695 2853 1755 eoetant
2886 1690 3146 1774 definiri
3170 1692 3403 1774 nequit.

834 1793 1004 1861 Vnde
1036 1793 1158 1858 alii
1185 1792 1323 1857 alia
1352 1792 1745 1856 coniecerunt
1783 1792 1864 1873 ef.
1895 1790 2269 1868 Mommsen,
2302 1791 2638 1857 Ro'misehe
2671 1792 3040 1858 Gesehiehte
3084 1793 3147 1858 V
3155 1814 3230 1876 Ρ.
3262 1798 3402 1871 137,

821 1898 1084 1963 Hermes
1111 1895 1296 1961 XIX
1329 1894 1541 1977 (1884)
1573 1916 1647 1977 Ρ.
1674 1899 1802 1958 437
1824 1914 1974 1976 sqq„
2021 1893 2454 1959 Friedlander
2497 1894 2586 1959 ad
2615 1895 2918 1959 Martial.
2966 1895 3006 1963 l.
3055 1895 3096 1960 l.
3186 1896 3406 1979 Neque

816 2000 1080 2083 teyulae,
1128 2019 1289 2082 quae
1319 1996 1751 2081 probabiliter
1794 1996 1882 2061 ad
1921 1995 2087 2061 hune
2129 2000 2515 2079 referuntur,
2563 2019 2697 2062 rem
2724 1998 2812 2063 ad
2839 1997 3145 2080 liquidum
3163 1999 3404 2081 perdu-

814 2108 1044 2169 xerunt
1084 2102 1430 2184 inscriptae
1459 2100 1582 2183 leg.
1613 2099 1778 2164 VIII
1811 2099 1981 2182 Aug.
2018 2100 2092 2164 L.
2125 2098 2338 2186 Appio
2385 2098 2673 2183 leg(ato)‚
2719 2122 2883 2182 quae
2923 2106 3212 2183 repertae
3254 2108 3402 2167 sunt

818 2209 877 2269 et
905 2226 1115 2288 prope
1142 2203 1484 2269 Dibionem
1527 2205 1597 2267 in
1636 2202 1769 2267 loeo
1801 2203 2109 2267 Mirebau
2137 2223 2251 2267 sur
2279 2201 2464 2281 Bere,
2510 2204 2621 2285 qui
2650 2203 2821 2267 loeus
2848 2204 2978 2286 fuit
3017 2203 3405 2270 Germaniae

814 2309 1182 2392 superiom's‘,
1215 2312 1276 2373 et
1303 2308 1372 2371 in
1399 2307 1761 2390 Aquitania
1792 2307 1875 2387 cf.
1910 2306 2162 2371 Mowat
2188 2305 2479 2372 Bulletin
2508 2306 2958 2389 epiyraqohique
2989 2306 3065 2371 de
3095 2307 3163 2371 la
3195 2306 3405 2372 Gaule

817 2411 951 2476 III
975 2409 1186 2494 (1883)
1218 2433 1292 2495 Ρ.
1322 2415 1458 2476 223
1498 2430 1627 2493 sqq.
1673 2404 1725 2474 I
1731 2409 1794 2474 V
1817 2410 2030 2496 (1884)
2062 2431 2137 2492 Ρ.
2168 2414 2282 2476 22.
2328 2413 2408 2474 65
2436 2430 2566 2492 sqq.
2660 2410 2833 2474 Nam
2881 2409 2970 2473 ad
3010 2410 3401 2493 leyationem,

815 2535 1004 2596 quam
1045 2513 1335 2579 Antonio
1380 2512 1614 2578 demeto
1661 2511 2013 2577 Norbanus
2055 2513 2345 2594 suscepit,
2393 2513 2606 2595 aptius
2645 2512 2799 2577 illae
2847 2513 3232 2595 referuntur.

690 2615 812 2682 765
848 2616 1107 2702 Appius
1124 2616 1537 2699 Quintianus,
1558 2618 1804 2679 amicus
1821 2613 2058 2700 Apulei
2075 2614 2732 2699 MadaurensisApul.
2750 2615 3047 2698 apoloqia
3058 2620 3159 2683 57.
3173 2619 3276 2681 58.
3298 2620 3402 2682 72.

689 2719 814 2785 766
848 2728 1112 2785 APPIVS
1160 2728 1494 2800 SABINVS,
1538 2717 1892 2782 consularis
1935 2717 2280 2783 honoratus
2307 2717 2489 2783 titulo
2518 2718 2842 2802 Olympico
2871 2718 3405 2802 Arehdoloyisehe

817 2822 1088 2906 Zeituny
1130 2820 1540 2887 XXXVIII
1574 2820 1790 2907 (1880)
1819 2843 1892 2904 Ρ.
1921 2825 2005 2886 56
2047 2841 2111 2885 n.
2140 2824 2279 2903 345.

690 2925 811 2991 767
855 2926 1111 3013 Appius
1171 2924 1452 2990 Sabinus
1510 2929 1898 2989 memoratur
1941 2924 2012 2988 in
2056 2923 2275 2988 tabula
2318 2923 2729 2988 alimentaria
2773 2924 3047 2990 Veleiate
3085 2924 3207 2990 XI
3236 2930 3406 2991 1142

798 3050 871 3112 Ρ.
917 3034 978 3106 3,
1022 3018 1138 3094 4'0:
1178 3026 1507 3109 fund(um)
1553 3025 1952 3092 Baebianum
2005 3026 2409 3107 Flavianum,
2458 3028 2571 3113 qui
2620 3038 2716 3092 est
2747 3029 2812 3091 in
2845 3026 3219 3092 Placentino
3252 3047 3400 3113 pag.

809 3129 1224 3196 Vercellense
1268 3130 1652 3213 adf(inibus)
1693 3131 1906 3216 Appio
1956 3128 2193 3195 Sabino
2244 3139 2309 3193 et
2356 3130 2448 3197 M.
2492 3131 2758 3195 Minicio
2806 3141 2869 3195 et
2911 3129 3230 3216 pop(ulo).

685 3232 810 3299 '768
855 3234 962 3316 (L.
1021 3234 1303 3321 Appius)
1364 3233 1644 3300 Sabinus
1700 3237 2089 3297 memoratur
2145 3234 2215 3297 in
2267 3232 2449 3298 titulo
2496 3232 2838 3299 Veronensi
2886 3234 2964 3298 L.
3011 3233 3211 3320 Appii
3255 3231 3404 3299 Cin·

813 3338 989 3401 nami
1034 3336 1249 3402 liberti
1297 3336 1360 3400 V
1387 3338 1574 3404 3352.

705 3475 791 3486 --
855 3436 1161 3504 Aurelius
1204 3437 1460 3524 Appius
1507 3437 1808 3503 Sabinus.

687 3543 813 3610 769
855 3551 1018 3609 SEX.
1065 3540 1368 3626 [APPIVS]
1418 3550 1778 3605 SEVERVS.
1875 3540 2157 3606 Titulum
2201 3542 2261 3605 ei
2302 3540 2615 3605 dedicarit
2666 3539 2927 3626 [Appia]
2974 3540 3219 3607 Severa
3258 3541 3403 3625 filia

815 3645 919 3713 VI
955 3648 1117 3709 1348
1160 3646 1269 3730 (1),
1312 3648 1700 3709 memoratur
1740 3645 1810 3707 in
1855 3643 2041 3708 titulo
2082 3643 2260 3727 filiae
2304 3643 2591 3707 dedicato
2637 3642 2738 3708 VI
2768 3648 2929 3708 1349
2975 3643 3091 3726 (2).

947 3748 1119 3832 [Sex.
1170 3746 1445 3833 Appius]
1494 3747 1777 3813 Severus
1823 3751 1866 3813 t.
1913 3752 1988 3825 1,
2036 3746 2189 3813 Sex.
2231 3746 2309 3829 f.‚
2361 3745 2534 3810 tribu
2580 3744 2780 3829 volt„
2843 3746 2979 3811 IIII
2997 3745 3101 3809 vir
3144 3748 3400 3811 viarum

817 3850 1271 3923 curandarum,
1299 3849 1604 3914 tribunus
1635 3849 1915 3914 militum
1949 3848 2221 3933 legionis
2251 3850 2350 3915 III
2378 3847 2689 3931 Gallicae,
2716 3859 3021 3934 quaestor
3051 3849 3150 3932 [T.
3176 3847 3398 3934 Ves]p.

817 3951 1118 4020 Caesaris
1150 3953 1434 4036 Augusti
1467 3951 1577 4035 fili,
1612 3951 1851 4017 sodalis
1881 3951 2095 4017 Titius
2127 3957 2169 4015 t.
2195 3956 2252 4018 1.
2284 3988 2361 3997 —
2395 3950 2611 4037 Appia
2634 3950 2789 4016 Sex.
2818 3949 2864 4015 f.
2899 3951 3143 4017 Severa
3174 3955 3217 4015 t.
3241 3956 3302 4016 1.
3331 3955 3399 4018 2.

707 4093 795 4103 -·
858 4066 924 4121 C.
969 4065 1338 4120 OCTAVIVS
1384 4064 1646 4119 APPlVS
1695 4064 2058 4120 SVETRIVS
2107 4063 2442 4122 SABINVS.

689 4159 816 4226 770
859 4159 1150 4245 (Appia),
1202 4158 1545 4243 ‘quaedam
1592 4157 1672 4222 de
1716 4180 1987 4223 numero
2027 4158 2402 4223 Lamiarum
2447 4180 2524 4222 ac
2566 4157 2844 4221 nominis
2889 4156 3112 4242 Appi‘,
3160 4155 3403 4222 femina

814 4260 1048 4327 nobilis
1104 4282 1323 4326 amore
1378 4258 1690 4326 Pollionis
1749 4260 2106 4326 citharoedi
2165 4261 2428 4324 incensa
2483 4258 2770 4326 Iuvenal.
2818 4264 2876 4336 6,
2919 4262 3043 4324 385
3085 4278 3215 4342 sqq.
3259 4280 3403 4325 eum

814 4364 1089 4430 scholiis.
2562 4413 2573 4426 .

689 4465 811 4535 771
864 4477 1089 4531 APPIA
1135 4476 1452 4549 SEVERA,
1502 4465 1654 4533 Sex,
1689 4465 1887 4553 Appii
1922 4466 2149 4531 Severi
2193 4465 2344 4549 filia,
2393 4465 2530 4549 (L.)
2575 4463 2802 4530 Ceioni
2848 4463 3187 4531 Commodi
3230 4465 3401 4551 (con-

812 4570 973 4636 sulis
1018 4592 1079 4635 a.
1116 4574 1195 4636 78
1234 4569 1423 4652 uxor)
1469 4568 1572 4634 VI
1603 4573 1784 4634 1348.
1837 4574 2012 4637 1349.

690 4674 817 4740 772
857 4674 1117 4738 *APPIA
1159 4682 1492 4737 VETVRIA
1538 4682 1821 4736 AIRVLA
1868 4681 2195 4737 COECIVA
2243 4680 2680 4754 SABINILLA,
2743 4669 3103 4736 clarissima
3159 4671 3405 4736 femina

813 4777 1130 4843 honorata
1189 4778 1371 4842 titulo
1428 4776 1615 4842 semel
1674 4777 1986 4860 descripto
2046 4781 2105 4841 et
2160 4780 2458 4859 corrupto
2500 4775 2574 4840 X
2613 4780 2803 4854 4720,
2858 4796 3038 4858 quem
3093 4775 3154 4840 ei
3183 4775 3405 4859 posuit

818 4880 975 4945 ordo
1018 4880 1666 4966 Foropopiliensium.

688 4983 817 5050 773
859 4982 1243 5070 Appuleius,
1291 4982 1475 5047 miles
1523 4984 1590 5047 in
1635 4984 1910 5048 statione
1955 4981 2408 5046 Nicomedensi
2451 4981 2629 5047 Plin.
2664 4980 2753 5047 ad
2787 4980 3054 5047 Traian.
3091 4985 3186 5058 74,
3220 4986 3277 5046 1.

690 5087 816 5153 774
859 5084 1198 5172 Apuleius.
1285 5086 1534 5151 Nomen
1593 5086 1724 5168 ipSe
1767 5086 1995 5169 posuit
2038 5084 2335 5169 apologia
2377 5089 2436 5149 9.
2483 5090 2580 5151 17.
2626 5090 2719 5151 27
2759 5090 2870 5149 ete.
2950 5083 3403 5148 Madaurensis

818 5187 1115 5274 apoloyia
1157 5193 1264 5266 24,
1313 5190 1392 5272 cf.
1441 5188 1517 5254 cle
1571 5188 1857 5272 doymate
1901 5188 2204 5254 Platonis
2245 5209 2320 5272 Ρ.
2351 5191 2514 5253 267.·
2570 5189 2648 5251 ‘si
2710 5209 2830 5273 pro
2887 5186 3167 5274 Apuleio
3226 5185 3406 5251 dieas
