3859 5992
633 535 1010 603 omvmvs
1927 526 2057 600 374
2970 532 3341 595 cLAvmvs

762 743 937 826 Aug.
995 765 1095 830 pr.
1147 765 1246 829 pr.
1307 742 1646 827 provincia
1701 740 1966 806 Daciar.
2025 738 2149 822 leg.
2211 735 2424 820 Augg.
2474 759 2575 823 pr.
2635 758 2732 822 pr.
2790 735 3076 801 Moesiae
3133 758 3339 823 super.

764 845 1012 911 Daciae
1056 843 1362 931 Apulesis
1420 842 1612 908 simul
1667 840 1793 927 leg.
1840 841 2057 925 Augg.
2100 862 2198 927 pr.
2242 860 2341 925 ΡΥ.
2387 839 2762 923 provinciae
2802 836 3089 903 Moesiae
3133 860 3338 925 super.

769 947 1050 1013 Titulum
1092 947 1208 1012 hoc
1253 947 1387 1012 loco
1430 945 1610 1028 foede
1655 967 1698 1010 a
1725 945 1993 1028 Ia'yorio
2037 946 2400 1025 cormwtum
2443 961 2573 1006 esse
2611 961 2789 1005 nemo
2830 961 2959 1006 non
2998 940 3183 1006 videt.
3266 941 3339 1006 Vt

757 1051 953 1116 verba
993 1049 1171 1116 haud
1211 1054 1374 1115 certe
1415 1050 1853 1125 restituuntur,
1901 1048 1999 1111 ita
2030 1045 2105 1111 de
2145 1045 2333 1110 rebus
2372 1042 2540 1108 nihil
2578 1042 2760 1109 dubii
2795 1048 2904 1110 est.
2969 1042 3133 1108 Fuit
3159 1044 3339 1108 sima

759 1152 1006 1237 leyatus
1051 1153 1536 1236 provinciarum
1589 1149 1950 1216 Daciarum
2016 1149 2208 1213 trium
2263 1151 2324 1212 et
2372 1147 2660 1212 Moesiae
2717 1146 3096 1230 &operior-is,
3154 1167 3338 1229 quam

759 1254 1130 1338 leyationem
1171 1255 1309 1319 vivo
1353 1254 1736 1337 imperatore
1780 1251 1940 1318 Vero
1986 1252 2085 1334 (ut
2125 1254 2290 1315 recte
2324 1249 2625 1314 tradatur
2652 1250 2722 1313 in
2751 1253 2796 1313 t.
2824 1252 2875 1315 2
2904 1246 3147 1331 Aug-g.)
3176 1269 3335 1314 anno

763 1357 898 1438 fere
942 1360 1067 1422 168
1107 1357 1274 1422 iniit.
1341 1355 1519 1421 Huic
1563 1366 1824 1420 senatus
1868 1363 2133 1419 auctore
2177 1353 2565 1438 imperatore
2599 1350 2690 1418 M.
2718 1349 2990 1417 Aurelio
3019 1351 3335 1415 Antonino

763 1460 1094 1543 Anguem,
1143 1456 1316 1544 quod
1378 1468 1527 1544 post
1568 1456 1819 1542 aliquot
1859 1454 2145 1521 secunda
2203 1453 2449 1541 proelia
2488 1453 2837 1519 adversum
2882 1454 3236 1521 Germanos
3276 1464 3337 1518 et

761 1563 1031 1647 Iazyges
1091 1561 1173 1626 ad
1235 1571 1633 1647 postremum
1692 1582 1810 1647 pro
1871 1581 1943 1623 re
2008 1557 2272 1645 publica
2333 1557 2589 1622 fortiter
2650 1576 2951 1643 pugnans
3016 1556 3332 1637 ceciderit,

762 1675 1074 1730 armatam
1121 1675 1401 1730 statuam
1450 1662 1649 1749 [poni]
1696 1664 1764 1728 in
1794 1661 1937 1727 foro
1966 1660 2101 1726 divi
2133 1661 2400 1726 Traiani
2438 1660 2717 1746 pecunia
2758 1656 3019 1745 publica
3048 1658 3332 1742 conspuit]

760 1772 803 1834 t.
834 1773 899 1834 2.
973 1766 1324 1854 Expeditio
1363 1766 1755 1834 Germanica
1798 1764 1919 1830 sub
1966 1762 2277 1851 [Cal]pur.
2324 1762 2631 1847 Agricola
2676 1760 2773 1829 Ol.
2812 1761 3141 1826 Frontone
3187 1783 3239 1826 c.
3273 1783 3334 1825 v,

756 1874 1145 1935 memoratur
1187 1869 1257 1934 in
1300 1873 1343 1936 t.
1386 1873 1464 1947 3,·
1522 1888 1662 1932 cum
1719 1866 2001 1932 indidem
2044 1870 2359 1950 afflareat
2400 1886 2569 1930 anno
2611 1869 2734 1930 170
2789 1863 3150 1929 Cornelium
3200 1863 3335 1929 oze-

756 1977 1021 2037 mentem
1047 1970 1416 2055 praesidem
1459 1968 1822 2034 Daciarum
1861 1969 2078 2050 fuisse,
2125 1988 2198 2033 eo
2232 1968 2371 2051 ipso
2417 1987 2587 2033 anno
2623 1966 3012 2032 Frontonem
3056 1965 3337 2031 cecidisse

758 2074 1094 2157 colliyitur.
1135 2110 1224 2121 —
1266 2074 1589 2138 Patronus
1634 2070 1928 2136 coloniae
1970 2069 2523 2155 Sarmizegetusao
2567 2074 2608 2135 t.
2655 2074 2710 2135 1.
2765 2107 2841 2116 —
2899 2067 3117 2134 Fatus
3158 2069 3337 2133 Minas

756 2174 1028 2241 habetur
1071 2176 1128 2240 is
1166 2176 1277 2258 qui
1318 2175 1619 2257 sequitur.
2972 2206 2975 2209 ·

636 2278 763 2344 700
805 2287 885 2344 Μ.
930 2287 1301 2342 CLAVDIVS
1360 2285 1663 2341 FRONTO
1718 2284 2154 2359 NEOCYDES‚
2209 2273 2409 2340 salius
2455 2272 2790 2339 Palatinus
2848 2273 3056 2338 faetus
3114 2294 3172 2341 a.
3224 2274 3338 2339 170

764 2379 868 2446 VI
900 2384 1085 2446 1978.
1170 2378 1389 2445 Filius
1444 2379 1628 2463 vulyo
1682 2383 1953 2462 putatur
1999 2378 2098 2446 M.
2140 2376 2412 2443 Claudii
2446 2375 2800 2442 Frontonis
2840 2377 2952 2460 qui
2994 2375 3337 2459 praecedit,

760 2482 872 2548 sed
911 2484 1147 2548 rectius
1189 2484 1462 2565 fortasse
1505 2480 1776 2548 Claudii
1819 2481 2137 2565 Neocydis
2176 2501 2233 2545 v.
2277 2480 2481 2561 infra.

654 2622 741 2631 -
805 2593 873 2662 Q.
919 2594 1292 2650 POMPEIVS
1357 2592 1678 2649 SENECIO
1739 2593 2050 2649 ROSCIVS
2108 2591 2433 2646 MVRENA
2494 2590 2811 2646 COELIVS
2872 2590 3033 2649 SEX.
3093 2591 3336 2645 IVLIVS

759 2695 1145 2752 FRONTINV
1149 2697 1186 2752 S
1233 2697 1473 2752 SILIVS
1520 2695 1899 2751 DEOIANVS
1947 2695 2011 2752 C.
2057 2694 2304 2749 IVLIVS
2348 2692 2742 2748 EVRYCLES
2787 2692 3337 2748 HERCVLANEVS

760 2799 827 2858 L.
897 2799 1293 2854 VIBVLLIVS
1366 2798 1530 2853 PIVS
1603 2797 2095 2852 AVGVSTANVS
2161 2795 2481 2850 ALPINVS
2548 2795 2942 2850 BELLICIVS
3012 2794 3338 2851 SOLLERS

761 2901 1013 2957 IVLIVS
1071 2900 1273 2956 APER
1330 2900 1707 2956 DVCENIVS
1767 2897 2153 2956 PROCVLVS
2215 2897 2668 2955 RVTILIANVS
2728 2897 3053 2953 RVFINVS
3105 2898 3337 2954 SILIVS

762 3003 1061 3060 VALENS
1106 3004 1482 3059 VALERIVS
1540 3002 1776 3058 NIGER
1832 3003 1944 3058 CL.
1990 3001 2269 3057 FVSCVS
2318 3001 2511 3057 SAXA
2553 3000 3046 3075 415mest
3095 3001 3339 3057 SOSIVS

763 3106 1091 3162 PRISCVS.

635 3199 750 3265 701
802 3198 1154 3265 *Claudius
1180 3197 1488 3277 Galean
1512 3198 1822 3263 medicus.
1865 3195 2187 3263 Galenum
2213 3197 2369 3262 dicit
2391 3217 2457 3261 se
2484 3197 2620 3279 ipse
2640 3198 2897 3283 περὶτοῦ
2927 3201 3341 3284 προγινώσκειν

763 3322 817 3369 c.
843 3306 905 3367 3.
936 3307 995 3368 5.
1029 3307 1086 3369 7.
1122 3307 1203 3367 10
1230 3301 1421 3367 XIV
1437 3324 1510 3385 Ρ.
1543 3306 1681 3370 614.
1728 3305 1869 3366 619.
1916 3304 2062 3367 625.
2105 3304 2248 3365 637.
2295 3303 2417 3365 656
2459 3298 2553 3365 ed.
2591 3298 2811 3376 Kqu,
2856 3303 2989 3386 περὶ
3023 3307 3141 3366 τῶν
3183 3303 3342 3367 ἰδίων

766 3407 1005 3494 βιβλίων
1036 3425 1086 3469 c.
1118 3410 1156 3469 1
1186 3404 1373 3470 XIX
1399 3426 1473 3487 Ρ.
1503 3409 1584 3483 9,·
1627 3402 1864 3468 librum
1904 3402 2065 3467 falso
2100 3404 2482 3486 inscriptum
2515 3386 2786 3487 Γαληνὸς
2812 3402 3007 3489 ἰατρός
3036 3416 3344 3470 memorat

764 3508 899 3591 ipse
938 3507 1068 3574 ibd.
1103 3529 1174 3591 Ρ.
1204 3511 1268 3572 8.
1333 3507 1496 3572 Item
1526 3505 1817 3574 Galenus
1847 3506 2084 3571 dicitur
2125 3507 2195 3570 in
2238 3505 2760 3589 inscriptiombus
2805 3504 3114 3571 librorum
3153 3528 3343 3572 manu

762 3611 1145 3693 scriptorum
1187 3614 1246 3675 et
1287 3609 1462 3693 apud
1504 3610 1858 3693 scriptores,

896 3711 1151 3777 Claudii
1206 3733 1432 3777 nomen
1486 3709 1733 3777 Galeno
1792 3732 2004 3777 omnes
2057 3711 2433 3776 recentiores
2489 3715 2653 3776 certe
2716 3711 2798 3775 ab
2862 3711 3049 3775 initio
3113 3711 3345 3777 saeculi

767 3816 975 3898 quinti
1017 3814 1244 3880 decimi
1287 3814 1394 3898 (cf.
1440 3813 1624 3894 infra
1667 3813 1865 3901 adn),
1924 3815 2133 3879 nescio
2193 3835 2281 3878 an
2337 3818 2499 3897 ante,
2558 3833 2752 3895 usquc
2811 3811 3018 3877 adhuc
3081 3815 3351 3879 tribuere

769 3918 1004 3995 solent,
1063 3939 1444 4000 quamquam
1510 3938 1690 3982 nemo
1753 3938 2035 3999 unquam
2096 3938 2177 3983 ne
2234 3915 2708 4000 philoloyorum
2783 3914 3031 3998 quidem
3101 3916 3351 3982 nostrae

770 4022 1018 4097 aetatis,
1065 4022 1175 4102 qui
1202 4042 1273 4086 eo
1299 4022 1551 4085 nomine
1590 4021 1695 4085 usi
1737 4025 1899 4096 sunt,
1944 4042 2063 4102 quo
2107 4018 2516 4102 fundamento
2557 4021 2930 4097 niterentur,
2974 4020 3162 4085 verbo
3190 4019 3350 4085 indi-

769 4126 951 4189 cavit.
1043 4123 1136 4189 Et
1175 4123 1422 4189 Galeno
1480 4144 1704 4188 nomen
1758 4123 2150 4207 =‹Jentilicium
2191 4122 2555 4188 Romanum
2610 4124 2862 4188 omnino
2920 4122 3119 4204 fuisse
3136 4173 3151 4199 ,
3208 4122 3352 4188 inde

769 4229 907 4292 veri
945 4227 1105 4292 maai
1145 4228 1538 4292 simillimum
1579 4227 1845 4305 videtur,
1887 4226 2056 4308 quod
2081 4227 2212 4291 nisi
2238 4226 2413 4311 filius
2441 4226 2594 4290 civis
2622 4225 2904 4290 Romani
2931 4225 3173 4307 fuisset,
3218 4246 3353 4291 eum

772 4331 1023 4396 civitate
1067 4330 1387 4408 Romana,
1448 4351 1590 4396 cum
1633 4334 1790 4395 esset
1834 4328 2156 4397 archiater
2201 4327 2564 4405 Caesarum
2611 4328 2913 4394 donatum
2957 4347 3085 4393 esse
3114 4350 3353 4412 ponen-

774 4433 922 4499 dum
977 4438 1087 4499 est.
1181 4432 1356 4498 Nam
1411 4454 1482 4498 eo
1538 4453 1793 4498 munere
1849 4433 1960 4514 qui
2015 4432 2465 4516 funyebantur,
2527 4432 2687 4496 cives
2732 4435 2847 4495 aut
2888 4450 3016 4495 esse
3061 4435 3177 4495 aut
3214 4430 3357 4513 fieri

772 4536 1058 4602 solebant
1116 4536 1198 4618 cf.
1243 4535 1695 4612 Friedlander,
1756 4532 2256 4618 Darstellunyen
2295 4534 2349 4598 I
2351 4536 2379 4573 ⁰
2414 4555 2485 4616 Ρ.
2531 4537 2669 4600 131.
2760 4532 2892 4599 Sed
2934 4553 3075 4598 cum
3118 4533 3353 4599 Roma—

770 4662 1001 4705 norum
1048 4642 1434 4724 scripwrum
1482 4640 1593 4721 qui
1645 4642 1865 4704 extant
1906 4658 2086 4703 nerno
2133 4642 2401 4721 praeter
2451 4636 2759 4721 Rufinwm
2816 4631 2956 4718 (qui
3004 4657 3229 4701 nomen
3281 4656 3357 4700 esc

775 4743 1055 4809 Eusebio
1100 4744 1391 4827 sumpsit)
1440 4747 1500 4806 et
1542 4741 1866 4807 Isidorum
1907 4739 2144 4806 Galeni
2183 4740 2558 4806 mentionem
2600 4739 2839 4820 fecerit,
2896 4758 3091 4820 neque
3139 4737 3357 4803 titulus

776 4847 1014 4913 Galerii
1068 4848 1355 4912 inventus
1413 4846 1533 4922 sit,
1591 4866 1836 4929 parum
1881 4843 2227 4927 probabile
2284 4848 2376 4908 est
2428 4865 2469 4907 a
2523 4840 2772 4907 Graeco
2824 4840 3092 4924 quodam
3134 4861 3357 4906 nomen

770 4951 1165 5037 yentssiciwm
1195 4954 1514 5015 servatum
1543 4968 1692 5014 esse.
1760 4947 2192 5032 (Quamquam
2221 4968 2265 5011 a
2304 4945 2493 5011 huius
2518 4944 2781 5029 sylloqes
2811 4942 3071 5009 consilio
3086 4962 3358 5026 prorsus

777 5056 1055 5121 alienum
1103 5055 1235 5137 fuit
1290 5053 1456 5118 locos
1500 5053 1928 5136 posteriorum
1982 5048 2376 5116 Graecorum
2392 5099 2407 5126 ‚
2463 5049 2580 5114 ubi
2628 5045 2913 5113 Galenus
2953 5051 3355 5123 memoratur,

633 5206 640 5213 -
776 5158 1068 5242 colliyere
1112 5178 1321 5224 omnes
1366 5161 1426 5222 et
1456 5175 1840 5239 persuasum
1881 5153 2084 5218 habeo
2128 5154 2354 5236 auyeri
2380 5171 2572 5235 posse
2598 5171 2926 5216 numerum
2954 5148 3359 5215 ducentorum
