3859 5992
634 551 869 608 ANNIA
1943 541 2027 608 79
3110 550 3348 608 Am

764 750 968 815 sorori
1012 748 1170 815 Veri
1215 749 1514 834 (Fabiae)
1561 750 1964 837 eandemque
2006 750 2465 837 locupletatam
2508 749 2932 817 Brundisium
2992 770 3196 836 usque
3239 749 3347 814 de-

766 852 963 918 duxit
1000 861 1067 917 et
1122 854 1191 919 in
1235 852 1497 939 Syriam
1540 854 1716 919 misit
1756 854 1887 921 ibd.
1936 860 1997 933 9,
2041 860 2100 920 4.
2190 855 2405 921 Verus
2458 875 2542 919 ex
2588 854 2784 941 Syria
2825 852 3159 939 Ephesum
3203 873 3348 939 pro-

767 955 975 1021 fectus
1015 963 1133 1039 est,
1184 966 1257 1022 ut
1298 978 1573 1022 uxorem
1614 958 1942 1043 acciperet
1981 958 2090 1026 vit.
2140 956 2290 1024 Veri
2334 962 2390 1035 7,
2440 962 2484 1022 7
2491 977 2513 1037 ,·
2564 979 2734 1022 uxor
2772 957 2849 1021 L.
2897 956 3054 1021 Veri
3100 956 3195 1023 tit.
3239 954 3349 1019 vit.

769 1058 914 1125 Veri
952 1061 1021 1136 2,
1050 1064 1125 1137 4,·
1169 1063 1270 1137 10,
1299 1064 1360 1138 3,
1406 1059 1824 1127 Herodianus
1866 1067 1922 1139 1,
1954 1064 2017 1139 8,
2047 1065 2108 1126 3.
2196 1061 2304 1126 Ex
2347 1061 2522 1126 Vero
2576 1058 2776 1125 filiam
2833 1059 3087 1145 peperit
3126 1057 3355 1123 incerti

765 1161 1039 1227 nominis
1079 1160 1213 1227 Dio
1260 1167 1364 1241 72,
1406 1168 1475 1241 4,
1524 1162 1614 1229 ad
1651 1184 1841 1246 quam
1882 1164 2207 1247 pertinere
2254 1168 2467 1247 potest
2525 1161 2758 1228 titulus,
2854 1161 3091 1227 Pbures
3148 1180 3225 1225 ex
3282 1180 3352 1224 eo

770 1263 999 1330 liberos
1043 1263 1259 1331 &disse
1312 1265 1450 1331 veri
1502 1265 1709 1331 simile
1764 1266 2015 1333 videtur
2057 1287 2135 1333 ex
2175 1267 2450 1332 nummis
2492 1266 2818 1349 inscriptis
2854 1262 3249 1330 Fecunditas
3294 1266 3354 1327 et

768 1365 1005 1431 Iunoni
1061 1368 1355 1432 Lucinae
1413 1368 1497 1451 cf.
1542 1367 1786 1434 Eckhel
1841 1368 1883 1435 l.
1931 1369 1973 1434 l.
2049 1368 2458 1435 Rumoribus
2517 1366 2891 1433 insimulata
2948 1376 3045 1432 est
3099 1385 3352 1430 veneno

620 1492 643 1513 ·
768 1467 1070 1533 maritum
1129 1470 1480 1555 peremisse
1539 1468 1780 1535 idcirco
1796 1518 1815 1553 ,
1875 1470 2052 1556 quod
2095 1470 2311 1535 Verus
2369 1470 2642 1535 nimium
2700 1465 3061 1535 indulserat
3109 1465 3353 1532 Fabiae

770 1572 995 1654 sorori,
1040 1572 1229 1637 cuius
1274 1574 1629 1658 potentiam
1672 1574 1859 1638 uxor'
1883 1572 2143 1639 Lucilla
2187 1573 2357 1638 ferre
2399 1594 2532 1639 non
2573 1582 2791 1660 posset
2830 1572 2939 1639 vit.
2987 1570 3137 1636 Veri
3160 1575 3262 1647 10,
3291 1573 3352 1633 3.

772 1674 947 1741 Vero
990 1684 1247 1740 mortuo
1294 1696 1352 1740 a.
1390 1675 1511 1740 169
1540 1675 1803 1741 Marcus
1849 1697 1993 1741 eam
2037 1697 2166 1740 non
2212 1675 2484 1741 decurso
2529 1675 2744 1741 luctus
2787 1684 3075 1761 tempore
3117 1670 3353 1755 grand-

771 1798 934 1842 aevo
981 1778 1220 1864 equitis
1251 1778 1523 1843 Romani
1554 1777 1688 1843 filio
1719 1777 1996 1844 Claudio
2026 1780 2424 1866 Pompeiano
2456 1777 2636 1844 dedit
2662 1799 2903 1862 genere
2932 1774 3354 1842 Antiochensi

772 1901 894 1946 nec
936 1880 1093 1946 satis
1138 1880 1373 1964 nobili,
1421 1902 1571 1945 cum
1611 1879 1748 1946 filia
1790 1882 1928 1947 eius
1971 1881 2274 1967 Augusta
2317 1890 2486 1947 esset
2528 1890 2592 1946 et
2636 1880 2978 1964 Augustae
3019 1877 3185 1961 filia3
3241 1876 3355 1942 sed

771 1981 886 2049 has
930 1983 1191 2069 nuptias
1238 1993 1303 2049 et
1328 1984 1646 2049 Faustina
1688 1993 1752 2049 et
1794 1985 1939 2070 ipsa
1982 1985 2227 2050 invitae
2272 1983 2644 2050 habuerunt
2670 1985 2777 2052 vit.
2814 1983 3039 2049 Marci
3064 1987 3169 2060 20,
3201 1985 3353 2057 6-7,

772 2084 906 2152 Dio
948 2089 1048 2163 71,
1087 2090 1149 2163 4,
1195 2085 1547 2152 Herodian.
1593 2092 1652 2164 1,
1695 2091 1756 2165 8,
1800 2092 1861 2155 3.
1949 2087 2259 2153 Maritum
2317 2087 2670 2172 dedignata
2726 2108 2864 2151 rem
2922 2084 3150 2151 habuit
3206 2102 3355 2147 cum

774 2185 1049 2253 Claudio
1080 2188 1476 2274 Pompeiano
1509 2188 1904 2270 Quinctiano
1936 2191 2256 2276 privigno,
2303 2191 2410 2256 cui
2452 2188 2652 2255 filiam
2691 2212 2777 2254 ex
2812 2189 2988 2256 Vero
3033 2184 3355 2252 sublatam

774 2291 840 2354 in
883 2291 1368 2356 matrimonium
1411 2290 1697 2360 dederat.
1788 2292 1958 2358 Cum
2016 2292 2207 2358 ambo
2264 2294 2776 2358 coniurationem
2818 2292 2886 2357 in
2929 2288 3358 2357 Commodum

775 2392 1098 2475 iniissent,
1161 2393 1442 2459 factione
1499 2393 1756 2459 detecta
1814 2395 1881 2459 in
1942 2394 2229 2481 Capreas
2290 2393 2565 2461 insulam
2624 2393 2910 2478 relegata
2968 2392 3161 2480 paulo
3211 2402 3358 2478 post

774 2496 1115 2562 interfecta
1156 2506 1257 2561 est
1296 2496 1405 2564 vit.
1460 2494 1789 2563 Commodi
1826 2502 1886 2575 4,
1932 2501 1993 2566 1.
2035 2503 2113 2577 4,·
2153 2502 2215 2577 5,
2263 2503 2337 2576 7,·
2384 2501 2446 2576 8,
2486 2502 2545 2575 3,
2607 2496 2741 2563 Dio
2786 2495 2827 2562 l.
2867 2495 2940 2574 l.,
3003 2494 3356 2562 Herodian.

775 2603 833 2677 1,
875 2602 938 2676 3,
983 2601 1136 2664 4-8.
1182 2635 1267 2644 -
1313 2598 1706 2665 Nominatur
1748 2600 1857 2665 vit.
1899 2599 2227 2668 Caracall.
2270 2605 2332 2678 3,
2374 2604 2436 2678 8,
2482 2600 2838 2666 Herodian.
2879 2605 2940 2677 4,
2986 2604 3046 2677 6,
3087 2602 3149 2667 3.

649 2702 774 2767 556
816 2710 1059 2766 ANNIA
1103 2710 1567 2785 QVARTILLA,
1631 2701 1860 2789 (Appii
1901 2701 2133 2787 Annii)
2189 2702 2392 2768 Marsi
2442 2701 2607 2784 filia,
2666 2701 3030 2786 Gal(eonis)
3075 2701 3357 2767 Tettieni

778 2804 1004 2871 Severi
1062 2803 1286 2886 (uxor)
1339 2803 1462 2870 XI
1502 2809 1668 2872 1940
1727 2809 1768 2873 t.
1816 2804 2202 2883 Perusinus,
2262 2826 2442 2889 quem
2500 2805 2813 2871 dedicavit
2869 2805 3042 2891 App.
3101 2803 3358 2869 Annius

777 2906 1044 2971 Priscus
1085 2917 1416 2994 patronae.
2323 2914 2328 2919 ’

649 3009 771 3077 557
816 3019 1039 3075 ΑΡΡΙΑ
1074 3019 1315 3074 ANNIA
1350 3019 1683 3076 REGILLA
1713 3018 1973 3074 ATILIA
2006 3020 2365 3077 CAVCIDIA
2394 3019 2815 3074 TERTVLLA.
2885 3008 3116 3075 Tituli:
3155 3008 3360 3092 specie

773 3113 936 3196 ipsa,
981 3133 1053 3178 re
1094 3133 1247 3178 vera
1280 3113 1532 3179 nomine
1558 3113 1762 3196 ipsius
1790 3114 2065 3178 maritus
2099 3112 2198 3180 Ti.
2240 3112 2560 3181 Claudius
2590 3112 2877 3178 Herodes
2902 3112 3157 3177 Attiou-s·
3188 3110 3359 3176 dedi-

773 3215 940 3280 cavit
965 3214 1296 3300 Olympiae
1324 3214 1622 3281 emeda-am
1651 3235 1792 3281 cum
1821 3215 2218 3299 aquaeductu
2250 3221 2293 3282 t.
2324 3214 2860 3299 Archaoloyzzeche
2890 3214 3162 3297 Zeitany
3191 3216 3363 3278 1878

774 3339 844 3400 Ρ.
888 3320 971 3383 94
1029 3338 1095 3383 n.
1140 3322 1262 3384 149
1310 3319 1436 3405 (1),·
1491 3318 1670 3383 vivae
1729 3317 2055 3384 dedicatus
2097 3323 2190 3385 est
2241 3323 2283 3387 t.
2329 3318 2707 3384 Eleusinius·
2756 3316 3082 3406 Ἐφημερὶς
3123 3317 3361 3404 ἀρχαιο·

776 3422 982 3508 λογική
1024 3423 1190 3486 1885
1218 3442 1293 3503 Ρ.
1324 3424 1453 3487 152
1491 3441 1557 3485 n.
1588 3424 1680 3487 28
1722 3416 1839 3505 (2),
1902 3420 2067 3486 alter
2122 3420 2380 3487 Atticus
2433 3419 2816 3485 Athenische
2870 3419 3363 3503 Mittheilunyen

775 3525 940 3588 1883
982 3544 1057 3607 Ρ.
1102 3526 1240 3589 287
1282 3521 1407 3607 (3)‚·
1466 3528 1509 3589 t.
1562 3523 1938 3607 sepulcralis
1996 3524 2130 3589 eius
2183 3523 2342 3590 OIA
2387 3523 2520 3589 III
2551 3527 2718 3587 1417
2756 3526 2845 3610 (4)
2904 3522 3362 3606 (fraymentum

781 3629 822 3689 t.
866 3624 1095 3690 similis
1140 3645 1269 3690 esse
1321 3624 1567 3691 videtur
1607 3625 1766 3691 OIA
1810 3627 1948 3692 III
1977 3630 2203 3712 3638),·
2257 3627 2330 3692 in
2370 3627 2667 3691 honorem
2710 3624 3045 3707 defunctae
3089 3624 3366 3690 dedicati

779 3731 924 3793 sunt
967 3749 1010 3792 a
1050 3728 1286 3793 marito
1326 3728 1567 3792 urbani
1607 3728 1659 3794 I
1659 3727 1775 3795 GI
1804 3733 1976 3796 1392
2017 3759 2101 3784 ==
2141 3727 2308 3795 CIG
2347 3732 2508 3795 6185
2552 3725 2665 3807 (5),
2718 3748 2972 3792 carmen
3024 3727 3357 3811 Triopeum

780 3828 1125 3896 IGI1389
1147 3836 1191 3891 Ι
1204 3860 1288 3884 --
1312 3829 1479 3896 CIG
1508 3835 1679 3896 6280
1708 3830 1817 3914 (6),
1852 3835 1893 3897 t.
1929 3831 2231 3916 bilinyuis
2262 3830 2429 3898 C'IG
2459 3835 2621 3897 6184
2648 3860 2727 3884 ---
2761 3829 2915 3896 CIL
2959 3830 3061 3896 VI
3075 3835 3246 3897 1342
3274 3860 3356 3883 =

778 3934 829 3997 I
828 3931 944 3998 GI
960 3935 1125 3999 1391
1155 3928 1274 4016 (7).
1344 3932 1749 3998 Memoratur
1776 3934 1848 3998 in
1878 3938 1919 4001 t.
1959 3934 2303 4019 olympicis
2318 3934 2840 4018 propinqum-um,
2866 3933 3081 4015 patris
3106 3931 3360 3998 Ditten-

782 4035 1017 4119 beryer,
1065 4036 1501 4100 commentatio
1536 4035 1612 4101 de
1640 4036 1918 4101 Herodis
1949 4036 2157 4101 Attici
2191 4037 2604 4102 monumentis
2636 4036 2978 4119 olympicis
3007 4057 3079 4119 Ρ.
3128 4034 3232 4101 VI
3247 4035 3359 4117 (8),

778 4137 885 4202 avi
922 4139 1203 4203 materni
1240 4137 1369 4203 ibd.
1403 4160 1474 4222 Ρ.
1523 4137 1668 4204 VII
1700 4134 1810 4221 (9),
1855 4143 2155 4220 quattuor
2198 4139 2541 4204 liberorum
2582 4138 2712 4203 ibd.
2745 4160 2816 4221 Ρ.
2850 4138 3011 4204 ΧΙΙ
3042 4137 3358 4222 (Io-13),

784 4240 849 4304 in
887 4244 929 4304 t.
975 4239 1285 4323 Delphico
1346 4240 1422 4305 L.
1459 4239 1735 4306 Vibullii
1782 4240 1934 4305 Rufi
1979 4240 2212 4323 Regilli
2258 4240 2518 4307 Claudii
2578 4239 2861 4304 Herodis
2917 4240 3028 4304 filii
3073 4239 3361 4306 Bulletin

782 4341 855 4407 de
910 4342 1446 4426 correspondanee
1504 4342 1875 4425 Hellem'que
1926 4347 2093 4408 1877
2139 4365 2211 4426 Ρ.
2256 4348 2381 4409 409
2423 4365 2486 4408 n.
2518 4349 2568 4408 2
2611 4343 2758 4426 (14),
2820 4344 2891 4407 in
2936 4349 2976 4411 t.
3021 4343 3366 4425 sepulcrali

782 4443 1106 4527 Elpinices
1147 4444 1326 4529 filiae
1365 4445 1525 4510 GIA
1555 4445 1687 4511 III
1702 4449 1866 4510 1333
1906 4445 2142 4512 emend.
2183 4468 2227 4510 a
2260 4445 2745 4529 Dittenberyero
2791 4445 2830 4509 l.
2872 4445 2911 4511 l.
2947 4467 3018 4528 Ρ.
3048 4445 3359 4529 XV(15).

784 4547 909 4629 Qui
950 4547 1125 4612 tituli
1144 4552 1411 4630 praeter
1456 4548 1798 4631 bilinyaem
1839 4552 1884 4613 t.
1931 4553 1977 4612 7
2018 4568 2224 4614 omnes
2268 4553 2413 4614 sunt
2452 4549 2687 4631 yraeci'.

910 4648 1128 4735 Appia
1167 4650 1390 4716 Annia
1431 4649 1684 4733 Regilla
1724 4647 1932 4715 Atilia
1976 4650 2291 4717 Caucidia
2333 4649 2630 4715 Tertulla
2673 4655 2714 4715 t.
2760 4656 2827 4727 2,
2886 4648 3104 4736 Appia
3145 4649 3366 4715 Annia

783 4750 1037 4836 Regilla
1079 4757 1123 4817 t.
1152 4757 1212 4818 3.
1243 4758 1301 4830 4,
1350 4752 1571 4818 Annia
1598 4752 1815 4839 Appia
1844 4752 2102 4837 Regilla
2145 4758 2188 4818 t.
2219 4758 2317 4831 15,
2366 4752 2586 4818 Annia
2616 4751 2868 4836 Regilla
2915 4757 2955 4816 t.
2995 4757 3037 4816 7
3045 4772 3067 4831 ,·
3112 4751 3365 4837 Regilla

784 4855 927 4937 ipsa
945 4874 1013 4920 se
1035 4854 1192 4919 dicit
1216 4856 1288 4920 in
1318 4860 1361 4921 t.
1381 4857 1587 4921 votivo
1606 4861 1647 4922 1
1678 4857 2011 4939 antiquam
2042 4855 2267 4921 taliam
2296 4855 2762 4939 simplieitatem
2795 4856 3083 4932 imitata;
3111 4854 3368 4938 Regilla

784 4961 826 5024 t.
856 4961 916 5025 5.
943 4960 1005 5026 8.
1041 4960 1100 5025 9.
1132 4961 1365 5023 10-13.
1394 4962 1493 5035 14,
1542 4956 2001 5035 PhilostratuS,
2048 4957 2397 5023 Lucianas.

908 5058 1080 5125 Filia
1121 5059 1321 5147 Appii
1364 5058 1566 5124 Annii
1612 5058 1787 5128 Galli
1845 5059 2205 5125 consularis
2263 5057 2373 5143 (cf.
2416 5081 2483 5125 n.
2527 5059 2675 5143 493)
2736 5064 2777 5127 t.
2823 5064 2887 5127 2.
2930 5063 2991 5125 8.
3040 5063 3139 5136 15,
3184 5079 3368 5123 soror
3462 5064 3467 5069 '

786 5144 984 5248 Appii
1028 5160 1230 5227 Annii
1272 5160 1460 5228 Atilii
1502 5162 1805 5230 Braduae
1849 5161 1938 5244 (n.
1968 5165 2115 5250 475)
2162 5160 2544 5229 Phaostrat.
2588 5183 2644 5227 v.
2681 5161 2858 5246 soph.
2903 5167 2969 5241 2,
3015 5166 3074 5241 1,
3120 5165 3361 5239 18-20,
