3859 5992
560 513 936 569 AVRELIVS
1853 504 1983 568 202
2892 510 3271 567 AVRELIVS

684 708 905 787 sintae,
963 709 1130 792 quod
1169 713 1399 792 postea
1457 709 1537 792 (v.
1584 708 1790 791 iufra)
1848 707 1950 773 his
2007 708 2373 774 nominibus
2413 708 2496 773 ab
2543 729 2602 773 α.
2642 712 2767 773 191
2821 729 2974 774 usus
3025 713 3147 787 est,
3212 714 3272 775 et

686 813 1134 896 coiizprobatur
1177 812 1380 877 titulis
1420 811 1818 894 quibusdam,
1863 813 1980 877 ubi
2017 813 2156 877 vivo
2187 816 2384 895 patre
2425 812 2524 875 ita
2565 812 2935 877 nominatur
2977 813 3273 896 inprimis

687 916 840 1000 dipl.
899 915 1031 984 mil.
1083 915 1216 980 III
1247 915 1317 981 S.
1363 914 1680 980 LXXVI
1732 937 1792 980 α.
1836 919 1965 980 178
2024 915 2233 1001 (‘imp.
2295 912 2483 981 Caes.
2541 914 2618 983 L.
2677 913 2906 981 Aelius
2960 913 3268 981 Aurelius

689 1016 1079 1084 Commodus
1125 1017 1353 1100 Aug.’)
1400 1016 1483 1099 cf.
1532 1016 1716 1082 VIII
1746 1022 1934 1094 2366,
1980 1016 2169 1083 XIV
2198 1021 2387 1085 2856.

816 1119 1052 1185 Adhuc
1099 1123 1163 1185 in
1224 1129 1565 1205 praetexta
1625 1118 1859 1205 puerili
1905 1121 2305 1205 congiarium
2351 1118 2534 1186 dedit
2575 1132 2773 1208 atque
2817 1122 2956 1208 ipse
3001 1122 3066 1186 in
3111 1121 3272 1186 basi-

685 1224 814 1289 lica
855 1225 1119 1289 Traiani
1166 1222 1493 1308 praesedit
1535 1224 1669 1287 vita
1697 1228 1762 1299 2,
1796 1228 1834 1287 1
1879 1224 1986 1308 (cf.
2037 1223 2110 1288 de
2141 1225 2413 1288 nummis
2452 1223 2664 1290 Cohen
2692 1225 2858 1291 1112
2900 1223 3270 1292 Commodus

685 1349 749 1393 u.
796 1331 1125 1401 291-294,
1179 1327 1289 1408 qui
1337 1325 1456 1390 huc
1512 1331 1797 1409 spectare
1851 1327 2162 1404 videntur,
2208 1326 2451 1392 Eckhel
2498 1327 2643 1393 VII
2661 1350 2734 1412 Ρ.
2766 1328 2932 1412 104).
3021 1327 3268 1408 Quarto

689 1431 940 1495 decimo
973 1430 1203 1494 aetatis
1233 1450 1402 1494 anno
1435 1429 1502 1493 in
1536 1431 1754 1494 omnia
1784 1427 2061 1513 collegia
2090 1428 2517 1494 sacerdotalia
2546 1429 2846 1494 sacerdos
2892 1430 3270 1515 adsumptus

690 1544 787 1599 est
829 1533 1001 1598 XIII
1045 1530 1178 1596 kal.
1224 1532 1512 1597 Invictas
1557 1532 1667 1615 (cf.
1700 1530 1833 1597 Dio
1864 1537 1970 1608 72,
2006 1530 2108 1614 15)
2143 1561 2224 1584 =
2254 1531 2316 1596 d.
2350 1534 2434 1597 20
2477 1554 2679 1601 mens.
2723 1533 3012 1597 Ianuarii
3055 1556 3114 1598 a.
3150 1532 3270 1599 175

684 1638 823 1700 υἱέα
865 1640 924 1711 1,
969 1639 1087 1712 10;
1128 1638 1233 1710 12,
1278 1640 1334 1699 1.
1421 1633 1586 1700 Cum
1631 1632 1910 1699 Avidius
1957 1633 2222 1699 Cassius
2283 1635 2350 1698 in
2410 1635 2607 1720 Syria
2661 1633 3030 1717 rebellaret,
3088 1633 3270 1700 Com-

688 1738 920 1804 modus
965 1740 1029 1802 in
1079 1738 1496 1804 Germaniam
1542 1736 1869 1823 profectus
1914 1747 2013 1801 est
2057 1736 2263 1802 XIIII
2307 1735 2438 1802 kal.
2481 1735 2704 1802 Aelias
2734 1767 2818 1791 =
2850 1737 2911 1805 d.
2949 1737 3027 1803 19
3067 1760 3268 1805 mens.

686 1842 820 1906 Mai
866 1864 925 1907 a.
964 1840 1083 1905 175
1124 1842 1259 1905 vita
1287 1843 1391 1917 12,
1422 1846 1489 1908 2.
1558 1839 1911 1906 Commodo
1957 1839 2040 1905 ad
2085 1839 2356 1904 limitem
2401 1841 2715 1904 accersito
2745 1839 3011 1904 Marcus
3054 1850 3272 1924 togam

687 1944 940 2009 virilem
1001 1943 1181 2008 dedit
1239 1946 1346 2008 vit.
1397 1943 1624 2009 Marci
1662 1948 1776 2019 22,
1823 1947 1912 2008 12
1965 1942 2028 2008 d.
2076 1944 2113 2009 7
2167 1965 2369 2008 mens.
2417 1943 2566 2008 Iulii
2618 1967 2677 2011 a.
2728 1943 2850 2009 175
2906 1944 3042 2008 υἱέα
3085 1949 3152 2019 2,
3195 1948 3274 2021 3,·

689 2054 793 2125 12,
817 2052 876 2111 3.
929 2046 1306 2131 ‘Cooptatus
1340 2056 1437 2110 est
1466 2048 1635 2110 inter
1660 2045 1830 2109 *tres
1854 2032 2025 2111 solos
2057 2047 2358 2131 princeps
2390 2047 2745 2111 iuventutis
2768 2048 2876 2130 (cf.
2898 2046 3271 2124 Mommsen,

690 2148 1088 2217 Staatsrecht
1132 2150 1223 2215 II
1228 2149 1256 2188 ⁸
1289 2172 1363 2233 Ρ.
1396 2153 1525 2215 827
1564 2171 1628 2215 u.
1659 2148 1748 2232 4),
1795 2169 1941 2212 cum
1985 2161 2199 2232 togam
2244 2150 2540 2235 sumpsit‘
2581 2150 2715 2214 vita
2754 2154 2820 2227 2,
2854 2155 2929 2228 1,·
2972 2151 3271 2236 princeps

689 2254 1041 2318 iuventutis
1083 2253 1152 2316 in
1193 2254 1472 2317 nummis
1509 2251 1721 2317 Gohen
1760 2272 1825 2316 n.
1864 2256 2002 2317 605.
2050 2256 2192 2315 607.
2237 2255 2377 2318 610.
2426 2256 2552 2317 617
2592 2257 2703 2316 eto.
2792 2251 3134 2318 Profectus
3177 2262 3278 2317 est

688 2356 1170 2423 commendatus
1214 2354 1529 2420 militibus
1574 2377 1721 2420 cum
1782 2364 1968 2441 patre
2028 2355 2095 2419 in
2140 2354 2399 2439 Syriam
2459 2366 2525 2420 et
2567 2353 2942 2442 Aegyptum
3002 2362 3068 2419 et
3125 2376 3273 2420 cum

690 2482 764 2525 eo
824 2461 1093 2525 Romam
1153 2459 1347 2524 rediit
1400 2460 1532 2523 vita
1576 2465 1643 2536 2,
1688 2464 1731 2523 3
1788 2458 1936 2523 inde
1995 2459 2075 2523 ab
2137 2463 2438 2523 autumno
2497 2459 2633 2541 fere
2684 2479 2745 2526 α.
2789 2462 2911 2523 175
2952 2477 3145 2542 usque
3186 2457 3277 2522 ad

689 2570 1058 2629 autumnum
1117 2584 1177 2628 α.
1223 2567 1363 2627 176.
1468 2563 1545 2626 In
1608 2583 1681 2625 eo
1746 2563 1977 2625 itinere
2025 2560 2344 2647 Smyrnae
2401 2583 2550 2625 cum
2608 2570 2792 2647 patre
2836 2570 3131 2627 versatus
3176 2571 3275 2626 est

686 2667 1007 2731 Aristides
1049 2687 1139 2730 or.
1184 2664 1412 2731 XXII
1447 2663 1540 2730 ed.
1588 2663 1889 2745 Dindorf
1920 2663 1975 2729 I
2001 2685 2075 2746 Ρ.
2113 2668 2255 2728 439.

823 2768 1012 2834 ‘Cum
1052 2779 1233 2855 patre
1277 2769 1627 2853 imperator
1671 2765 2037 2853 appellatus
2069 2776 2186 2830 est’
2221 2766 2316 2850 (id
2349 2771 2472 2831 est:
2515 2767 2584 2831 in
2614 2767 2998 2832 consortium
3025 2768 3279 2851 imperii

688 2874 1019 2960 recipitur)
1080 2870 1140 2935 d.
1202 2872 1283 2936 27
1343 2892 1543 2935 mens.
1603 2869 1991 2935 Novembris
2051 2891 2108 2935 a.
2162 2870 2282 2935 176
2337 2871 2474 2934 υἱέα
2515 2874 2599 2946 2,
2642 2875 2719 2947 4,·
2776 2875 2889 2946 12,
2930 2874 2972 2934 4
3028 2871 3110 2952 cf.
3165 2871 3273 2934 vit.

691 2975 917 3041 Marci
957 2979 1056 3051 16,
1103 2979 1161 3038 1.
1270 2972 1705 3038 Tm‘buniciam
1748 2977 2132 3057 potestatem
2190 2973 2297 3056 (cf.
2353 2973 2461 3036 vit.
2523 2971 2748 3037 Marci
2786 2976 2893 3049 27,
2938 2973 3003 3056 5)
3060 2977 3274 3037 utrum

690 3079 899 3143 eodem
946 3081 1217 3160 tempore
1261 3097 1348 3141 an
1384 3076 1588 3159 paulo
1615 3081 1768 3158 post
1811 3077 2123 3159 acceperit
2167 3097 2228 3140 α.
2273 3080 2415 3151 177,
2463 3079 2556 3140 est
2592 3095 2705 3139 cur
2748 3073 3036 3141 dubitari
3063 3076 3274 3158 possit

692 3180 798 3263 (cf.
836 3182 1209 3257 Mommsen,
1242 3179 1643 3245 Stoatsrecht
1671 3179 1763 3245 ΙΙ
1766 3178 1795 3216 ³
1829 3201 1900 3261 Ρ.
1929 3182 2054 3243 801
2087 3176 2233 3245 adn.
2258 3180 2331 3263 2)
2364 3182 2633 3261 propter
2660 3198 2946 3244 nummos
2974 3177 3274 3261 quosdam

693 3284 903 3350 Ceben
947 3305 1008 3348 n.
1041 3286 1182 3348 118.
1230 3286 1525 3347 733-738
1567 3283 1905 3365 inscriptos
1951 3292 2028 3346 tr.
2077 3290 2206 3367 pot.
2254 3303 2384 3346 cos.
2461 3280 2592 3347 Sed
2631 3282 2767 3346 veri
2806 3280 3078 3347 simam
3119 3281 3275 3347 mihi

689 3388 934 3452 videtur
974 3385 1381 3452 Commodum
1414 3385 1603 3450 simul
1646 3386 2053 3468 imperatoris
2094 3405 2320 3448 nomen
2363 3388 2423 3447 et
2466 3384 2874 3448 tribuniciam
2900 3388 3274 3468 potestatem

691 3492 1002 3574 accepisse
1066 3494 1125 3553 et
1195 3490 1633 3571 insci-ejotiones
1697 3509 2092 3552 nummorum
2163 3486 2418 3551 illorum
2482 3485 2659 3550 haud
2722 3491 3060 3552 accuratas
3125 3507 3272 3563 esse,

690 3593 908 3676 quales
946 3613 1076 3659 mm
1116 3593 1304 3657 semel
1348 3595 1419 3658 in
1463 3592 1613 3656 aliis
1657 3591 2152 3674 imperatoribus
2195 3589 2758 3673 depreheudtmtur.
2820 3589 3277 3676 Triumphavit

693 3720 837 3762 cum
885 3708 1068 3782 patre
1115 3696 1177 3760 d.
1211 3698 1293 3761 23
1337 3717 1538 3761 mens,
1575 3692 1959 3759 Decembris
2005 3716 2061 3757 a.
2098 3693 2221 3759 176
2259 3694 2394 3757 υἱέα
2422 3697 2525 3775 12,
2556 3697 2616 3758 5.
2692 3693 2880 3777 (Item
2911 3713 3052 3758 oum
3079 3699 3276 3778 patre

691 3799 1112 3883 triumphasse
1158 3800 1534 3883 perhibetur
1574 3798 1709 3862 vita
1751 3802 1817 3875 2,
1861 3802 1920 3875 4,
1964 3798 2072 3861 vit.
2119 3796 2343 3860 Marci
2383 3800 2479 3873 16,
2527 3801 2599 3874 1,·
2643 3801 2742 3873 17,
2788 3801 2832 3862 3
2877 3825 2960 3850 ---·
3001 3797 3274 3880 Eutrop.

689 3908 747 3979 8,
780 3907 823 3966 3
856 3925 1052 3986 neque
1083 3908 1414 3986 repugnat,
1458 3901 1626 3984 quod
1653 3901 1925 3965 Marcus
1956 3900 2192 3964 dicitur
2222 3897 2486 3964 sedente
2516 3898 2648 3963 filio
2695 3898 2776 3964 ad
2821 3899 3275 3986 triumphalem

692 4028 953 4070 currum
1004 4008 1072 4070 in
1130 4007 1300 4069 circo
1359 4004 1556 4091 pedes
1615 4005 1979 4068 cucurrisse
2021 4003 2128 4069 vit.
2171 4002 2397 4067 Marci
2439 4007 2537 4078 16,
2584 4007 2666 4080 2,·
2717 4022 2869 4066 nam
2900 4024 3026 4085 per
3056 4002 3279 4087 plures

691 4110 824 4174 dies
868 4107 1253 4191 triumphum
1299 4112 1507 4171 actum
1553 4127 1681 4171 esse
1723 4107 1858 4170 veri
1897 4104 2102 4170 simile
2146 4105 2280 4188 est).

821 4209 900 4275 A.
950 4211 1071 4276 177
1118 4209 1343 4274 consul
1387 4210 1419 4273 Ι
1464 4210 1643 4291 fasti.
1730 4208 1981 4273 Eodem
2041 4229 2211 4274 anno
2268 4207 2610 4292 Augustus
2670 4217 2734 4272 et
2792 4217 2977 4293 pater
3029 4210 3277 4296 patriae

692 4311 1052 4399 appellatus
1114 4322 1243 4394 est3
1309 4313 1456 4398 imp.
1522 4312 1597 4376 L.
1644 4311 2009 4395 Aurel(ius)
2064 4309 2456 4377 Commodus
2516 4309 2686 4394 Aug.
2740 4311 2869 4375 sive
2926 4311 3280 4397 imperator

695 4414 1089 4480 Commodus
1133 4414 1305 4499 Aug.
1352 4415 1478 4479 sive
1523 4414 1600 4482 L.
1633 4414 1941 4479 Aurelius
1974 4413 2366 4480 Commodus
2398 4413 2567 4497 Aug.
2601 4414 2854 4496 passim
2896 4414 2967 4479 iu
3007 4414 3281 4479 nwumis

694 4517 1031 4599 titulisque.
1077 4517 1159 4582 A.
1187 4518 1308 4583 178
1334 4527 1522 4604 pater
1551 4518 1927 4603 priusquam
1952 4516 2036 4582 ad
2065 4515 2307 4582 bellum
2340 4516 2875 4602 proficisceretur,
2902 4516 3278 4599 (Bruttiam)

695 4621 1064 4706 Crispinam
1096 4620 1450 4686 Commodo
1491 4621 1557 4685 in
1593 4621 2076 4686 matrimonium
2107 4618 2452 4684 collocavit
2480 4616 2611 4684 Dio
2646 4624 2742 4695 71,
2772 4623 2871 4696 33,
2916 4620 3024 4686 υἱέ.
3059 4619 3284 4685 Marci
3296 4622 3300 4626 ’

692 4730 799 4802 27,
829 4729 890 4801 8,
934 4725 1195 4788 nummi.
1258 4724 1388 4787 Die
1427 4725 1466 4788 3
1512 4745 1711 4788 mens.
1743 4721 2028 4806 Augusti
2066 4744 2122 4790 a.
2164 4722 2281 4786 178
2320 4742 2469 4786 cum
2514 4730 2697 4807 patre
2740 4722 2975 4787 iterum
3021 4722 3085 4786 in
3118 4721 3278 4789 Ger-

694 4812 977 4890 maniam
1024 4826 1351 4912 profectus
1397 4837 1495 4891 est
1529 4827 1665 4890 rita
1693 4831 1760 4902 2,
1789 4830 1866 4903 5,·
1906 4829 2011 4903 12,
2044 4829 2101 4891 6.
2176 4826 2371 4890 Pater
2414 4823 2841 4889 moribundus
2873 4846 3020 4891 eum
3058 4826 3281 4889 amicis

695 4940 760 4994 et
802 4928 1111 4994 militibus
1158 4930 1637 4994 commendavit
1671 4927 1807 4993 Dio
1840 4933 1938 5006 71,
1968 4932 2069 5005 34,
2115 4926 2466 4995 Herodian.
2499 4932 2556 5004 1,
2588 4932 2628 4991 4
2673 4927 2888 5011 (aliter
2913 4929 3023 4996 vit.
3060 4926 3285 4992 Marci

693 5038 798 5109 27,
833 5037 945 5108 11,·
989 5036 1097 5109 28,
1130 5032 1256 5113 10).
1331 5032 1527 5098 Patre
1571 5041 1826 5097 mortuo
1871 5029 1979 5094 die
2027 5032 2104 5096 17
2139 5052 2338 5095 mens.
2373 5029 2593 5095 Martii
2635 5051 2693 5094 a.
2729 5030 2853 5094 180
2891 5028 3283 5096 Commodus

694 5135 868 5200 solus
928 5136 1272 5222 imperium
1319 5136 1463 5200 iniit
1507 5136 1589 5218 cf.
1633 5134 1700 5198 A
1744 5139 1883 5201 537.
1976 5131 2188 5199 Paulo
2217 5137 2370 5216 post
2412 5133 2676 5199 nomina
2717 5133 2988 5199 mutavit
3030 5136 3092 5199 et
3137 5131 3283 5198 inde
