3859 5992
627 480 988 541 COCCEIVS
1925 472 2052 538 428
2981 481 3335 538 COCCEIVS

757 682 824 745 in
852 679 1018 744 libro
1053 677 1381 743 CXXVII
1412 681 1561 741 teste
1592 675 1883 754 laudato;
1930 682 2018 754 at,
2058 676 2243 742 modo
2271 681 2437 743 recte
2475 696 2775 742 numerus
2820 677 2975 742 libri
3017 678 3331 756 tradatur,

753 782 1113 867 Pmplmrio
1141 780 1312 863 falso
1341 800 1468 844 non
1499 779 1588 844 ad
1622 780 2034 846 Tarentinum
2061 781 2301 863 foedus,
2326 780 2437 846 sed
2465 781 2552 845 ad
2577 781 3043 847 Brundisinum
3071 783 3328 847 satiram

757 885 1024 951 Horatii
1077 881 1338 948 rettulit.
1430 880 1604 946 Nam
1658 903 1735 947 eoe
1779 882 2106 965 periochis
2163 883 2472 948 librorum
2530 884 2704 948 Livii
2760 889 3055 967 apparet,
3118 884 3328 966 foedus

763 987 1174 1053 Tarentinum
1220 984 1382 1049 libro
1428 984 1754 1048 centesimo
1796 985 2087 1049 vicesimo
2133 989 2349 1049 octavo
2385 985 2629 1050 deinum
2662 988 3009 1051 memorari
3035 988 3325 1070 potuisse.

880 1088 1123 1154 Frater
1162 1086 1408 1151 videtur
1453 1085 1553 1150 M.
1598 1085 1818 1151 Coccei
1864 1086 2119 1152 Nervae
2163 1088 2436 1153 consulis
2480 1110 2540 1153 α.
2576 1093 2696 1153 718
2723 1119 2809 1143 =
2837 1095 2923 1154 36
2966 1091 3046 1172 cf.
3092 1111 3155 1154 n.
3190 1093 3324 1156 971.

757 1193 1108 1275 Perperam
1152 1189 1385 1253 dicitur
1428 1209 1592 1252 avus
1637 1188 1894 1253 Nervae
1941 1191 2050 1275 qui
2098 1190 2441 1275 imperavit
2470 1189 2785 1275 Porphyr.
2831 1190 2873 1256 l.
2919 1191 2958 1256 l.
2990 1229 3076 1237 —
3109 1191 3326 1256 Coccei

760 1295 933 1378 villa,
982 1314 1152 1381 quae
1195 1312 1389 1377 super
1434 1299 1530 1354 est
1575 1289 1784 1356 Caudi
1831 1313 2158 1377 cauponas
2203 1292 2437 1358 Horat.
2485 1293 2524 1360 l.
2572 1294 2612 1359 l.
2657 1315 2713 1359 v.
2756 1299 2841 1359 50
2874 1314 2965 1377 sq.

630 1402 748 1466 971
801 1409 880 1464 Μ.
927 1404 1286 1461 COCCEIVS
1331 1402 1624 1471 NERVA,
1672 1393 1897 1459 consul
1943 1417 2113 1459 anno
2161 1396 2285 1460 718
2332 1426 2415 1449 =
2460 1396 2541 1461 36
2585 1419 2644 1461 a.
2690 1395 2766 1462 C.
2812 1418 2960 1461 cum
3003 1398 3081 1462 L.
3131 1396 3329 1465 Gellio

760 1498 1109 1589 Poplicola.
1157 1498 1454 1564 Nummi:
1485 1502 1551 1582 a)
1583 1497 1654 1561 in
1685 1497 1954 1562 adversa
1983 1503 2178 1582 caput
2208 1499 2306 1566 M.
2332 1498 2608 1564 Antonii
2635 1499 2990 1565 exhihmtes
3018 1500 3332 1581 inscripti:

762 1606 851 1670 M.
884 1603 1039 1668 Ant.
1072 1603 1224 1687 imp.
1271 1621 1421 1682 aug.
1467 1600 1677 1665 Illvir
1721 1623 1770 1665 r.
1819 1622 1881 1686 p.
1928 1622 1983 1668 c.
2029 1600 2119 1665 M.
2159 1601 2379 1667 Nerva
2422 1625 2603 1688 proq.
2650 1624 2730 1689 p.,
2775 1603 2847 1667 in
2891 1623 3118 1669 aversa
3157 1607 3335 1685 caput

758 1711 836 1774 L.
883 1705 1185 1772 Antonii:
1243 1704 1320 1768 L.
1367 1703 1690 1768 Antonius
1750 1725 1879 1768 cos.
1924 1703 2248 1780 Babelm,
2309 1705 2651 1770 Monnaies
2709 1705 2784 1770 de
2841 1705 2910 1770 la
2952 1704 3337 1788 Republique

760 1810 1076 1876 Romaine
1106 1807 1157 1871 I
1174 1828 1247 1889 p.
1286 1810 1416 1870 367
1450 1826 1514 1870 n.
1558 1811 1633 1884 1,·
1676 1805 1748 1888 ,2)
1807 1806 2026 1871 eadem
2085 1806 2351 1871 adversa
2405 1808 2538 1872 nisi
2591 1806 2757 1889 quod
2812 1808 3199 1891 adscriptum
3254 1811 3337 1871 est

761 1914 849 1980 M.
891 1913 1113 1977 Nerva
1155 1932 1215 1995 q.
1264 1930 1345 1993 p.,
1393 1909 1464 1972 in
1508 1928 1732 1972 aversa
1776 1914 1968 1990 caput
2021 1908 2090 1976 0.
2132 1907 2433 1974 Caesaris
2477 1930 2617 1974 cum
2658 1911 3071 1994 inscriptione
3112 1910 3342 1975 Caesar

763 2020 916 2102 imp.
964 2024 1140 2101 pont.
1186 2012 1396 2076 IIIvir
1440 2033 1492 2075 r.
1538 2032 1602 2096 p.
1649 2032 1705 2075 c.
1752 2009 2043 2076 Babelon
2083 2032 2147 2075 n.
2179 2016 2244 2077 ,2.

891 2118 974 2183 In
1030 2114 1396 2181 consulatu:
1453 2112 1541 2180 M.
1591 2112 1904 2179 Cocceius
1961 2113 2184 2178 Nerva
2238 2112 2373 2179 Dio
2430 2113 2561 2179 ind.
2623 2114 2665 2179 l.
2719 2118 2839 2194 49‚·
2894 2114 2986 2179 M.
3036 2114 3337 2181 Cocceius

765 2221 928 2305 fasti
967 2219 1118 2283 min.
1165 2215 1350 2282 VIII
1383 2214 1532 2282 CIL
1574 2215 1655 2280 1²
1689 2237 1762 2298 p.
1808 2219 1906 2293 65,
1964 2215 2364 2295 Cassiodor.‚·
2421 2217 2511 2281 M.
2558 2217 2794 2284 Coceio
2837 2216 2977 2301 (sic)
3021 2217 3075 2282 I
3109 2221 3224 2283 795
3272 2219 3335 2281 in

767 2330 1003 2390 tessera
1062 2318 1493 2404 yladiatoria5
1555 2316 1864 2383 Cocceius
1928 2318 2152 2383 Nerva
2208 2318 2341 2384 Dio
2385 2323 2486 2396 49,
2529 2325 2587 2396 1,
2649 2325 2919 2385 ceterum
2971 2319 3205 2384 Nerva.
3263 2356 3334 2366 —

767 2426 856 2495 M.
902 2425 1124 2489 Nerva
1164 2420 1423 2486 nummi.
2281 2479 2288 2487 ,

898 2524 1275 2610 Q(uaestor)
1304 2544 1369 2588 n.
1393 2528 1458 2606 2,
1491 2544 1610 2607 pro
1643 2521 2043 2609 q(uaestore)
2074 2545 2242 2589 anno
2268 2524 2392 2589 713
2425 2552 2506 2577 =
2535 2526 2613 2589 41
2649 2548 2707 2589 a.
2734 2523 2808 2590 C.
2841 2545 2905 2590 n.
2936 2529 3011 2602 1,·
3042 2546 3103 2609 p.
3136 2524 3339 2589 littera

757 2635 910 2716 post
966 2651 1028 2716 q.
1087 2626 1241 2711 quid
1293 2625 1610 2709 siqnificet
1667 2646 1794 2690 non
1853 2631 2134 2706 constat:
2174 2648 2520 2710 perperam
2559 2628 2809 2692 omnino
2854 2626 3005 2710 leyit
3061 2625 3335 2692 Babelon

775 2729 1268 2822 p(rovincialis),
1329 2728 1477 2815 p(ro
1523 2728 1852 2814 praetore)
1894 2734 2323 2813 proposuerat
2363 2728 2607 2795 Eckhel
2649 2729 2770 2794 IV
2784 2751 2856 2812 p.
2901 2733 3049 2795 248.
3094 2766 3180 2775 —
3221 2728 3338 2793 Hic

770 2836 1018 2900 videtur
1075 2833 1276 2897 frater
1334 2831 1411 2898 L.
1457 2830 1748 2914 Nervae,
1812 2853 2006 2918 quem
2066 2833 2130 2895 in
2182 2834 2459 2913 gratiam
2521 2832 2709 2897 Lucii
2769 2832 3054 2896 servavit
3112 2830 3341 2897 Caesar

769 2938 1055 3022 Appian.
1089 2934 1229 3000 bell.
1262 2934 1374 2999 civ.
1405 2937 1464 3011 5,
1497 2937 1611 3012 61;
1655 2932 1866 2998 eodem
1898 2934 2223 3016 pertinent
2263 2934 2457 2999 verba
2501 2934 2778 3000 Senecae
2822 2933 2898 2998 de
2941 2933 3113 2999 clem
3147 2940 3203 3011 1,
3240 2938 3341 2999 10.-

772 3038 1161 3124 (Augustus)
1191 3034 1596 3102 ‘Sallustium
1626 3044 1691 3098 et
1721 3034 2028 3101 Cocceios
2061 3046 2125 3100 et
2153 3033 2401 3100 Dellios
2434 3045 2499 3099 et
2529 3044 2728 3099 totam
2753 3034 3080 3100 cohortem
3106 3037 3343 3123 primae

773 3141 1181 3209 admissionis
1240 3161 1324 3203 ex
1378 3137 1894 3203 adversariorum
1959 3139 2186 3202 castris
2246 3137 2649 3224 conscripsit'
2700 3143 2846 3219 etc,
2908 3138 3026 3203 ubi
3079 3160 3155 3203 ex
3213 3160 3342 3203 con-

773 3250 945 3312 textu
1004 3246 1273 3327 apparet
1332 3241 1614 3307 Nervam
1668 3240 1981 3323 quendam
2046 3245 2270 3305 contra
2328 3240 2666 3306 Caesarem
2717 3260 3070 3323 puynasse‚
3126 3247 3343 3325 postea

773 3350 1021 3414 veniam
1066 3345 1147 3409 ab
1195 3365 1265 3409 eo
1307 3344 1694 3426 impetrasse.
1782 3342 1874 3408 Et
1914 3343 2050 3407 veri
2099 3347 2190 3407 est
2231 3342 2434 3407 simile
2482 3342 2580 3407 M.
2630 3341 2912 3407 Nervam
2955 3343 3114 3409 bello
3157 3344 3346 3408 Pem-

778 3452 917 3517 sino
962 3471 1006 3514 a
1037 3448 1342 3532 partibus
1382 3447 1460 3511 L.
1506 3444 1781 3510 Antonii
1820 3446 2081 3512 stetisse.
2149 3444 2395 3511 Consul
2438 3467 2496 3512 a.
2531 3445 2654 3510 718
2684 3474 2769 3499 =
2799 3446 2882 3511 36
2923 3467 2980 3512 v.
3022 3466 3241 3530 supra.
3274 3483 3345 3492 —

779 3554 960 3620 Idem
986 3551 1234 3616 videtur
1263 3549 1352 3614 M.
1385 3548 1695 3615 Cocceius
1729 3548 2206 3636 quindecimvir
2237 3550 2437 3614 sacris
2468 3548 2789 3614 faciundis
2819 3572 2988 3614 anno
3021 3550 3144 3617 737
3172 3549 3346 3615 =17

780 3680 837 3721 a.
885 3655 957 3721 C.
1006 3658 1153 3718 acta
1193 3651 1577 3729 saecularia,
1612 3656 1807 3734 pater
1850 3653 1986 3716 eius
2027 3652 2139 3732 qui
2179 3651 2479 3734 sequitur.

652 3762 778 3826 972
823 3769 900 3823 Μ.
950 3766 1307 3821 COCOEIVS
1367 3764 1659 3837 NERVA,
1721 3754 1947 3819 consul
1993 3751 2313 3839 (suffectus
2360 3758 2505 3818 ante
2550 3775 2785 3819 annum
2829 3760 2917 3821 24
2946 3776 3019 3838 p.
3064 3754 3162 3839 0.)
3213 3777 3351 3820 cum

785 3861 860 3927 C.
905 3859 1104 3926 Vibio
1150 3857 1407 3924 Rufino.
1457 3895 1534 3903 —
1586 3857 1989 3923 Memoratur
2032 3858 2101 3921 in
2142 3857 2363 3940 fistula
2390 3856 2701 3940 plumbea
2736 3858 2993 3922 urbana
3020 3859 3354 3935 Lamiani,

780 3963 1014 4048 sylloye
1061 3962 1336 4045 aquaria
1377 3981 1442 4025 n.
1470 3964 1598 4026 567
1609 3981 1671 4024 a.

915 4065 1127 4130 Plena
1174 4064 1436 4130 nomina
1494 4067 1712 4127 extant
1755 4063 1825 4126 in
1883 4061 2247 4126 consulatus
2288 4061 2674 4128 indicatione
2718 4061 2823 4128 VI
2845 4067 3023 4129 1539.
3069 4069 3252 4142 9005,
3295 4065 3359 4130 in

786 4167 1024 4253 fistula,
1072 4166 1248 4251 apud
1286 4166 1708 4243 Frontinum:
1753 4169 2023 4229 ceterum
2068 4163 2380 4229 Cocceius
2422 4165 2647 4230 Nerva
2689 4167 2817 4230 sive
2862 4166 3102 4232 Nerva.

915 4270 1006 4335 M.
1053 4270 1097 4337 f.
1145 4270 1247 4335 VI
1279 4274 1459 4346 1539,
1504 4268 1681 4352 filius
1732 4271 1803 4331 ut
1844 4267 2093 4332 deetur
2140 4268 2238 4333 M.
2282 4267 2533 4333 Nervae
2578 4267 2850 4333 consulis
2893 4290 2953 4333 a.
3003 4273 3122 4334 718
3164 4300 3248 4325 =
3288 4276 3365 4336 36

791 4397 850 4442 α.
901 4371 967 4442 G.
1065 4372 1308 4439 Consul
1368 4370 1690 4458 (suffectus
1749 4392 1917 4436 anno
1976 4372 2212 4435 incerto
2280 4370 2523 4435 Tiberii
2580 4375 2724 4435 ante
2782 4392 2844 4436 a.
2887 4376 3000 4456 24)
3060 4371 3165 4438 VI
3194 4379 3364 4451 1539,

792 4498 1010 4542 mense
1055 4475 1350 4560 Augusto
1400 4475 1503 4541 VI
1534 4478 1736 4552 9005,·
1779 4471 2135 4538 consularis
2189 4473 2318 4538 Tac
2362 4494 2422 4540 a.
2458 4479 2518 4550 4,
2556 4477 2657 4540 58.
2733 4472 3014 4539 Curator
3055 4496 3364 4562 aquarum

793 4603 851 4646 a.
896 4580 1153 4646 24-33
1194 4578 1494 4645 Frontin'.
1543 4577 1617 4643 de
1662 4599 1761 4660 aq.
1799 4581 1964 4654 102,·
2009 4574 2098 4640 ad
2135 4574 2301 4640 hanc
2345 4596 2565 4640 curam
2595 4577 2876 4658 pertinet
2918 4578 3139 4659 fistula
3179 4601 3371 4664 supra

791 4686 1160 4748 memorata.
1248 4682 1442 4746 Anno
1488 4682 1572 4746 26
1615 4680 1953 4745 Tiberium
2003 4679 2067 4741 in
2116 4676 2538 4764 Campaniam
2590 4677 2994 4743 secedentem
3040 4683 3372 4747 comitatus

797 4794 897 4850 est
926 4787 1073 4853 Tac.
1109 4806 1167 4853 a.
1197 4790 1257 4862 4,
1286 4788 1409 4862 58,”
1438 4783 1702 4849 Caesari
1729 4779 2269 4846 familiarissimus
2293 4781 2682 4866 Pomponius
2711 4780 2957 4865 Diyest.
2987 4786 3044 4859 1,
3077 4787 3145 4859 2,
3175 4789 3243 4861 2,
3272 4787 3372 4848 48.

798 4889 990 4954 Anno
1035 4891 1119 4954 33
1177 4910 1322 4952 cum
1381 4887 1726 4951 continuus
1766 4882 2028 4949 Tiberio
2076 4883 2333 4969 fuisset,
2397 4886 2647 4968 integro
2708 4894 2910 4969 statu,
2972 4907 3246 4971 corpore
3288 4889 3376 4952 in·

799 4990 975 5057 laeso
1019 4990 1333 5056 moriendi
1381 4988 1719 5054 consilium
1765 4987 1939 5073 cepit
1983 4996 2061 5070 et,
2111 5009 2504 5074 quamquam
2538 4987 2845 5053 Tiberius
2875 4987 2934 5051 ei
2976 5009 3376 5076 summopere

804 5094 1272 5177 refragabatur,
1318 5094 1517 5157 vitam
1565 5091 1782 5156 inedia
1823 5090 2035 5154 finivit
2087 5089 2232 5158 Tac.
2281 5112 2342 5155 a.
2387 5095 2448 5167 6,
2492 5095 2599 5167 26,
2644 5088 2777 5154 Dio
2819 5092 2920 5166 58,
2965 5094 3073 5156 21.
