3859 5992
526 632 3225 645 w—m-w——Q

637 737 728 798 est
769 734 1040 799 Iuncum-
1086 732 1280 817 leyati
1326 734 1649 817 praetorii
1690 754 1945 799 munere
1997 733 2069 798 in
2110 732 2366 798 Achaia
2412 733 2702 816 functum
2745 752 2892 798 esse.
2982 731 3224 798 Consul

633 860 690 901 a.
737 835 800 901 d.
847 836 909 901 V
954 836 1041 900 id.
1090 834 1355 902 Octobr.
1401 860 1459 904 a.
1495 837 1616 902 127
1662 857 1716 901 v.
1761 856 1981 920 supra.

763 938 978 1004 Potest
1034 938 1197 1004 idem
1259 959 1390 1004 esse
1448 940 1526 1005 L.
1573 937 1891 1004 Aemilius
1941 941 2184 1005 Iuncus
2241 941 2311 1004 in
2364 940 2580 1023 fistula
2643 941 2918 1022 aquaria
2967 939 3225 1003 urbana

636 1042 960 1106 Lanciani
1000 1041 1140 1125 syll.
1189 1063 1412 1123 aquar.
1459 1045 1585 1107 567
1595 1063 1616 1120 ,·
1668 1044 1944 1124 fortasse
1989 1042 2076 1107 ad
2115 1042 2278 1107 hunc
2321 1048 2607 1125 spectant
2652 1043 2897 1125 tequlae
2935 1043 3223 1107 urbanae

634 1167 718 1208 ex
748 1142 989 1228 figlinis
1019 1145 1348 1209 Iuncianis
1379 1168 1436 1212 a.
1473 1146 1597 1210 123
1625 1145 1694 1209 Χ
1711 1143 1914 1211 7257
1940 1151 1999 1210 et
2027 1146 2454 1228 fraymentmn
2486 1146 2658 1210 tituli
2683 1142 2840 1210 CIA
2871 1145 3004 1210 III
3014 1149 3220 1213 622α.

509 1248 630 1312 236
674 1246 754 1328 Q.
788 1246 1108 1312 Aemilius
1140 1248 1403 1312 Laetus.
1462 1246 1669 1312 Plena
1696 1249 1958 1312 nomina
1994 1252 2214 1313 extant
2250 1249 2357 1314 vit.
2400 1247 2635 1313 Comm.
2667 1252 2767 1324 17,
2800 1253 2859 1325 1,
2904 1246 3221 1313 Aemilius

634 1350 877 1414 Laetus
923 1348 1057 1414 Dio
1105 1355 1207 1427 72,
1255 1355 1369 1427 19,
1429 1351 1673 1415 Laetus
1719 1350 1905 1415 alibi.
1948 1388 2029 1398 -
2077 1351 2454 1416 Praefectus
2501 1353 2821 1436 praetorio
2868 1349 2989 1416 sub
3033 1350 3220 1416 Com-

630 1453 822 1518 modo
868 1454 977 1517 vit.
1019 1452 1267 1518 Pertin.
1313 1459 1372 1530 4,
1420 1458 1478 1530 5,
1526 1452 1658 1518 Dio
1705 1458 1809 1531 72,
1848 1458 1951 1530 19,
1999 1453 2351 1519 Herodian.
2386 1459 2443 1531 1,
2479 1459 2575 1531 16,
2607 1459 2666 1532 5,
2714 1454 2834 1520 sub
2879 1454 3222 1518 Pertinace

630 1557 737 1620 vit.
785 1555 1028 1620 Pertin.
1076 1561 1177 1632 10,
1225 1560 1302 1633 8;
1346 1561 1444 1632 11,
1495 1561 1537 1619 7
1578 1555 1972 1641 (praefectus
2029 1557 2195 1622 nude
2238 1558 2557 1641 passim).
2655 1555 2820 1622 Cum
2866 1555 3220 1623 Commodo

628 1656 1008 1741 gladiatoris
1053 1657 1280 1723 habitu
1327 1660 1642 1743 pugnavit
1684 1657 1817 1724 Dio
1850 1664 1952 1735 72,
1985 1664 2102 1738 19,·
2141 1682 2288 1724 eum
2334 1658 2681 1746 prohibuit,
2732 1680 2813 1722 ne
2857 1659 3080 1725 urbem
3128 1661 3219 1723 in-

629 1760 935 1826 cenderet
974 1762 1081 1825 vit.
1125 1760 1362 1826 Gomm.
1405 1764 1505 1839 15,
1557 1766 1615 1826 7.
1706 1761 1845 1828 Sub
1902 1762 2098 1826 finem
2158 1786 2215 1828 a.
2265 1763 2388 1827 192
2438 1783 2585 1826 cum
2630 1760 2878 1827 Marcia
2922 1763 2989 1825 in
3036 1761 3222 1828 Com·

628 1863 892 1929 modum
959 1865 1324 1928 coniuravit
1388 1874 1453 1929 et
1519 1886 1666 1929 eum
1730 1864 2055 1929 interfecit
2117 1864 2178 1929 d.
2244 1866 2319 1930 31
2392 1887 2591 1930 mens.
2663 1864 3043 1930 Decembris
3109 1865 3217 1929 vit.

626 1965 864 2030 Comm.
896 1969 996 2042 17,
1044 1964 1287 2030 Pertin.
1318 1970 1378 2043 5,
1412 1970 1469 2044 1,
1503 1965 1636 2032 Dio
1670 1971 1772 2044 72,
1805 1972 1899 2033 22
1931 1968 2198 2049 (Zonar.
2229 1972 2336 2044 12,
2368 1971 2453 2052 5),
2486 1966 2839 2032 Herodian.
2871 1973 2929 2046 1,
2963 1973 3061 2044 16,
3094 1973 3222 2032 1——

632 2074 687 2145 1,
737 2073 837 2145 17,
901 2079 969 2133 et
1030 2067 1262 2134 detulit
1319 2089 1594 2153 regnum
1661 2070 1983 2134 Pertinaci
2040 2072 2148 2134 vit.
2205 2069 2449 2135 Pertin.
2494 2076 2565 2147 4,
2611 2073 2763 2147 5-7,
2823 2069 2956 2136 Dio
3004 2075 3113 2147 73,
3159 2076 3218 2148 1,

629 2170 989 2236 Herodian.
1035 2177 1101 2249 2,
1138 2177 1301 2249 1-2,·
1356 2170 1562 2259 multa
1622 2173 1687 2236 in
1746 2170 2202 2237 contumeliam
2248 2172 2584 2263 Commodi
2645 2172 2798 2238 fecit
2841 2171 2974 2238 Dio
3020 2178 3117 2250 73,
3162 2178 3218 2241 6.

629 2274 803 2337 Dein
835 2276 1204 2339 coniuravit
1237 2276 1302 2339 in
1331 2275 1740 2339 Pertinacem
1770 2277 1878 2339 vit.
1904 2275 2151 2340 Pertin.
2183 2280 2281 2354 10,
2313 2279 2357 2340 8
2383 2296 2545 2358 seq.‚·
2576 2281 2675 2353 11,
2710 2280 2767 2353 7,
2815 2274 2946 2340 Dio
2970 2280 3068 2352 73,
3091 2279 3152 2339 8.
3180 2280 3219 2340 9

627 2374 897 2454 (Zonar.
931 2382 1037 2454 12,
1069 2376 1152 2460 6),
1200 2399 1328 2463 quo
1368 2378 1576 2442 occiso
1623 2388 1688 2442 et
1731 2378 1869 2464 ipse
1914 2401 1955 2443 a
1999 2377 2197 2443 Didio
2243 2377 2498 2443 Iuliano
2544 2378 2923 2443 interfectus
2970 2389 3066 2443 est
3108 2379 3216 2443 vit.

624 2476 781 2543 Did.
817 2483 875 2554 6,
906 2483 971 2556 2,
1019 2478 1152 2544 Dio
1196 2485 1292 2557 73,
1326 2484 1407 2544 16
1450 2480 1717 2564 (Zonar.
1760 2486 1864 2557 12,
1903 2479 1986 2564 79.
2031 2518 2119 2528 —
2163 2480 2364 2546 Laeto
2420 2481 2817 2564 suffragante
2863 2480 3217 2566 Septimius

628 2580 915 2647 Severus
961 2584 1276 2648 exercitui
1322 2583 1714 2650 Germanico
1760 2585 2167 2670 praepositus
2213 2594 2310 2649 est
2351 2585 2459 2648 vit.
2495 2584 2636 2650 Sev.
2666 2590 2724 2661 4,
2758 2590 2814 2649 4.

502 2682 622 2748 237
669 2685 746 2750 Τ.
795 2684 1023 2750 Aelius
1066 2685 1356 2770 Largus,
1418 2687 1495 2751 Τ.
1541 2688 1618 2769 f.,
1681 2709 1877 2773 eques
1919 2686 2277 2769 Romanus,
2325 2696 2707 2773 procurator
2750 2686 2919 2770 Aug.
2965 2685 3216 2772 byblio-

624 2787 961 2852 thecarum
1004 2787 1195 2853 XIV
1218 2794 1389 2854 2916
1434 2795 1477 2853 t.
1525 2789 1998 2858 Praenestinus,

502 2890 620 2955 238
665 2900 1034 2955 AEMILIVS
1082 2900 1558 2975 LATINIANVS,
1608 2893 2011 2980 συγκλητικός,
2055 2895 2303 2958 amicus
2338 2891 2534 2958 Acilii
2568 2891 2945 2959 Glabrionis
2991 2893 3078 2976 (n.
3109 2890 3215 2974 48)

619 2992 724 3058 CI
723 2992 789 3058 G
824 2997 1018 3059 2979.

503 3097 622 3160 239
668 3098 1091 3181 (AEMILIVS)
1124 3107 1445 3162 LEPIDVS
1484 3100 1692 3163 nescio
1722 3101 1862 3181 quis
1892 3099 2152 3182 publice
2180 3099 2527 3165 honoratus
2574 3105 2616 3164 t.
2647 3100 2866 3164 Attico
2905 3096 3063 3162 CIA
3090 3100 3213 3162 574

620 3200 902 3265 incertae
947 3202 1196 3266 aetatis.
2495 3222 2500 3227 ’

501 3304 620 3368 240
664 3352 681 3369 .
723 3353 739 3368 .
800 3313 1165 3367 AEMILIVS
1235 3313 1550 3368 LEPIDVS
1629 3306 1798 3370 inter
1859 3315 2053 3371 testes
2113 3316 2375 3371 senatus
2434 3302 2878 3369 consultorum
2935 3300 3069 3366 Mai
3131 3300 3214 3364 23

622 3429 680 3471 a.
731 3406 855 3471 737
902 3436 988 3460 =
1036 3408 1112 3472 17
1161 3411 1309 3472 acta
1352 3407 1739 3472 saecularia.

498 3508 613 3573 241
665 3510 758 3590 (C.
806 3509 1199 3592 AEMILIVS)
1247 3519 1585 3593 LEPIDVS,
1634 3515 2024 3575 memoratur
2065 3512 2134 3575 in
2180 3511 2361 3576 titulo
2408 3511 2622 3577 liberti
2672 3509 2775 3575 VI
2808 3512 2990 3575 6071.

502 3611 620 3674 242
666 3612 772 3676 Μ’.
816 3619 1183 3674 AEMILIVS
1230 3621 1571 3689 LEPIDVS,
1620 3612 1843 3677 consul
1887 3636 1945 3677 a.
1997 3614 2066 3678 11
2121 3636 2182 3698 p.
2231 3612 2305 3681 O.
2353 3636 2499 3678 cum
2543 3614 2620 3681 T.
2669 3609 2924 3677 Statilio
2971 3610 3211 3674 Tauro.

624 3712 1031 3777 Memoratur
1078 3713 1150 3777 in
1195 3716 1238 3776 t.
1286 3713 1590 3796 acephalo
1635 3715 1832 3798 leyati
1878 3714 2064 3780 VIII
2097 3720 2270 3782 9247
2303 3713 2394 3800 (1)
2441 3716 2582 3798 (ubi
2624 3714 2906 3779 traditur
2949 3722 3049 3776 VE
3082 3732 3211 3793 pro

625 3815 781 3896 M'.),
841 3814 912 3879 in
967 3819 1008 3878 t.
1044 3816 1364 3897 praefecti
1418 3816 1676 3898 fabrum
1722 3817 1856 3883 III
1886 3822 2014 3883 398
2056 3849 2139 3871 z
2180 3818 2314 3883 III
2344 3817 2414 3884 S.
2450 3821 2614 3883 7089
2659 3816 2773 3902 (2),
2835 3816 3050 3881 liberti
3106 3812 3206 3878 VI

627 3922 789 3983 9359
836 3916 944 3999 (3).
1370 3978 1375 3981 ,

749 4019 834 4085 In
878 4020 1242 4085 consulatu:
1300 4021 1457 4106 [M'.]
1516 4021 1881 4106 [Ae]milius
1938 4024 2227 4110 Lepidus
2286 4026 2437 4107 fast.
2480 4023 2672 4106 Gap„
2726 4022 2843 4088 Μ’.
2890 4018 3210 4087 Aemilius

623 4125 772 4203 fast.
806 4121 1165 4199 Arvalium,
1212 4122 1302 4188 M.
1343 4120 1485 4207 (sic)
1530 4124 1849 4190 Aemilius
1892 4125 2182 4212 Lepidus
2226 4129 2378 4209 fast.
2421 4128 2570 4191 min
2611 4124 2733 4190 XI
2737 4123 2902 4189 V==
2930 4124 3003 4190 X
3028 4127 3207 4199 6639,

619 4224 752 4291 Dio
804 4225 936 4293 ind.
986 4225 1027 4291 l.
1069 4231 1151 4292 56
1165 4247 1185 4305 ;
1244 4231 1343 4303 56,
1388 4232 1511 4306 25;
1568 4228 1686 4294 Μ’.
1741 4228 2058 4295 Aemilius
2116 4231 2407 4317 Lepidus
2465 4229 2580 4295 IX
2612 4232 2789 4305 1456,
2835 4226 2999 4292 XII
3027 4229 3206 4302 4333,

619 4327 809 4393 XIV
823 4332 1019 4405 2302,
1067 4329 1184 4396 Μ’.
1232 4329 1520 4417 Lepidus
1562 4331 1614 4396 I
1649 4336 1788 4409 759,
1834 4338 2105 4397 ceterum
2146 4332 2437 4420 Lepidus
2480 4333 2660 4414 fasti.
2708 4370 2786 4380 —-
2846 4330 2931 4395 In
2976 4327 3211 4393 titulis:

621 4431 766 4512 (M’.
812 4428 1161 4513 Aemilius)
1202 4432 1494 4519 Lepidus
1541 4438 1583 4499 t.
1628 4439 1687 4499 3.
1762 4434 1873 4499 Μ’.
1917 4436 2206 4521 Lepidus
2253 4442 2295 4501 t.
2329 4441 2387 4501 1.
2425 4442 2490 4502 2.
2526 4472 2602 4481 -
2636 4433 2834 4517 Apud
2870 4433 3210 4515 scriptores

614 4555 1011 4617 praenomen
1056 4535 1281 4600 Manii
1324 4535 1554 4602 litteris
1600 4540 1981 4620 perscripiis
2038 4560 2165 4604 uno
2225 4539 2357 4605 loco
2409 4544 2570 4605 certe
2615 4537 2896 4602 traditur
2950 4534 3096 4600 Tac.
3147 4554 3209 4599 a.

614 4643 674 4713 3,
721 4642 835 4713 22,
901 4642 1169 4702 ceterum
1227 4638 1462 4703 dicitur
1513 4640 1775 4705 Marcus
1821 4641 2110 4728 Lepidus
2165 4644 2294 4707 sive
2337 4640 2643 4729 Lepidus,
2734 4641 2936 4704 Locos
3002 4637 3213 4702 Taciti

617 4741 728 4821 qui
756 4741 1007 4822 partim
1053 4740 1143 4806 ad
1183 4741 1348 4806 hunc
1381 4744 1631 4824 partim
1677 4744 1765 4807 ad
1809 4744 2108 4809 Marcum
2143 4745 2456 4829 Lepidum
2501 4743 2812 4809 consulem
2857 4763 2916 4808 a.
2949 4744 2988 4806 6
3019 4760 3092 4822 p.
3136 4736 3206 4803 G.

621 4843 961 4923 pertinent,
992 4847 1158 4908 recte
1188 4843 1481 4910 distinxit
1508 4844 1824 4929 Boryhesi
1853 4869 1991 4930 opp.
2027 4847 2232 4914 V287
2254 4869 2384 4932 sqq.
2427 4847 2943 4912 Fundamentum
2973 4846 3208 4908 certum

618 4944 1041 5011 distinctionis
1069 4948 1385 5029 praebent
1413 4950 1607 5013 verba
1646 4949 1855 5014 Taciti
1884 4971 2030 5015 ann.
2061 4957 2119 5027 3,
2151 4956 2240 5017 32
2284 4973 2443 5034 quae
2474 4950 2562 5015 ad
2591 4949 2913 5024 Marcum,
2963 4951 3022 5011 et
3052 4964 3201 5008 ann.

615 5053 674 5125 3,
705 5052 822 5127 35;
864 5054 924 5126 4,
955 5052 1037 5113 56
1079 5070 1242 5131 quae
1276 5049 1365 5114 ad
1395 5050 1698 5116 Manium
1726 5073 1855 5118 non
1886 5059 2159 5136 possunt
2198 5075 2326 5119 non
2368 5054 2620 5137 reterri,
2669 5051 2891 5118 deinde
2935 5071 2996 5113 a.
3031 5054 3088 5125 6,
3119 5051 3212 5112 27

620 5150 757 5216 coll.
803 5172 945 5217 cum
989 5173 1047 5219 a.
1085 5157 1145 5228 4,
1176 5156 1283 5219 29.
