3859 5992
612 522 1084 580 CALPVRNIVS
1907 514 2037 580 284
2853 522 3317 579 CALPVRNIVS

684 726 689 731 ’
734 723 932 787 misso
993 721 1061 784 in
1122 740 1267 785 eam
1294 747 1303 755 ·
1327 740 1469 784 rem
1524 718 1737 803 legato
1798 717 2066 785 tradidit
2104 718 2239 784 Dio
2278 723 2381 797 59,
2425 724 2515 786 20
2560 719 2810 802 (eontra
2862 719 3119 785 Tacitus
3151 718 3318 788 ,hist

714 827 794 900 ’4,
820 826 904 887 48
932 822 1005 888 id
1030 822 1274 905 factum
1304 842 1435 889 esse
1462 844 1511 887 a,
1532 821 1706 889 Gaio
1733 822 2014 905 scripsit,
2044 843 2185 888 cnm
2207 822 2308 888 M.
2335 822 2603 889 Silanus
2616 821 2920 903 Africam
2947 820 3322 905 moeret).—

636 936 657 989 ’,
739 926 819 993 L.
849 927 1022 1009 Piae,
1055 935 1242 1010 pater
1270 926 1525 991 Pisonis
1571 924 1742 993 illius
1787 927 1899 1011 qui
1944 948 1988 990 a
2017 924 2280 991 Valerio
2311 925 2506 991 Festo
2550 927 2618 989 in
2648 925 2875 991 Africa
2917 925 3170 991 occisus
3211 935 3322 1005 est,

741 1028 959 1093 dicere
1017 1027 1264 1094 solebat
1321 1029 1649 1093 neminem
1692 1050 1763 1092 se
1805 1026 2033 1092 videre
2077 1029 2144 1091 in
2190 1038 2437 1110 senatu,
2494 1048 2687 1113 quem
2732 1026 2976 1095 consul
3004 1028 3143 1112 ipse
3187 1048 3322 1089 sen-

740 1133 1005 1199 tentiam
1053 1131 1417 1214 rogavisset
1456 1128 1637 1197 Plin.
1670 1130 1849 1213 epist.
1877 1134 1939 1205 3,
1975 1134 2032 1206 7,
2064 1135 2168 1207 12,
2205 1135 2402 1213 pater
2445 1150 2593 1213 erqo
2637 1131 2716 1194 L.
2757 1128 3101 1214 Calpurnii
3139 1128 3324 1197 Piso-

736 1236 840 1303 nis
882 1233 1157 1299 consulis
1204 1254 1265 1297 a.
1311 1237 1411 1299 57.

614 1338 741 1402 238
786 1346 854 1401 L.
882 1344 1391 1403 CALPVRNIVS
1417 1344 1600 1418 PISO‚
1649 1334 1875 1400 consul
1919 1358 1980 1400 a.
2026 1336 2106 1401 57
2155 1357 2302 1400 eum
2346 1336 2605 1400 Nerone
2649 1336 2734 1400 Π.
2813 1334 3250 1399 Memoratur
3241 1335 3326 1397 in

646 1485 665 1503 .-
739 1439 900 1503 actis
943 1435 1287 1503 Arvalium
1345 1459 1405 1504 α.
1448 1443 1549 1503 57.
1574 1442 1695 1503 158.
1740 1442 1841 1504 59.
1883 1442 1987 1503 60.
2031 1442 2114 1503 63
2168 1438 2489 1505 V1‘2039.
2534 1443 2725 1505 2041.
2768 1443 2965 1507 2042.
3011 1441 3197 1503 2043.
3242 1473 3325 1481 -

742 1542 828 1607 In
871 1540 1234 1606 consulatu:
1279 1541 1355 1605 L.
1394 1540 1794 1627 Calpurnius
1839 1541 1992 1606 Piso
2039 1541 2140 1607 VI
2157 1545 2299 1607 845.
2329 1545 2469 1618 853,
2516 1540 2589 1609 Χ
2610 1544 2794 1617 5204,
2842 1539 3068 1610 tabula
3113 1542 3330 1603 cerata

744 1644 1142 1729 Pompeiana
1183 1647 1292 1720 28,
1342 1644 1415 1709 L.
1465 1642 1860 1728 Calpurnius
1908 1644 2036 1709 tab.
2081 1648 2334 1711 23-27,
2376 1648 2476 1720 30,
2519 1644 2596 1707 L.
2631 1644 2778 1707 Piso
2819 1644 2969 1708 Tac.
3003 1664 3063 1710 a.
3098 1647 3193 1717 13,
3227 1647 3326 1715 31,

739 1752 1008 1813 ceterum
1052 1748 1203 1810 Piso
1254 1747 1430 1827 fasti.
1466 1781 1545 1790 —
1584 1747 1658 1810 L.
1692 1745 2094 1832 Calpurnius
2125 1747 2282 1815 Piso,
2319 1747 2447 1811 sive
2493 1747 2567 1811 L.
2601 1747 2750 1811 Piso
2793 1752 2942 1810 acta
2971 1745 3326 1819 Arvalium,

743 1850 919 1935 apud
958 1850 1301 1932 scriptores
1345 1850 1418 1913 L.
1469 1850 1619 1913 Piso
1663 1850 1790 1914 sive
1834 1849 2009 1914 Pige.
2611 1834 2618 1839 ’

873 1953 950 2018 L.
997 1951 1038 2016 f.
1084 1972 1328 2036 semper
1373 1951 1635 2017 additur
1678 1953 1747 2016 in
1792 1953 1957 2017 actis
1998 1952 2340 2019 Arvalium
2385 1952 2473 2016 ad
2514 1951 3021 2034 distinyuendam
3065 1972 3205 2015 eum
3249 1951 3329 2013 ab

743 2055 991 2120 homine
1021 2056 1418 2138 coqnomine,·
1446 2054 1620 2137 filius
1648 2054 1896 2119 videtur
1925 2056 2004 2120 L.
2038 2054 2299 2121 Pisonis
2327 2057 2462 2119 eius
2492 2055 2601 2137 qui
2630 2056 2752 2136 suit
2781 2054 2997 2119 consul
3026 2076 3087 2118 a.
3117 2058 3226 2119 27.
3247 2089 3332 2097 —-

651 2187 654 2191 ’
747 2158 994 2224 Consul
1035 2158 1412 2241 designatus
1476 2181 1535 2221 a.
1581 2160 1665 2224 56
1719 2158 1866 2224 Tac.
1902 2180 1963 2222 a.
2001 2162 2098 2235 13,
2130 2162 2236 2234 28,
2287 2156 2514 2222 consul
2557 2180 2614 2224 a.
2661 2157 2743 2223 57
2789 2157 2966 2238 fasti.
3055 2157 3334 2223 Curatur

744 2283 1061 2345 aquarum
1108 2261 1260 2325 inde
1304 2261 1388 2326 ab
1433 2284 1603 2326 anno
1636 2263 1721 2326 60
1760 2283 1969 2345 usque
2013 2261 2097 2326 ad
2144 2282 2384 2329 annum
2414 2261 2497 2326 63
2528 2259 2827 2327 Frontin.
2860 2259 2937 2323 de
2967 2261 3152 2342 aqu-is
3181 2264 3328 2324 102.

745 2363 827 2429 Α.
875 2365 960 2429 62
1004 2386 1153 2428 eum
1199 2364 1457 2447 duobus
1503 2363 1647 2429 aliis
1694 2363 2145 2429 consularibus
2191 2386 2231 2427 a
2274 2363 2533 2427 Nerone
2579 2361 3010 2444 vectigalibus
3055 2360 3330 2446 publicis

746 2468 1154 2553 praepositus
1202 2478 1299 2530 est
1353 2467 1500 2532 Tac.
1535 2488 1594 2531 a.
1626 2472 1726 2543 15,
1758 2470 1861 2531 18.
1937 2466 2019 2530 A.
2065 2466 2151 2533 69
2195 2465 2539 2551 proconsul
2585 2465 2876 2532 Africam
2923 2465 3113 2546 rexit,
3159 2466 3335 2527 eirea

630 2602 637 2609 =
752 2568 1067 2635 kalendas
1101 2570 1438 2635 Ianuarias
1469 2591 1524 2633 a.
1562 2570 1644 2635 70
1676 2569 1967 2634 Africam
2000 2569 2350 2634 descivisse
2381 2591 2483 2633 res
2516 2591 2717 2633 novas
2763 2567 3063 2633 moliente
3097 2568 3332 2631 Pisone

748 2673 1015 2736 Romam
1063 2674 1428 2737 nuntiatuin
1461 2683 1559 2736 est
1598 2671 1775 2737 falsis
1808 2671 2197 2753 rumoribu8‚
2231 2693 2375 2736 cum
2409 2672 2560 2737 Piso
2591 2692 3002 2757 nequaquam
3034 2667 3332 2734 turbidus

748 2776 1006 2856 ingenio
1042 2785 1210 2839 esset
1246 2775 1393 2839 Tac.
1420 2775 1479 2840 k.
1510 2780 1569 2851 4,
1602 2779 1705 2841 38.
1752 2774 1894 2841 Sub
1922 2775 2177 2838 initium
2209 2798 2266 2838 a.
2288 2775 2370 2840 70
2401 2774 2799 2856 Carthagine
2828 2773 3069 2837 scelere
3085 2771 3330 2837 Valerii

746 2879 925 2942 Festi
957 2876 1154 2959 legati
1185 2877 1535 2941 Numidiae
1568 2877 1947 2943 interfectus
1980 2888 2076 2942 ost
2107 2878 2235 2942 ibd.
2265 2883 2326 2954 4,
2356 2882 2590 2953 48-50,
2625 2876 2804 2942 Plin.
2836 2877 3013 2959 egnist.
3038 2880 3101 2951 3,
3135 2880 3191 2951 7,
3227 2880 3330 2941 12.

876 2981 1118 3044 Romae
1164 2980 1365 3045 frater
1410 2978 1674 3043 Arvalis
1721 2980 1930 3045 adfuit
1975 2981 2038 3043 in
2085 2979 2358 3062 collegio
2405 3002 2465 3043 a.
2496 2985 2597 3047 57.
2641 2983 2742 3045 58.
2783 2984 2889 3043 59.
2927 2983 3024 3043 60.
3063 2982 3144 3041 63
3183 2981 3331 3040 aeta

684 3112 689 3119 ·
748 3082 1106 3148 Arvalium.
1181 3121 1257 3129 ——
1335 3082 1787 3168 (Calpurnius)
1857 3081 2246 3149 Galerianus
2313 3082 2737 3146 consobrinus
2805 3083 2942 3145 eius
3005 3101 3333 3165 generque

757 3184 905 3249 Tac.
951 3184 1011 3252 h.
1056 3190 1115 3261 4,
1160 3190 1260 3251 49.

878 3285 1209 3352 Consulem
1239 3309 1298 3355 a.
1315 3292 1400 3353 57
1414 3293 1669 3370 patrem
1700 3288 1899 3368 fue-sse
1916 3286 2320 3369 procommles
2345 3308 2405 3352 a.
2427 3288 2529 3352 69!
2536 3293 2614 3350 70
2634 3291 2994 3351 statuerunt
3022 3287 3096 3351 de
3129 3287 3232 3353 Vit
3263 3288 3330 3351 in

752 3389 1155 3455 Onomastico
1185 3390 1277 3455 II
1283 3413 1355 3473 p
1377 3396 1480 3467 86,
1512 3412 1614 3471 qm
1653 3390 1828 3473 apud
1856 3389 2148 3454 Plinmm
2181 3391 2357 3472 epist.
2380 3394 2439 3466 3,
2467 3395 2524 3465 7,
2552 3395 2638 3455 12
2667 3389 2742 3453 L
2763 3388 3058 3454 Pisonem
3077 3395 3332 3473 patrem

747 3514 823 3556 ex
867 3498 1157 3557 contextu
1214 3492 1691 3575 intelleyendam
1739 3512 1866 3556 esse
1908 3514 2104 3557 unum-
2150 3514 2226 3555 ax
2277 3491 2717 3555 consularibus
2763 3490 3157 3558 Neronianis
3202 3492 3334 3574 opi-

743 3601 960 3671 natur,
995 3600 1053 3659 et
1085 3594 1455 3677 Nipperdey
1486 3596 1574 3659 ad
1602 3596 1749 3659 flac.
1782 3616 1841 3661 a.
1878 3600 1975 3672 13,
2007 3598 2098 3661 28
2126 3596 2376 3661 ratione
2403 3616 2531 3659 non
2559 3594 2867 3659 i'.mlecata
2913 3595 3008 3658 At
3033 3596 3329 3676 quoniam

749 3702 955 3762 aetate
1004 3697 1279 3761 Neronis
1336 3699 1503 3761 inter
1562 3697 1954 3761 consulatum
2000 3702 2057 3760 et
2109 3697 2632 3779 proconsulatum
2690 3698 3080 3762 consularem
3129 3697 3334 3761 decem

742 3801 1038 3883 pluresve
1083 3801 1241 3864 anni
1282 3800 1770 3874 intercedebant,
1820 3799 1995 3865 nullo
2038 3799 2219 3863 modo
2266 3799 2482 3865 consul
2523 3821 2583 3865 a.
2613 3804 2697 3863 57
2727 3802 2943 3881 potu-it
2973 3805 3168 3883 pater
3207 3820 3335 3863 esse

743 3902 1147 3985 proconsulis
1192 3924 1253 3966 a.
1296 3908 1395 3977 69,
1442 3902 1553 3965 sed
1592 3903 1728 3966 veri
1776 3902 2168 3966 simillimam
2213 3906 2305 3965 est
2342 3902 2507 3965 hunc
2553 3922 2681 3966 esse
2725 3903 2984 3967 mandem
3025 3902 3331 3967 hominem

753 4012 937 4087 atque
970 4005 1173 4069 illum.
1234 4004 1492 4069 Plinius
1521 4010 1729 4068 autem
1757 3997 2094 4087 postquam
2128 4006 2414 4087 esposuit
2440 4004 2682 4068 nullum
2729 4006 2860 4069 iam
2900 4025 3220 4088 superesse
3263 4025 3341 4067 ea*

751 4107 1192 4172 consularibus
1240 4105 1633 4172 Neronianis
1675 4129 1743 4171 eo
1791 4112 2063 4189 tempore
2102 4126 2224 4188 quo
2276 4108 2591 4172 scribebat
2635 4108 2970 4190 epistulam
3010 4114 3071 4183 3,
3119 4113 3204 4172 17
3242 4107 3340 4190 (id

755 4215 842 4273 est
890 4211 1061 4273 eirca
1110 4232 1169 4277 a.
1215 4211 1379 4292 101),
1420 4196 1628 4293 percit
1676 4221 2090 4296 ‘quamquam
2138 4210 2296 4295 quid
2343 4210 2464 4274 hoe
2493 4211 2753 4274 miror?
2803 4233 3010 4295 nuper
3055 4211 3129 4275 L.
3166 4212 3332 4291 Piso,

754 4324 936 4397 pater
1005 4312 1205 4395 illius,
1285 4315 1393 4398 qui
1469 4336 1510 4376 a
1566 4313 1828 4378 Valerio
1902 4314 2092 4377 Festo
2170 4314 2234 4376 in
2295 4313 2523 4377 Africa
2597 4315 2845 4376 occisus
2917 4325 3046 4394 est,
3122 4313 3337 4378 dicere

751 4413 999 4478 solebat
1058 4416 1377 4478 neminem
1440 4438 1507 4479 se
1552 4416 1776 4480 videre
1823 4417 1886 4479 in
1936 4426 2200 4493 senatu,
2256 4437 2448 4500 quem
2496 4415 2718 4479 consul
2766 4417 2903 4499 ipse
2947 4417 3335 4479 sententiam

753 4518 1164 4599 rogavisset'.
1258 4517 1513 4583 Scilicet
1577 4540 1706 4582 non
1770 4519 2000 4582 mirum
2066 4538 2196 4581 esse
2247 4523 2400 4599 post
2467 4519 2734 4599 triyinta
2798 4519 2931 4599 fere
2995 4539 3197 4583 annos
3261 4540 3337 4582 ea:
3434 4594 3440 4598 ‚

752 4619 1193 4684 consulam'bus
1240 4620 1635 4686 Neronianis
1656 4621 1919 4685 nullum
1967 4641 2286 4702 superesse
2302 4670 2317 4696 ,
2381 4642 2520 4684 cum
2562 4620 2658 4685 vel
2715 4620 2786 4683 id
2843 4620 3205 4696 accidisset,
3264 4626 3338 4684 nt

752 4743 960 4786 omnes
1002 4725 1136 4804 sere
1180 4728 1504 4787 senatores
1547 4725 1655 4804 qui
1695 4726 1954 4806 fuerant
1997 4726 2170 4787 eirea
2201 4746 2259 4790 a.
2295 4730 2386 4789 27
2412 4725 2480 4788 in
2510 4730 2751 4800 senatu,
2789 4746 2911 4807 per
2937 4725 3105 4788 ritae
3146 4725 3337 4791 unias

748 4824 1022 4889 hominis
1051 4828 1325 4907 ‚spatium
1363 4831 1771 4890 morerentur.
1852 4826 2071 4907 Neque
2101 4831 2369 4907 propter
2409 4826 2781 4891 rocabulum
2816 4838 3068 4911 ‘nuper‘
3106 4827 3338 4891 dictum

754 4927 918 4991 illud
964 4928 1221 4992 Pisonis
1266 4929 1353 4992 acl
1395 4934 1636 5011 tempus
1679 4951 1798 5010 qno
1841 4929 2106 4993 Ple'nius
2148 4930 2422 5011 scripsit,
2465 4932 2703 5011 referri
2747 4930 2920 4994 debet
2962 4951 3075 4993 nec
3106 4933 3334 5012 potest,

750 5031 1043 5112 quoniam
1108 5054 1177 5095 eo
1233 5032 1534 5097 vocabulo
1599 5053 1702 5095 res
1760 5033 1855 5097 rel
1914 5037 2060 5096 ante
2118 5032 2433 5095 saec-ulum
2497 5038 2677 5096 actas
2737 5033 3100 5115 siqnifieam'
3158 5053 3337 5096 nemo

678 5140 687 5149 “
748 5135 964 5200 nescit.
1346 5144 1354 5151 '
