3859 5992
623 547 732 603 AN
733 544 960 603 lon‘rv
963 545 999 600 S
1940 535 2023 600 55
3031 545 3334 604 Amcrvs

644 780 734 791 —-
796 741 878 823 Q.
925 740 1273 827 Pompeius
1320 738 1651 804 Anicetus,

624 849 751 914 438
797 856 858 914 C.
904 853 1207 908 Amclvs
1255 851 1640 921 CERIALIS‚
1699 841 1925 907 consul
1986 842 2188 926 (suff.)
2247 841 2332 910 id.
2376 842 2552 927 Aug.
2597 866 2656 909 a.
2703 844 2786 909 65
2830 866 2978 909 cum
3023 843 3098 914 C.
3147 846 3334 910 Pom·

753 949 965 1034 ponio.
1034 946 1126 1012 C.
1169 945 1443 1012 Anicius
1488 945 1609 1011 IV
1638 949 1805 1011 2551
1862 946 1934 1010 in
1993 944 2349 1024 consulatu,
2406 951 2677 1011 eeterwm
2728 946 3002 1013 Anicius
3062 946 3337 1015 Cerialis

755 1050 1033 1132 (Ἀνίκιον
1077 1047 1405 1136 Κερεάλιον
1451 1048 1740 1129 Zonar.).
1830 1046 2078 1113 Consul
2117 1046 2496 1130 designatus
2551 1049 2619 1112 in
2676 1058 2907 1115 senatu
2951 1052 3336 1115 sententiam

751 1153 914 1218 dixit
941 1176 1000 1218 a.
1032 1154 1114 1218 65
1155 1152 1302 1219 Tac.
1338 1172 1399 1216 a.
1432 1155 1531 1229 15,
1568 1156 1645 1216 74
1656 1171 1679 1229 ;
1718 1149 1945 1215 consul
1989 1172 2046 1214 a.
2081 1151 2164 1216 65
2193 1170 2248 1217 v.
2280 1170 2515 1234 supra;
2557 1174 2617 1216 a.
2642 1152 2727 1216 66
2770 1153 2905 1216 vim
2949 1152 3074 1218 sibi
3117 1151 3338 1219 attulit

753 1258 1001 1320 minore
1045 1277 1243 1341 quam
1287 1255 1483 1318 ceteri
1524 1254 1970 1333 miseratione,
2033 1255 2190 1338 quia
2248 1253 2568 1338 proditam
2614 1252 2688 1319 C.
2737 1252 2999 1319 Caesari
3042 1256 3333 1319 coniura-

754 1359 994 1423 tionem
1046 1356 1129 1421 ab
1174 1378 1248 1421 eo
1293 1358 1721 1421 meminerant
1760 1356 1893 1421 ibd.
1939 1360 2037 1433 16,
2088 1361 2185 1421 17.
2272 1354 2515 1421 Contra
2558 1356 2857 1422 Zonaras
2898 1362 2996 1435 11,
3042 1362 3083 1422 6
3139 1359 3340 1440 refert

756 1482 902 1525 eum
945 1468 1012 1523 et
1055 1458 1208 1525 Sex.
1254 1459 1599 1545 Papinium
1645 1457 1851 1523 filium
1896 1457 2036 1541 (sie)
2081 1468 2282 1523 tortos
2328 1480 2467 1522 esse
2511 1481 2552 1522 a
2595 1460 2780 1542 Gaio,
2827 1460 3338 1525 coniurationem

755 1572 971 1627 autem
1015 1561 1332 1627 detectam
1377 1584 1419 1626 a
1462 1560 1615 1627 filio.
1681 1560 2093 1644 (Coniuratio
2138 1561 2264 1641 fuit
2309 1583 2369 1625 a.
2413 1566 2496 1626 40
2540 1561 2622 1643 ef.
2668 1560 2805 1627 Dio
2845 1566 2947 1639 59,
2993 1566 3099 1639 25,
3161 1561 3337 1628 Suet.

752 1664 956 1747 Galiy.
987 1669 1094 1741 27,
1144 1664 1387 1729 Seneca
1429 1664 1505 1727 de
1546 1665 1655 1727 ira
1693 1668 1753 1740 3,
1799 1667 1925 1750 18.)

624 1766 752 1832 439
795 1776 861 1844 Q.
920 1776 1222 1832 ANJCIVS
1280 1775 1612 1831 FAVSTVS
1671 1765 1984 1830 dedicavit
2042 1767 2112 1829 in
2178 1764 2488 1849 leyatiorae
2548 1766 2898 1833 Nwmidiea
2955 1767 3205 1833 titulos:
3267 1768 3337 1831 in

754 1870 1094 1952 promam
1136 1868 1542 1952 Trzpolitana
1586 1868 1769 1933 VIII
1792 1874 1833 1933 6
1869 1870 1932 1951 (1
1944 1867 2010 1949 a)
2044 1873 2102 1932 et
2132 1867 2344 1932 eodem
2389 1867 2521 1933 loco
2553 1868 2754 1951 plane
2778 1869 3107 1952 yemellum
3153 1868 3336 1933 VIII

754 1971 824 2038 S.
875 1976 1089 2037 10992
1139 1970 1314 2053 (1b),
1381 1971 1911 2037 Lambaesitanos
1973 1968 2156 2035 VIII
2194 1974 2363 2036 2438
2419 1968 2536 2054 (2).
2604 1975 2785 2039 2527
2824 1969 2934 2057 (3).
3001 1974 3177 2038 2528
3227 1971 3336 2053 (4).

751 2077 920 2139 2549
974 2073 1090 2158 (5).
1149 2079 1320 2140 2550
1364 2073 1473 2155 (6).
1533 2077 1701 2139 2551
1752 2067 1862 2155 (7).
1924 2076 2102 2138 2552
2150 2071 2261 2156 (s).
2318 2078 2489 2139 2553
2538 2074 2652 2161 (9).
2717 2078 2888 2141 2558
2929 2075 3079 2158 (10).
3149 2072 3336 2138 VIII

754 2177 825 2242 S.
839 2180 1047 2241 18068
1067 2177 1215 2263 (11).
1245 2180 1454 2242 18255
1471 2175 1630 2261 (12).
1655 2180 1866 2242 18256
1886 2174 2037 2261 (13),
2079 2175 2632 2260 Thamuyadenses
2667 2176 2852 2243 VIII
2864 2177 2933 2243 S.
2952 2181 3158 2242 17870
3182 2174 3334 2260 (14).

753 2282 957 2344 17871
980 2279 1126 2363 (15),
1155 2279 1503 2345 Cirtensem
1515 2278 1684 2361 ΕΜ.
1710 2301 1803 2361 ep.
1830 2284 1885 2355 7,
1909 2283 2033 2344 440
2050 2278 2197 2361 (16),
2229 2279 2760 2345 Arsacalitanum
2789 2280 2973 2346 VIII
2990 2284 3155 2345 6048
3184 2279 3332 2363 (17),

756 2381 1214 2446 Mauretanum
1259 2377 1443 2447 VIII
1482 2386 1648 2446 8796
1689 2380 1857 2465 (18),·
1900 2383 1970 2445 in
2013 2381 2324 2463 leyatione
2368 2381 2703 2447 Moesiaea
2742 2388 2788 2451 t.
2832 2383 2966 2448 III
2989 2386 3153 2447 1685
3182 2382 3334 2467 (19).

750 2488 914 2550 1686
955 2486 1092 2570 (20)
1141 2484 1521 2550 Moesiacos,

882 2586 1168 2651 Nomina
1212 2586 1414 2670 plena
1460 2588 1826 2669 perscripta
1876 2587 2140 2669 fuerunt
2196 2587 2266 2651 in
2311 2591 2353 2651 t.
2402 2588 2719 2665 omm'buS,
2777 2587 2962 2652 hodie
3006 2591 3224 2652 extant
3265 2587 3336 2650 in

756 2694 798 2754 t.
844 2694 960 2754 Ia.
999 2690 1058 2754 b.
1100 2694 1161 2752 3.
1206 2695 1264 2754 4.
1309 2694 1368 2756 5.
1417 2693 1474 2754 6.
1525 2693 1580 2753 7.
1636 2694 1738 2753 10.
1784 2693 1883 2754 13.
1929 2693 2029 2755 14.
2075 2693 2174 2753 15.
2220 2693 2442 2754 17-20
2520 2688 2678 2772 plus
2731 2690 2942 2754 minus
2998 2688 3228 2754 mutua
3267 2689 3338 2753 in

754 2793 993 2857 ceteris.
1041 2790 1290 2864 Ἀνίκιος
1318 2793 1554 2878 Φῆστος
1583 2790 1723 2874 (sie)
1753 2789 1886 2856 Dio
1915 2795 2016 2867 78,
2046 2796 2161 2868 22,
2193 2796 2258 2867 2,
2306 2792 2578 2864 Φαῦστος
2605 2792 2737 2858 ibd.
2768 2792 2816 2876 §¹
2843 2796 2904 2857 4.
2928 2828 3015 2838 —
3044 2790 3336 2857 Clarissi—

752 2917 895 2959 mus
939 2898 1044 2960 vir
1087 2899 1130 2958 t.
1162 2899 1227 2959 2.
1272 2899 1333 2961 3.
1377 2898 1437 2963 4.
1484 2899 1542 2961 6.
1588 2898 1689 2959 17.

883 2998 1166 3081 Legatus
1196 2996 1479 3081 Augusti
1518 3002 1560 3063 t.
1593 3003 1657 3064 2.
1689 3001 1774 3063 13
1801 2996 1899 3062 vel
1934 2996 2384 3079 Augustorum
2415 3003 2457 3065 t.
2491 3004 2531 3062 1
2549 3020 2610 3063 a.
2628 2998 2687 3064 b.
2718 3004 2780 3066 3.
2810 3003 2869 3064 4.
2902 2996 3024 3081 [5].
3056 3002 3114 3063 6.
3147 3001 3203 3061 7.
3234 3001 3334 3062 11.

755 3098 924 3184 [12].
954 3105 1050 3164 14.
1081 3103 1165 3164 18
1192 3122 1290 3185 pr.
1322 3123 1421 3186 pr.
1457 3098 1856 3182 (Numidiae)
1887 3104 1930 3163 t.
1966 3103 2138 3164 1-18
2164 3099 2549 3181 (consularis
2580 3100 2702 3184 leg.
2734 3101 2838 3166 111
2866 3099 3039 3184 Aug.
3071 3104 3114 3168 t.
3138 3104 3178 3165 1
3189 3120 3251 3164 a.
3271 3099 3336 3181 b)

757 3203 927 3266 intra
969 3224 1025 3268 a.
1078 3201 1197 3268 197
1245 3207 1288 3266 t.
1333 3208 1398 3269 2.
1444 3206 1542 3269 13.
1590 3207 1688 3266 14.
1736 3206 1822 3265 17
1864 3211 1928 3266 et
1971 3203 2092 3267 201
2139 3207 2181 3266 t.
2228 3208 2346 3269 1a.
2378 3203 2434 3279 b,
2497 3224 2627 3270 cos.
2688 3202 3065 3286 designatus
3109 3225 3167 3266 a.
3220 3200 3338 3265 198

758 3309 801 3370 t.
832 3310 900 3371 2.
930 3309 992 3370 3.
1023 3309 1082 3368 4.
1114 3309 1172 3369 6.
1208 3310 1264 3368 7.
1294 3303 1417 3388 [8],
1466 3326 1594 3369 cos.
1626 3302 2062 3390 amplissimus
2094 3304 2297 3387 (suff.)
2342 3329 2401 3371 a.
2437 3306 2558 3371 198
2596 3310 2639 3370 t.
2671 3310 2729 3370 9.
2762 3310 2859 3372 11.
2896 3308 2991 3370 15.
3050 3305 3339 3388 Legatus

753 3406 1197 3491 Augustorum
1240 3428 1360 3493 pro
1403 3429 1500 3493 pr.
1533 3407 1845 3489 (Moesiae
1874 3407 2252 3492 superioris)
2300 3409 2471 3472 intra
2514 3431 2571 3473 a.
2603 3409 2880 3474 2021209
2925 3408 3110 3492 (anni
3139 3407 3339 3472 triba-

752 3509 962 3573 m'eiae
991 3511 1331 3592 potestatis
1374 3511 1660 3592 eormpti
1699 3514 1871 3595 sunt)
1920 3513 1962 3573 t.
2004 3514 2103 3574 19.
2152 3515 2256 3576 20.
2332 3509 2523 3575 Anno
2555 3510 2679 3575 217
2725 3510 3077 3596 imperator
3104 3508 3340 3575 Macri-

757 3632 878 3675 nus
923 3633 1074 3676 eum
1119 3613 1185 3677 in
1230 3611 1445 3677 locum
1490 3610 1592 3696 (O.
1640 3610 1819 3693 Iulii)
1864 3612 2062 3698 Aspri
2116 3611 2566 3697 proconsulem
2627 3613 2694 3676 in
2738 3612 2966 3678 Asiam
3021 3613 3199 3678 misit
3256 3620 3338 3693 et,

759 3735 907 3777 cum
945 3715 1257 3797 exiguum
1292 3716 1445 3778 anni
1486 3712 1967 3800 proconsularis
2010 3715 2290 3799 spatium
2331 3715 2390 3778 ei
2435 3723 2812 3797 remaneret,
2862 3715 3223 3800 imperavit,
3270 3722 3345 3779 ut

761 3825 825 3880 et
880 3817 949 3880 in
1007 3837 1249 3881 annum
1308 3825 1685 3903 sequentem
1730 3816 2065 3898 (218l219)
2111 3817 2487 3901 provinciae
2532 3827 2858 3903 praeesset
2900 3814 3032 3882 Dio
3080 3819 3177 3893 78,
3223 3819 3339 3882 22.

750 3917 932 3999 Quod
970 3918 1212 3983 iussum
1253 3940 1405 3983 num
1446 3919 1515 3983 E
1521 3918 1859 4001 layabalus
1899 3923 2114 3982 ratum
2156 3916 2451 3983 habuerit
2491 3918 2845 4001 iynoratur.
2894 3957 2974 3967 —
3023 3920 3342 3984 Patronus

757 4019 1470 4086 Lambaesitanorumt.
1497 4027 1598 4103 13,
1632 4019 2343 4102 Thamugadensiumt.
2371 4026 2469 4088 14.
2497 4026 2596 4099 15,
2630 4020 3021 4087 Cirtensium
3055 4025 3102 4088 t.
3123 4025 3221 4089 16.
3246 4023 3342 4085 17.

634 4125 757 4189 440
802 4132 967 4188 SEX.
1026 4132 1330 4189 ANICIVS
1392 4131 1756 4205 FAVSTVS,
1819 4121 2014 4187 Anici
2077 4121 2432 4187 consularis
2492 4123 2663 4188 filius
2710 4123 2894 4189 VIII
2929 4122 3001 4189 S.
3045 4126 3253 4188 17890
3300 4126 3342 4190 t.

766 4225 1309 4309 fiammadensis
1351 4226 1645 4305 mute‘bus5
1676 4229 1888 4308 potest
1928 4224 2105 4308 filius
2148 4244 2277 4289 esse
2313 4226 2386 4306 Q.
2430 4225 2657 4291 Anicii
2694 4225 2951 4292 Fausti.

635 4330 752 4394 441
801 4338 966 4394 SEX.
996 4335 1301 4393 ANICIVS
1331 4338 1665 4394 FAVSTVS
1696 4323 2230 4409 PAVLINIANVS,
2270 4326 2723 4394 clarissimus
2705 4330 2977 4409 luvenis‚
3010 4296 3341 4415 patronuS,

760 4433 1017 4516 patroni
1062 4430 1237 4497 filius
1282 4432 1565 4497 civitatis
1610 4430 2015 4517 Vzappensis
2062 4428 2247 4495 VIII
2280 4430 2591 4498 S.11933
2634 4436 2677 4497 t.
2725 4430 3125 4515 Vzappenstls.

639 4533 758 4598 442
797 4542 1103 4599 ANICIVS
1162 4543 1493 4599 FAVSTVS
1546 4541 1948 4610 PAVLINVS,
2024 4531 2275 4615 legatus
2332 4531 2507 4617 Aug.
2567 4555 2665 4618 pr.
2725 4555 2821 4619 pr.
2882 4533 3195 4616 (Moesiae
3252 4532 3344 4595 in-

763 4636 1044 4719 ferioris)
1091 4659 1150 4703 a.
1182 4638 1308 4702 230
1352 4637 1486 4702 ΙΙΙ
1520 4635 1590 4702 S.
1624 4640 1790 4700 7473
1835 4639 1878 4699 t.
1926 4634 2131 4702 Moea
2173 4635 2293 4717 inf.

642 4738 760 4802 443
800 4747 1105 4803 ANICIVS
1138 4749 1506 4821 MAXIMVS,
1546 4736 1886 4826 proconsul
1925 4736 2277 4822 Bithyniae
2308 4736 2429 4803 sub
2459 4739 2742 4804 Traiano
2769 4737 2948 4804 Ptin.
2973 4738 3062 4803 ad
3081 4738 3346 4805 Traian.

760 4846 907 4917 112,
939 4846 1007 4908 2.
1083 4841 1303 4907 Potest
1345 4862 1473 4908 esse
1516 4841 1692 4926 filius
1737 4839 1813 4905 P.
1858 4839 2084 4904 Anicii
2127 4840 2430 4905 Maximi.

645 4940 762 5005 444
803 4943 877 5006 Ρ.
909 4942 1182 5009 Anicius
1213 4945 1559 5029 Maximus,
1592 4944 1942 5010 honoratus
1974 4942 2175 5020 titulo,
2208 4964 2388 5025 quem
2402 4944 2627 5026 posuit
2647 4942 3029 5009 Antiochiae
3059 4941 3350 5009 Pisidiae

765 5046 992 5110 civitas
1049 5045 1407 5115 Alexandr.
1454 5070 1621 5134 quae
1683 5058 1779 5113 est
1838 5047 1905 5109 in
1947 5044 2250 5131 Aegypto
2297 5046 2431 5111 III
2466 5046 2538 5112 S.
2584 5050 2767 5112 6809.
2817 5083 2892 5094 —-
2942 5047 3015 5112 P.
3061 5044 3128 5123 f.,
3175 5043 3349 5110 tribu

768 5146 1023 5233 Sergia,
1090 5151 1330 5233 m'yine
1389 5150 1853 5229 Antiocheam,
1919 5153 1994 5213 ut
2057 5170 2134 5213 eoe
2198 5149 2372 5215 tribu
2434 5153 2495 5214 et
2560 5147 2694 5216 loeo
2750 5153 3002 5216 statuae
3060 5151 3352 5233 apparet.
