3859 5992
524 503 858 561 CLAVDIA
1811 499 1941 565 409
2905 512 3233 570 CLAVDIA

651 702 937 786 Comptes
982 703 1215 768 reudus
1261 703 1336 769 de
1380 703 1767 770 l’Academie
1816 705 1921 771 des
1979 707 2388 790 inscriptions
2445 712 2505 772 et
2562 706 2750 773 belles
2807 707 3019 773 lettres
3065 713 3228 775 1889

641 827 716 889 p.
760 810 918 873 202.

517 907 637 973 871
690 917 1022 972 CLAVDIA
1060 917 1413 974 OCTAVIA.
1502 908 1730 975 Tituli:
1770 911 2060 975 urbanus
2089 911 2158 974 in
2188 930 2346 975 arcu
2384 910 2654 978 Claudii
2683 912 2786 979 VI
2804 917 2930 980 921
2956 934 3021 978 n.
3050 918 3093 980 5
3120 915 3229 999 (1),

643 1012 759 1076 ubi
799 1012 880 1075 ab
920 1013 1107 1077 initio
1135 1011 1260 1078 duo
1296 1032 1511 1077 versus
1545 1014 1814 1094 periisse
1850 1012 2148 1079 dicuutur
2185 1035 2227 1077 a
2256 1012 2613 1092 Florentio,
2644 1017 2756 1098 qui
2785 1035 2951 1081 unus
2979 1016 3231 1081 titulum

646 1112 1036 1195 deperditum
1071 1115 1220 1179 olim
1250 1113 1581 1198 descripsit
1593 1135 1615 1194 ;
1659 1114 1921 1180 Samius
1959 1136 2186 1199 yraece
2213 1119 2485 1201 scriptus
2526 1117 2790 1195 Cuma,
2823 1117 3226 1201 Description

647 1214 754 1279 des
795 1215 911 1281 iles
955 1216 1030 1282 de
1069 1216 1333 1282 Patmos
1376 1222 1436 1282 et
1479 1216 1555 1281 de
1599 1217 1829 1283 Samos
1860 1240 1930 1301 p.
1963 1222 2088 1284 215
2135 1220 2265 1300 (2),·
2320 1224 2707 1285 memoratur
2750 1222 2819 1285 in
2872 1225 2912 1285 t.
2966 1220 3228 1286 libertae

647 1315 750 1383 VI
766 1322 932 1385 9015
960 1319 1069 1403 (3),
1115 1339 1441 1384 servarum
1478 1318 1582 1384 VI
1595 1324 1762 1386 5539
1792 1320 1898 1403 (6).
1934 1325 2102 1397 9037
2125 1320 2237 1404 (7),
2272 1322 2538 1387 libertae
2566 1324 2793 1388 matris
2816 1322 2919 1387 VI
2937 1327 3108 1388 8943
3136 1323 3224 1407 (8)

645 1425 704 1484 et
734 1423 987 1503 passim
1037 1425 1108 1487 iu
1153 1424 1317 1487 actis
1356 1422 1714 1487 Arvalium.
1758 1459 1846 1468 —
1893 1423 2160 1489 Nummi
2200 1428 2333 1490 eius·
2383 1428 2454 1490 iu
2504 1424 2767 1490 coloniis
2811 1427 2948 1490 cusi
2986 1425 3227 1491 Eckhel

650 1522 752 1588 VI
773 1545 846 1605 p.
876 1527 1007 1589 285
1036 1543 1148 1605 sq„
1196 1521 1404 1589 Cohen
1447 1523 1529 1588 1²
1569 1546 1638 1607 p.
1670 1529 1801 1591 312
1826 1545 1957 1608 sqq.

773 1625 1023 1691 Nomen
1059 1624 1446 1709 yentiliciuin
1481 1630 1763 1710 positum
1809 1631 1899 1692 est
1945 1629 2015 1692 in
2060 1632 2101 1693 t.
2149 1633 2229 1705 2,·
2279 1648 2433 1693 uum
2482 1629 2682 1711 fuerit
2721 1631 2793 1695 iu
2837 1633 2878 1693 t.
2920 1634 2980 1706 1,
3028 1631 3224 1695 incer-

649 1731 779 1792 tum
824 1733 934 1793 cst.
1010 1727 1187 1794 Num
1230 1749 1308 1794 ea
1347 1749 1572 1794 nomeu
1609 1730 2003 1813 yentilicium
2045 1752 2117 1795 re
2156 1751 2308 1794 vera
2347 1733 2628 1814 yesserit‚
2675 1730 2966 1797 dubitari
2991 1737 3221 1815 potest,

643 1850 780 1894 cum
837 1833 907 1896 in
966 1833 1126 1896 actis
1167 1830 1510 1896 Arvalium
1563 1851 1807 1914 semper
1860 1832 2026 1898 uude
2085 1831 2338 1897 dicatur
2380 1832 2707 1898 Octavia.
2765 1833 2896 1899 Sed
2949 1834 3224 1916 fortasse

640 1953 864 1997 nomen
878 1937 1225 2016 paternum
1255 1934 1503 2011 abiecit,
1538 1939 1881 2017 postquam
1909 1936 1983 1999 in
2013 1933 2211 1999 aliam
2234 1939 2481 2017 ¹centem
2510 1935 2819 2018 adoptata
2861 1941 2970 2001 est.
3044 1937 3227 2018 Quod

637 2040 847 2100 autem
898 2037 969 2101 in
1014 2039 1055 2100 t.
1100 2040 1144 2100 3
1198 2042 1584 2101 ηιετηοναιαν
1634 2034 1941 2120 Claudia,
2006 2036 2320 2102 Octaviae
2378 2037 2513 2102 divi
2561 2036 2820 2105 Claudii
2874 2038 2918 2103 f.
2964 2037 3218 2123 liberta,

636 2137 886 2202 Peloris
930 2138 1076 2203 iude
1116 2138 1280 2204 nihil
1310 2138 1384 2204 de
1422 2138 1745 2204 Claudiae
1784 2141 2036 2205 nomine
2067 2138 2432 2204 concludere
2470 2140 2631 2217 licet,
2679 2142 2977 2222 quoniam
3004 2147 3222 2207 notum

636 2245 728 2304 est
794 2239 1079 2306 mulieris
1146 2240 1404 2306 libertos
1467 2244 1803 2325 sumpsisse
1877 2263 2102 2307 nomen
2164 2241 2559 2324 yeutilicium
2613 2244 2832 2324 patris
2878 2248 3217 2326 patronae.

637 2342 954 2408 Octaviae
997 2341 1187 2409 Caes.
1219 2343 1391 2427 Aug.
1438 2343 1482 2411 f.
1527 2349 1568 2412 t.
1616 2349 1674 2422 6,
1722 2344 1893 2427 Aug.
1943 2343 1984 2409 f.
2033 2350 2073 2409 t.
2117 2348 2179 2421 7,
2226 2343 2412 2412 Caes.
2457 2344 2629 2430 Aug.
2676 2346 2897 2429 (uxor)
2943 2350 2986 2411 t.
3028 2350 3091 2412 8.
3139 2384 3217 2393 -

637 2445 913 2511 Octavia
955 2448 1027 2512 iu
1067 2449 1342 2512 umnmis
1386 2452 1445 2511 et
1490 2447 1666 2530 apud
1705 2450 2062 2531 scriptores.

763 2549 1178 2634 Imperatoris
1236 2548 1493 2615 Claudii
1554 2559 1620 2614 et
1662 2549 1968 2615 Valeriae
2018 2549 2408 2615 Messalinae
2466 2549 2601 2616 filia
2667 2550 2814 2618 Tac.
2863 2572 2922 2618 a.
2970 2556 3067 2629 11,
3114 2556 3214 2630 34,

633 2651 891 2717 Sueton.
933 2650 1165 2717 Claud.
1198 2656 1305 2729 27,
1351 2651 1598 2736 Ioseph.
1632 2656 1763 2717 cmt.
1796 2658 1894 2730 15,
1924 2656 1988 2730 8,
2021 2657 2080 2717 1.
2161 2652 2264 2718 De
2309 2673 2475 2718 auno
2517 2653 2730 2718 natali
2769 2674 2898 2718 nou
2940 2658 3221 2732 consta&

632 2777 690 2822 a.
735 2756 818 2820 62
862 2752 1080 2840 puella
1120 2755 1427 2820 vicesimo
1471 2756 1700 2819 aetatis
1745 2776 1912 2821 anno
1959 2755 2197 2820 dicitur
2242 2757 2456 2820 occisa
2493 2755 2642 2821 Tac.
2682 2778 2743 2822 a.
2777 2761 2876 2833 14,
2909 2760 3006 2833 64,
3051 2756 3218 2821 unde

628 2862 791 2922 nata
822 2861 961 2921 erat
991 2877 1050 2922 a.
1081 2861 1170 2923 42
1197 2856 1294 2921 vel
1319 2862 1419 2922 43.
1490 2857 1830 2923 Suetonius
1860 2862 2070 2922 autem
2100 2879 2236 2922 cum
2268 2859 2540 2923 scribat:
2580 2857 2950 2941 (Claudius)
2980 2857 3217 2923 liberos

633 2958 781 3024 tulit
813 2997 893 3007 -—
923 2995 1008 3006 —
1039 2980 1122 3023 ex
1151 2958 1505 3024 Messalina
1533 2958 1874 3025 Octaviam
1920 2969 1986 3024 et
2014 2959 2468 3025 Britannicum
2513 2958 2651 3042 (qui
2691 2980 2859 3025 armo
2902 2965 2984 3026 41
3022 2966 3215 3027 uatus

628 3068 720 3128 est
747 3063 830 3145 cf.
863 3081 1064 3145 supra
1100 3082 1164 3127 u.
1198 3061 1361 3145 666),
1393 3064 1529 3129 siue
1561 3062 1752 3129 dubio
1781 3062 1989 3146 filiam
2012 3067 2174 3127 natu
2203 3064 2505 3127 maiorem
2537 3064 2765 3128 statuit
2795 3067 2855 3128 et
2880 3061 3014 3129 Dio
3042 3067 3145 3141 60,
3175 3067 3218 3129 5

629 3170 863 3230 narrat
920 3186 1091 3231 anno
1136 3165 1211 3229 41
1266 3163 1614 3230 Claudium
1672 3187 1812 3230 eam
1859 3164 2082 3230 Silano
2127 3163 2581 3251 despondisse3
2639 3165 2806 3230 uude
2850 3164 3216 3249 Nipperdey

630 3269 718 3334 ad
765 3267 914 3333 Tac.
962 3266 1003 3331 l.
1058 3265 1099 3331 l.
1146 3269 1408 3333 coniecit
1462 3269 1750 3333 Tacitum
1790 3269 2118 3351 scripsisse
2162 3266 2690 3332 duoetvicesimO.
2780 3266 3097 3350 Vtcunque
3141 3268 3215 3333 de

624 3371 833 3435 verbis
894 3369 1103 3434 Taciti
1154 3369 1481 3434 iudicatur
1497 3419 1512 3447 ,
1575 3374 1812 3435 certum
1868 3369 2118 3435 videtur
2170 3370 2503 3437 Octaviam
2559 3374 2707 3435 ante
2762 3368 3214 3436 Britannicum

623 3478 849 3538 natam
890 3491 1038 3538 esse.

750 3573 943 3639 Anno
974 3575 1052 3638 41
1088 3572 1409 3658 desponsa
1437 3584 1535 3639 est
1563 3575 1641 3640 L.
1673 3576 1862 3640 Iunio
1893 3574 2115 3641 Silano
2148 3574 2537 3661 (Torquato)
2567 3574 2700 3640 Dio
2729 3580 2828 3653 60,
2860 3579 2919 3652 5,
2967 3575 3114 3641 Tac.
3147 3598 3207 3641 a.

624 3683 729 3755 12,
772 3681 833 3755 3,
882 3676 1139 3743 Sueton.
1173 3673 1405 3741 Claud.
1453 3682 1558 3743 24.
1595 3682 1704 3744 27.
1787 3677 1981 3742 Anno
2026 3678 2109 3743 48
2171 3687 2447 3742 exeunte
2490 3676 2800 3743 Claudius
2842 3677 3211 3765 Agrippina

624 3781 993 3863 instigante,
1043 3800 1210 3865 quae
1255 3780 1514 3866 nuptias
1554 3779 1868 3845 Octaviae
1913 3793 1977 3846 et
2019 3780 2298 3844 Neronis
2342 3778 2757 3863 moliebatur,
2805 3780 3201 3846 adfinitatem

625 3882 828 3948 Silani
868 3881 1131 3948 diremit
1167 3881 1313 3947 Tac.
1348 3904 1405 3949 a.
1437 3887 1543 3960 12,
1574 3888 1635 3948 4.
1679 3883 1874 3949 Anno
1908 3883 1993 3949 49
2038 3881 2349 3949 Claudius
2393 3905 2533 3947 eam
2576 3882 2820 3948 Neroni
2866 3881 3210 3970 despondit

620 3985 750 4054 ibd.
797 3989 902 4064 12,
946 3989 1005 4061 9,
1054 3984 1318 4051 Sueton.
1360 3984 1593 4050 Claud.
1637 3990 1732 4052 27
1771 3996 1836 4050 et
1877 3987 1944 4049 in
1990 3985 2185 4050 aliam
2225 3997 2485 4068 gentem
2530 3984 2963 4072 adoptandam
3009 3985 3203 4069 dedit,

622 4111 705 4153 ne
734 4088 920 4153 fratri
951 4086 1257 4173 adoptivo
1289 4087 1564 4152 nuberet
1590 4087 1725 4153 Dio
1754 4092 1853 4165 60,
1884 4092 1968 4153 33
1995 4088 2319 4172 (Zonaras
2339 4093 2436 4165 11,
2463 4086 2588 4169 10).
2639 4086 2828 4152 Anno
2853 4089 2936 4153 53
2966 4089 3206 4153 Neroni

621 4192 846 4278 nupsit
893 4190 1040 4256 Tac.
1075 4212 1135 4258 a.
1168 4196 1273 4268 12,
1303 4193 1405 4268 58,
1451 4190 1705 4256 Sueton.
1756 4190 1932 4255 Nero
1977 4196 2037 4256 7.
2111 4190 2287 4255 Nero
2332 4192 2459 4255 cito
2506 4189 2823 4256 Octaviae
2866 4201 3205 4255 consuetu-

615 4293 832 4359 dinem
877 4302 1259 4379 aspernatus
1303 4293 1803 4379 corripientibus
1847 4295 2071 4358 amicis
2115 4292 2413 4358 sufficere
2451 4292 2545 4358 illi
2590 4291 2828 4357 debere
2873 4291 3207 4379 respondit

621 4397 854 4462 uxoria
910 4405 1289 4461 ornamenta
1348 4405 1414 4460 et
1455 4397 1524 4460 in
1569 4395 1767 4461 Actes
1814 4395 2083 4461 libertae
2129 4417 2409 4460 amorem
2455 4394 2759 4482 delapsus
2803 4406 2901 4461 est
2943 4395 3200 4461 Suetou.

622 4499 798 4566 Nero
826 4503 924 4583 35,
979 4498 1127 4566 Tac.
1161 4520 1222 4564 a.
1252 4505 1353 4577 13,
1387 4503 1492 4568 12.
1559 4499 1870 4565 Dolorem
1899 4502 2075 4564 necis
2106 4500 2466 4565 Britannici
2498 4499 2929 4565 dissimulavit
2965 4499 3112 4565 Tae.
3139 4522 3201 4565 a.

617 4608 715 4681 13,
747 4607 864 4668 16.·
928 4600 1120 4666 Anno
1165 4604 1248 4667 62
1291 4601 1484 4684 Nero,
1526 4611 1602 4667 ut
1644 4603 1887 4688 nuptiis
1928 4603 2273 4688 Poppaeae
2318 4601 2579 4668 domum
2623 4624 2897 4668 vacuam
2943 4601 3201 4687 faceret,

617 4706 959 4772 Octaviam
1016 4703 1269 4769 amoliri
1328 4714 1531 4790 parat,
1596 4706 1895 4793 quamvis
1953 4703 2244 4770 modeste
2302 4715 2541 4788 ageret,
2587 4706 2848 4770 nomine
2890 4706 3092 4791 patris
3137 4715 3203 4770 et

617 4808 849 4874 studiis
894 4805 1117 4893 populi
1163 4807 1440 4871 invisam
1489 4806 1621 4873 ibd.
1666 4811 1765 4884 14,
1809 4811 1909 4872 59.
2000 4807 2232 4893 Specie
2276 4806 2632 4872 sterilitatis
2676 4807 2866 4872 domo
2907 4805 3093 4893 pulsa
3138 4817 3203 4872 et

616 4913 680 4976 in
729 4910 1152 4995 Campaniam
1213 4911 1496 4994 seposita
1554 4920 1651 4973 est
1706 4907 1930 4974 addita
1985 4898 2251 4975 militari
2303 4909 2601 4975 custodia
2643 4910 2772 4977 ibd.
2818 4914 2917 4988 14,
2962 4914 3198 4979 60-61.

614 5013 875 5079 Nerone
906 5024 1171 5079 auctore
1202 5013 1517 5078 Anicetus
1548 5011 1818 5077 libertus
1848 5012 2239 5078 adulterium
2287 5014 2425 5079 eius
2470 5012 2803 5078 confessus
2848 5022 2979 5095 est3
3024 5012 3198 5078 Nero

613 5116 824 5181 edicto
895 5126 1258 5203 correptam
1325 5115 1540 5181 insula
1607 5115 2004 5182 Pandateria
2059 5115 2291 5182 clausit
2352 5126 2416 5181 et
2473 5117 2701 5203 paucis
2759 5125 2906 5201 post
2962 5114 3196 5181 diebus
