3859 5992
708 524 1080 585 CLAVDIVS
1993 516 2120 585 398
3046 524 3413 582 CLAVDIVB

707 725 834 795 802
878 725 980 790 Ti.
1028 723 1343 791 Claudius
1388 722 1802 791 Secundinus
1846 723 1923 789 L.
1974 723 2222 790 Statius
2265 723 2559 789 Macedo.
2658 722 2888 789 Tituli:
2933 725 2994 788 ei
3035 726 3286 807 positus
3329 727 3419 788 est

845 827 908 893 V
938 831 1063 892 867
1106 826 1193 911 (1)
1237 825 1692 910 Aquileiensis,
1751 831 2140 891 memoratur
2183 828 2254 892 in
2308 825 2531 907 fistula
2569 825 2875 910 plumbea
2914 826 3195 893 Ostiensi
3231 826 3417 893 XIV

830 934 1005 995 2008
1047 932 1165 1019 (2).
1207 966 1297 977 —
1337 929 1554 995 Plena
1596 930 1858 995 nomina
1901 928 2151 995 exhibet
2195 934 2238 997 t.
2286 934 2345 1007 1,
2391 927 2492 998 cl.
2540 928 2950 996 Secundinus
2991 934 3035 994 t.
3080 933 3144 997 2.
3196 967 3268 976 —
3316 929 3415 996 Ti.

837 1031 945 1116 fil„
993 1031 1171 1098 tribu
1214 1031 1352 1099 Pal.
1401 1037 1447 1099 t.
1484 1038 1543 1097 1.

969 1136 1225 1200 Primus
1270 1133 1438 1221 pilus
1483 1133 1757 1219 legionis
1792 1134 1931 1199 1111
1962 1132 2232 1199 Flaviae
2261 1133 2486 1217 felicis,
2534 1132 2831 1200 tribunus
2864 1133 3146 1199 cohortis
3176 1135 3419 1220 primae

835 1237 1125 1322 vigilum,
1161 1235 1464 1304 tribunus
1494 1236 1777 1303 cohortis
1799 1236 1902 1303 XI
1924 1237 2233 1320 urbanae,
2264 1236 2562 1303 tribunus
2596 1235 2880 1302 cohortis
2909 1237 3013 1303 IX
3040 1238 3417 1323 praetoriae,

838 1342 1082 1427 primus
1128 1339 1299 1427 pilus
1344 1342 1599 1422 iterum,
1660 1339 2029 1427 praefectus
2074 1339 2345 1424 legionis
2384 1342 2450 1406 Π
2494 1339 2817 1406 Traianae
2856 1339 3057 1424 fortis,
3121 1363 3421 1425 procura-

842 1455 941 1510 tor
983 1444 1119 1509 XX
1165 1442 1640 1524 hereditatium,
1689 1453 2073 1529 procurator
2115 1443 2598 1530 provinciarum
2635 1442 3097 1528 Lugdunensis
3128 1454 3194 1508 et
3219 1442 3421 1530 Aqui-

838 1548 1090 1612 tanicae
1136 1550 1178 1611 t.
1227 1553 1301 1624 1,·
1357 1568 1399 1610 a
1451 1545 1814 1611 rationibus
1867 1544 2041 1629 Aug.
2087 1549 2132 1611 t.
2172 1549 2245 1622 1,
2305 1543 2624 1609 Antonini
2680 1545 2781 1609 Pii
2828 1549 2871 1610 t.
2921 1552 3005 1624 2,·
3059 1545 3420 1632 praefectus

838 1670 1132 1714 annonae
1178 1654 1222 1715 t.
1259 1653 1319 1714 1.

711 1753 837 1817 803
883 1749 1196 1817 Claudius
1226 1748 1539 1817 Seleucus
1569 1748 2009 1836 Papinianum
2039 1747 2366 1814 consuluit
2393 1749 2803 1833 Papinianus
2828 1748 3076 1834 Digest.
3103 1754 3202 1828 34,
3234 1756 3293 1828 9,
3323 1756 3420 1819 13.

709 1855 836 1919 804
881 1851 1199 1919 Claudius
1223 1852 1514 1935 Senecio,
1549 1850 2071 1916 adolescentulus
2101 1851 2397 1931 decorus,
2427 1850 2659 1918 liberto
2675 1852 2975 1919 Caesaris
2999 1853 3111 1936 (=
3131 1852 3420 1936 Claudii)

837 1966 1025 2041 patre
1082 1957 1340 2040 genitus
1358 2004 1375 2038 ,
1436 1977 1476 2019 a
1532 1954 1791 2020 Nerone
1851 1956 1917 2019 in
1981 1954 2437 2020 conscientiam
2496 1956 2736 2019 amoris
2791 1954 2998 2020 Actae
3054 1967 3421 2042 assumptus

847 2059 992 2124 Tac.
1047 2080 1109 2124 a.
1164 2062 1261 2135 13,
1317 2061 1440 2137 12;
1501 2078 1698 2143 eques
1758 2058 2090 2123 Romanus
2147 2057 2614 2123 coniurationis
2668 2057 3057 2123 Pisonianae
3114 2081 3285 2124 anno
3341 2060 3421 2126 65

843 2163 1174 2249 particeps
1217 2160 1345 2229 ibcl.
1390 2162 1492 2238 15,
1540 2165 1640 2227 50.
1684 2164 1784 2238 56,
1830 2165 1931 2238 57,
1980 2161 2233 2225 occisus
2276 2164 2375 2237 15,
2424 2165 2523 2229 70.

710 2267 836 2331 805
879 2264 982 2332 Ti.
1015 2262 1387 2347 Cla(udius)
1421 2262 1734 2346 Senill(us
1748 2262 1831 2347 P),
1878 2264 2319 2349 p(rocurator)
2365 2262 2749 2347 r(ationum)
2793 2264 3245 2349 s(ummarum)
3289 2265 3420 2331 III

831 2371 1004 2434 5121
1050 2372 1093 2433 t.
1137 2366 1432 2432 Noricus.
1488 2403 1566 2413 -—
1614 2366 1833 2432 Lectio
1891 2365 2067 2431 tituli
2121 2370 2295 2431 certa
2349 2370 2460 2444 est,
2520 2370 2591 2431 at
2646 2365 2878 2432 solutio
2922 2368 3424 2451 compendiorum

837 2470 1046 2535 dubiis
1086 2490 1215 2534 non
1258 2473 1449 2536 caret.

709 2575 835 2638 806
880 2573 981 2638 Ti.
1013 2571 1325 2639 Claudius
1357 2570 1678 2639 Servilius
1707 2572 2045 2651 Geminus,
2092 2570 2212 2635 sub
2243 2593 2371 2657 quo
2415 2592 2587 2636 anno
2619 2570 2704 2636 96
2749 2583 2901 2638 sunt
2928 2572 3100 2639 duae
3127 2573 3421 2640 cohortes

834 2675 1216 2745 auxiliariae
1277 2675 1342 2739 in
1396 2673 1700 2740 Sardinia
1744 2674 1897 2758 dipl.
1945 2673 2077 2739 mil.
2124 2675 2257 2739 III
2287 2678 2372 2739 18
2383 2694 2405 2753 ,·
2447 2679 2838 2756 procurator
2881 2698 3028 2760 erqo
3070 2681 3132 2741 et
3159 2698 3424 2760 praeses

840 2777 1190 2849 Sardiniae
1233 2781 1294 2841 et
1338 2775 1645 2842 Corsicae.

710 2883 836 2950 807
881 2881 1195 2951 Claudius
1256 2881 1683 2963 Severianus,
1743 2880 2110 2968 praefectus
2155 2880 2603 2947 vehiculorum
2661 2904 2831 2947 anno
2877 2883 3002 2948 214
3042 2888 3424 2949 memoratur

839 2986 910 3050 in
954 2990 998 3052 t.
1042 2984 1290 3049 urbano
1338 2983 1592 3050 Notizie
1636 2982 1802 3067 deyli
1842 2983 2020 3049 scavi
2058 2987 2224 3048 1883
2252 3004 2328 3066 p.
2356 2988 2499 3049 457.

710 3089 836 3153 808
884 3096 1252 3153 CLAVDIVS
1301 3095 1674 3167 SEVERVS,
1732 3085 2155 3173 philosophus
2197 3087 2692 3172 peripateticus,
2741 3086 3047 3169 magister
3089 3086 3181 3152 M.
3227 3087 3423 3153 Anto·

840 3191 976 3255 nini
1018 3191 1127 3255 vit.
1173 3188 1399 3257 Marci
1439 3193 1498 3265 3,
1543 3193 1604 3253 3.
1695 3187 1894 3254 Pater
1943 3190 2081 3253 sine
2140 3188 2333 3254 dubio
2392 3187 2502 3257 On.
2566 3188 2832 3255 Claudii
2889 3189 3109 3256 Severi
3163 3210 3286 3255 cos.
3331 3190 3420 3256 H

841 3314 899 3360 a.
933 3298 1072 3371 173,
1117 3295 1252 3377 ipse
1294 3294 1569 3374 fortasse
1614 3290 1778 3357 idem
1821 3295 2010 3373 atque
2046 3291 2163 3358 Cn.
2206 3290 2526 3357 Claudius
2570 3292 2837 3358 Severus
2880 3290 3262 3357 Arabianus
3302 3315 3425 3360 cos·

840 3419 900 3464 a.
925 3402 1048 3461 146
1073 3397 1256 3478 infra
1282 3417 1348 3461 n.
1369 3399 1509 3463 813.
1559 3393 1668 3459 Vel
1683 3398 1879 3478 pater
1907 3393 2004 3459 vel
2031 3394 2206 3478 filius
2236 3393 2517 3478 intellegi
2529 3398 2744 3478 potest
2779 3392 3091 3460 Claudius
3123 3395 3421 3461 Severus,

841 3502 946 3564 cui
983 3500 1228 3565 Fronto
1274 3495 1754 3563 commendavit
1799 3496 2160 3583 Sulpicium
2205 3495 2669 3563 Cornelianum
2713 3496 2962 3563 Fronto
3005 3496 3095 3561 ad
3137 3520 3262 3562 am.
3300 3504 3359 3576 1,
3388 3504 3426 3563 1

836 3625 908 3686 p.
945 3607 1074 3669 172
1115 3600 1209 3667 ed.
1259 3600 1503 3666 Naber.

966 3702 1166 3787 Apud
1193 3704 1496 3768 Marcum
1526 3705 1608 3774 εἰς
1637 3701 1847 3768 ἑαυτόν
1879 3707 1937 3780 1,
1970 3707 2049 3767 14
2095 3701 2378 3768 traditur
2405 3702 2567 3789 παρὰ
2612 3708 2716 3769 τοῦ
2749 3703 3017 3788 ἀδελφοῦ
3063 3728 3178 3788 μου
3224 3703 3426 3786 (αὐτοῦ

841 3806 1001 3872 liber
1043 3805 1593 3887 Darmstadensis)
1640 3805 1948 3891 Σεουήρου
1994 3808 2062 3871 τὸ
2111 3808 2432 3890 φιλοίκειον
2463 3842 2547 3850 -
2580 3845 2653 3853 -
2689 3809 2788 3872 καὶ
2825 3807 2892 3871 τὸ
2942 3803 3013 3870 δι’
3047 3806 3227 3871 αὐτοῦ
3271 3807 3428 3889 (cor-

839 3910 1007 3975 reoeit
1043 3908 1242 3992 Stich,
1289 3909 1485 3975 αὐτῶν
1526 3907 1622 3973 vel
1663 3907 1839 3974 αὐτόν
1890 3907 2196 3993 traditur)
2242 3915 2462 3995 γνῶναι
2508 3908 2780 3995 Θρασέαν
2828 3905 3124 3995 Ἑλβίδιον
3172 3905 3427 3974 Κάτωνα

841 4014 1043 4079 Δίωνα
1086 4010 1350 4098 Βροῦτον
1396 4016 1525 4077 κτλ.
1608 4012 1817 4076 Locus
1860 4011 1973 4093 qui
2027 4010 2212 4093 vulyo
2268 4010 2356 4075 ad
2412 4016 2697 4078 nostrum
2746 4012 3042 4093 refertur,
3086 4012 3194 4075 via:
3236 4030 3430 4075 sanus

843 4121 934 4182 est
976 4136 1169 4197 neque
1212 4113 1401 4197 facili
1443 4118 1807 4179 correctura
1851 4115 2093 4201 Οὐήρου
2140 4114 2513 4183 restituitur.
2606 4114 2781 4180 Nam
2822 4114 3036 4179 neutri
3080 4118 3247 4179 recte
3288 4135 3429 4179 con-

840 4221 1026 4296 venit,
1086 4217 1254 4299 quod
1296 4215 1567 4282 Marcus
1615 4238 1806 4299 opera
1853 4218 1985 4281 eius
2026 4216 2100 4281 dc
2144 4238 2264 4299 quo
2306 4215 2410 4282 hic
2454 4218 2590 4300 aqit
2630 4216 2912 4283 homines
2952 4217 3188 4281 stoicae
3230 4220 3429 4281 sectae

841 4321 1230 4388 clarissimos
1290 4339 1355 4385 se
1422 4320 1775 4404 coynovisse
1839 4320 2065 4384 scribit
2121 4324 2181 4384 et
2237 4320 2374 4384 veri
2412 4340 2661 4404 parum
2717 4324 2809 4385 est
2864 4318 3069 4384 simile
3130 4319 3429 4383 Marcum

844 4423 1197 4509 appellasse
1239 4425 1510 4506 fratrem
1553 4444 1692 4488 eum
1734 4424 1846 4505 qui
1886 4427 2028 4487 erat
2071 4442 2377 4488 consocer.

717 4526 843 4592 809
891 4528 1318 4609 CL(AVDIVS)
1365 4534 1734 4609 SEVERVS,
1798 4525 2192 4590 clarissimus
2233 4526 2340 4590 vir
2394 4527 2602 4592 nescio
2646 4525 2787 4608 quis
2843 4527 3229 4589 memoratur
3271 4526 3341 4589 in
3386 4529 3427 4592 t.

840 4629 1008 4694 servi
1050 4629 1170 4695 IX
1202 4634 1328 4693 447
1366 4628 1644 4695 AecanO.

716 4733 844 4797 810
888 4729 1202 4796 Claudius
1248 4731 1546 4814 Severm,
1594 4731 2046 4796 Helvetiorum
2093 4730 2234 4796 dux
2278 4753 2449 4796 anno
2493 4731 2578 4796 69
2631 4731 2779 4796 Tac.
2817 4729 2878 4797 h.
2920 4736 2978 4807 1,
3010 4733 3110 4797 68.

715 4835 833 4901 811
888 4843 1003 4898 CN.
1045 4843 1410 4900 CLAVDIVS
1457 4843 1815 4911 SEVERVS,
1863 4833 2089 4898 consul
2134 4834 2200 4899 Π
2245 4856 2416 4898 anno
2452 4834 2574 4900 173
2615 4854 2765 4898 cum
2793 4831 2895 4899 Ti.
2928 4830 3201 4897 Claudio
3247 4831 3430 4895 Pom-

843 4938 1096 5023 peiano.
1198 4936 1446 5003 Titulus
1503 4938 1636 5003 eius
1694 4936 2140 5020 Pompeiopoli
2194 4935 2678 5020 Paphlayoniae
2734 4939 3020 5019 repertus
3065 4932 3165 4999 01
3166 4933 3229 5000 G
3270 4937 3432 5000 4154

845 5061 1009 5106 corr.
1053 5039 1371 5125 Boryhesi
1410 5062 1550 5124 opp.
1600 5039 1661 5104 V
1681 5063 1754 5123 p.
1795 5045 1945 5117 429,
1995 5039 2197 5104 denuo
2240 5040 2333 5104 sic
2377 5039 2729 5123 descriptus
2785 5042 2878 5104 est
2936 5058 2979 5101 a
3032 5036 3114 5103 G.
3159 5035 3437 5102 Doublet

845 5143 1132 5214 Bulletin
1162 5143 1236 5211 cle
1270 5142 1808 5229 correspondance
1838 5142 2214 5226 Hellenique
2250 5142 2452 5209 XIII
2471 5141 2684 5227 (1889)
2719 5164 2792 5226 11·
2824 5146 2983 5208 305.-
3027 5137 3253 5228 Ἀγαθῇ
3280 5141 3437 5228 τύχη
