3859 5992
694 562 1009 619 CLODIVS
1981 554 2105 619 416
3082 559 3395 615 CLODIVS

949 758 1158 825 Plena
1199 762 1462 825 nomina
1506 758 1796 824 exhibent
1839 764 1881 824 t.
1927 764 1987 828 1.
2028 763 2072 823 3
2115 762 2176 823 ct
2216 760 2287 824 in
2331 757 2662 825 consulatu
2709 757 2908 823 altero
2953 762 2996 824 t.
3040 763 3101 834 4,
3164 757 3395 842 Eprius

818 860 1168 927 Marcellus
1192 866 1236 926 t.
1258 866 1318 929 3.
1339 900 1418 909 —
1437 862 1518 926 In
1547 862 1820 925 nummis
1842 883 1885 925 a
1909 861 2149 946 Eprius
2173 859 2540 943 Marcellus,
2567 862 2636 925 in
2656 860 2918 943 reliquis
2931 858 3289 927 Marcellus,
3318 896 3391 905 ·—

818 964 1019 1048 Apud
1056 965 1397 1048 scriffiores
1442 965 1683 1050 Eprius
1728 963 2076 1028 Marcellus
2117 964 2246 1029 sive
2288 964 2527 1051 Eprius
2571 964 2701 1029 sive
2743 962 3115 1031 Marcellus.

945 1066 1211 1153 Capuae
1270 1067 1532 1133 sordide
1589 1078 1654 1133 et
1696 1067 1947 1132 abiecte
1992 1076 2183 1131 natus
2236 1067 2383 1134 Tac.
2432 1066 2663 1150 dialoy.
2708 1070 2769 1143 8,
2815 1065 2905 1131 Μ.
2950 1065 2993 1130 f.
3041 1063 3212 1130 tribu
3256 1063 3395 1129 Fal.

818 1175 861 1234 t.
909 1175 966 1235 1.
1056 1171 1327 1235 Praetor
1363 1172 1753 1257 peregrinus
1801 1173 1843 1234 t.
1890 1175 1948 1247 1,
2004 1191 2172 1234 anno
2219 1170 2302 1234 48
2349 1193 2406 1234 a.
2453 1168 2516 1234 d.
2563 1169 2702 1234 IIII
2745 1167 2876 1234 kal.
2922 1169 3080 1251 Ian„
3129 1190 3271 1232 cum
3312 1167 3391 1231 L.

818 1272 1079 1338 Silanus
1109 1281 1477 1359 praeturam
1510 1275 1763 1337 eiurare
1794 1271 2062 1337 adactus
2095 1284 2278 1353 esset,
2330 1274 2395 1336 in
2441 1275 2579 1336 eius
2624 1270 2839 1337 locum
2883 1269 3172 1356 reliquus
3215 1290 3393 1355 prae-

818 1386 1000 1440 turae
1058 1374 1196 1439 dies
1256 1375 1514 1454 (scilicet
1555 1375 1692 1441 III
1723 1375 1849 1440 kal.
1896 1374 2071 1458 Ian.)
2117 1376 2180 1437 in
2235 1374 2620 1440 Marcellum
2663 1373 2934 1439 collatus
2993 1384 3091 1438 est
3142 1373 3282 1437 Tac.
3329 1392 3391 1435 a.

815 1483 918 1561 12,
965 1484 1006 1542 4
1047 1479 1131 1560 cf.
1178 1479 1433 1543 Sueten.
1480 1475 1714 1543 Claud.
1753 1481 1860 1544 29.
1949 1477 2239 1559 Legatus
2284 1476 2531 1562 Lyciae
2575 1478 2683 1560 (cf.
2730 1482 2770 1542 t.
2817 1480 2889 1562 2)
2934 1498 3018 1541 ex
3063 1474 3396 1561 provincia

815 1581 1321 1666 repetundarum
1388 1579 1747 1666 postulatus
1806 1589 1935 1663 est,
2002 1579 2117 1644 sed
2173 1601 2245 1644 eo
2292 1602 2500 1665 usque
2543 1579 2809 1645 ambitio
2869 1578 3263 1666 praevaluit,
3322 1586 3395 1639 ut

814 1682 1078 1768 quidam
1139 1693 1589 1748 accusatorum
1649 1684 1787 1747 eius
1847 1681 2043 1747 exilio
2103 1681 2531 1747 multarentur
2583 1682 2730 1749 Tac.
2779 1703 2838 1751 a.
2883 1687 2981 1759 13,
3024 1685 3131 1746 33.
3229 1678 3395 1743 Pro-

816 1785 1129 1850 consulem
1175 1784 1370 1869 Cypri
1410 1787 1609 1869 fuisse
1652 1807 1730 1851 ea·
1772 1791 1813 1850 t.
1862 1791 1902 1850 1
1944 1806 2075 1850 non
2117 1790 2279 1850 certe
2320 1785 2657 1867 colligitur.
2741 1783 2977 1850 Consul
3019 1784 3071 1849 I
3100 1780 3396 1861 suffectus

816 1890 990 1953 circa
1036 1910 1272 1954 annum
1316 1895 1414 1957 60.
1503 1890 1694 1954 Iussu
1736 1887 2015 1953 Neronis
2061 1910 2230 1953 anno
2277 1890 2360 1954 66
2408 1911 2536 1952 una
2586 1910 2733 1952 cum
2780 1886 3166 1952 Cossutiano
3210 1884 3396 1969 Capi-

815 2000 965 2055 tone
998 1990 1356 2057 Thraseam
1396 1994 1668 2058 Paetum
1712 1992 2048 2057 accusavit
2091 2001 2155 2056 et
2199 1989 2532 2055 damnavit
2574 1989 2701 2057 ibd.
2733 1994 2831 2067 16,
2861 1993 2972 2055 22.
3002 1993 3110 2055 26.
3140 1991 3245 2053 28.
3275 1990 3395 2063 29;

814 2093 896 2157 ob
959 2093 1025 2158 id
1079 2096 1512 2180 quinquagies
1569 2095 1931 2158 sestertium
1994 2095 2053 2157 ei
2108 2093 2482 2159 decernitur
2536 2092 2663 2160 ibd.
2710 2098 2808 2171 16,
2855 2097 2959 2158 33.
3065 2092 3254 2156 Anno
3310 2090 3394 2154 69

815 2205 1094 2260 exeunte
1150 2219 1300 2262 acre
1362 2198 1639 2280 iurgium
1706 2197 1875 2261 inter
1938 2218 2088 2261 eum
2150 2206 2214 2261 et
2265 2195 2647 2261 Helvidium
2694 2196 2990 2261 Priscum
3049 2196 3113 2259 in
3168 2201 3393 2258 senatu

814 2298 939 2363 fuit
989 2298 1136 2363 Tac.
1180 2299 1240 2363 h.
1287 2304 1346 2377 4,
1391 2304 1559 2378 6-8;
1604 2321 1773 2363 anno
1815 2300 1897 2365 70
1941 2297 2186 2364 frustra
2228 2298 2397 2363 idem
2442 2300 2919 2364 accusationem
2958 2299 3021 2361 in
3070 2319 3216 2361 eum
3262 2306 3393 2359 ten-

815 2400 970 2465 dere
1013 2401 1263 2467 studuit
1301 2402 1429 2468 ibd.
1475 2407 1534 2480 4,
1579 2408 1663 2468 43
1706 2404 1788 2485 cf.
1836 2401 1994 2467 dial.
2038 2407 2097 2469 5.
2184 2401 2535 2468 Proconsul
2580 2402 2777 2467 Asiae
2828 2401 2951 2468 sub
2995 2398 3393 2482 Vespasiano

813 2526 870 2568 a.
912 2504 1164 2570 70-73
1211 2509 1252 2570 t.
1284 2511 1342 2570 1.
1372 2511 1432 2582 3,
1477 2507 1720 2571 nummi
1731 2526 1753 2583 ,·
1796 2506 1884 2570 ad
1926 2527 2165 2570 annam
2196 2506 2479 2587 primum
2510 2505 2840 2587 pertinent
2880 2503 3125 2568 nummi
3160 2499 3394 2565 Laodi-

813 2627 976 2684 ceae,
1039 2606 1127 2672 ad
1181 2606 1450 2673 alterum
1494 2607 1797 2674 Sardium
1855 2613 1917 2673 et
1974 2613 2016 2672 t.
2063 2613 2125 2683 3,
2188 2607 2277 2672 ad
2335 2608 2586 2672 tertium
2644 2607 2884 2671 nummi
2936 2605 3201 2687 reliqtny
3254 2624 3394 2687 pro-

811 2709 1032 2774 consul
1078 2710 1178 2775 III
1225 2715 1266 2778 t.
1314 2717 1371 2775 1.
1420 2709 1575 2790 (5.9).
1653 2710 1893 2775 Consul
1940 2711 2006 2776 II
2052 2711 2414 2795 (suffectus)
2460 2733 2517 2774 a.
2564 2709 2626 2774 d.
2670 2710 2807 2774 XII
2850 2707 2981 2773 kal.
3027 2708 3171 2772 Iun.
3217 2727 3275 2768 a.
3311 2703 3393 2767 74

813 2833 954 2876 cum
1006 2812 1085 2892 Q.
1130 2812 1361 2878 Petilio
1400 2812 1652 2879 Ceriale
1687 2812 1911 2879 Caesio
1947 2813 2115 2878 Ruso
2165 2816 2206 2877 t.
2236 2818 2296 2878 4.
2376 2811 2571 2898 Apud
2602 2813 3076 2898 Vespasianum
3120 2805 3394 2873 multum

811 2913 1016 2978 valuit
1069 2915 1214 2980 Tac.
1257 2916 1412 2980 dial.
1455 2919 1517 2980 8.
1563 2921 1661 2980 13.
1752 2915 1918 2982 Cum
1964 2915 2250 2981 Caecina
2293 2914 2526 2980 Alieno
2583 2915 2747 2999 (vide
2802 2935 3004 2997 supra
3056 2932 3122 2977 n.
3170 2910 3272 2989 71)
3324 2911 3389 2973 in

810 3017 1283 3102 Vespasianum
1328 3020 1694 3083 coniuravit
1737 3028 1801 3083 et
1845 3019 2291 3084 coniuratione
2337 3017 2661 3104 patefacta
2701 3040 2742 3082 a
2784 3026 3010 3081 senatu
3049 3014 3388 3078 damnatus

776 3198 782 3203 ⁹
808 3130 1036 3202 guttur
1092 3120 1410 3185 novacula
1468 3120 1786 3207 praecidit
1842 3120 1976 3186 Dio
2021 3126 2120 3198 66,
2165 3126 2246 3186 16
2296 3120 2622 3203 (Zonaras
2664 3125 2761 3196 11,
2804 3123 2930 3204 179.
2992 3155 3072 3165 —
3134 3117 3383 3199 Augur,

809 3223 990 3287 curio
1035 3225 1377 3307 maximus,
1426 3222 1664 3289 sodalis
1708 3223 2087 3308 Augustalis
2134 3228 2176 3289 t.
2224 3229 2281 3289 1.

938 3323 1044 3389 Ab
1105 3326 1368 3392 ineunte
1428 3327 1870 3391 adulescentia
1926 3328 2140 3390 causis
2198 3324 2562 3391 forensibus
2620 3336 2687 3389 et
2739 3325 3019 3389 oratorio
3065 3321 3277 3387 studio
3320 3343 3388 3385 se

810 3424 1061 3492 dedidit
1097 3428 1240 3493 Tac.
1273 3429 1425 3494 dial.
1457 3434 1532 3507 8,·
1576 3431 1709 3493 acri
1752 3427 2119 3516 eloquentia
2146 3428 2296 3510 ibd„
2330 3450 2389 3495 a.
2424 3433 2523 3505 16,
2554 3433 2667 3495 22.
2734 3429 2985 3494 Domus
3016 3427 3154 3490 eius
3190 3424 3388 3490 titulis

811 3550 889 3592 ac
935 3531 1161 3595 statuis
1204 3530 1450 3617 repleta
1493 3532 1580 3597 id.
1613 3532 1768 3596 dial.
1798 3535 1874 3609 8,·
1919 3530 2110 3596 homo
2157 3531 2498 3618 praedives
2534 3530 2662 3595 ibd.
2695 3532 2777 3613 cf.
2810 3530 2867 3594 h.
2895 3535 2953 3607 4,
2994 3534 3050 3594 7.
3076 3564 3161 3575 —
3192 3526 3387 3593 Liber

810 3631 1155 3715 singularis
1188 3634 1582 3699 Columellae
1610 3634 1694 3699 ad
1727 3636 1999 3720 Eprium
2030 3633 2409 3699 Marcellum
2446 3639 2831 3699 memoratur
2865 3635 2936 3697 in
2970 3632 3156 3696 libris
3198 3651 3387 3694 manu

808 3735 1065 3817 scriptis
1130 3735 1510 3803 Columellae
1576 3739 1657 3820 cf.
1718 3737 2093 3815 Schneider,
2154 3737 2510 3819 Scriptores
2572 3738 2672 3801 rei
2727 3741 2884 3801 rust.
2936 3736 3027 3800 II
3071 3740 3110 3800 1
3164 3757 3233 3817 p.
3288 3738 3381 3809 19,

808 3841 857 3901 2
886 3859 960 3919 p.
998 3843 1138 3906 673.
1208 3877 1265 3885 --
1311 3840 1443 3905 Hic
1491 3846 1564 3905 ut
1623 3841 1871 3905 videtur
1913 3839 2258 3905 Marcellus
2317 3843 2702 3904 memoratur
2755 3838 2977 3905 Sidon.
3022 3836 3381 3920 Apollinar.

808 3941 985 4022 epist.
1017 3946 1075 4018 5,
1113 3947 1168 4019 7,
1198 3947 1259 4007 3.

679 4058 805 4123 916
850 4069 912 4124 C.
949 4072 1262 4126 CLODIVS
1309 4072 1705 4127 FABRICIVS
1752 4072 2108 4126 NVMISIVS
2154 4071 2626 4143 VICTORINVS,
2675 4061 3037 4147 praetorius
3081 4059 3384 4142 (traditur

807 4167 1167 4248 PRALTORIO)
1234 4168 1368 4248 vir,
1431 4167 1534 4230 cui
1595 4166 1927 4230 Numisius
1989 4165 2394 4247 Victorinus,
2447 4167 2547 4229 vir
2604 4164 3143 4251 perfectissimuS,
3203 4169 3383 4246 pater

805 4269 1023 4349 posuit
1069 4273 1110 4334 t.
1154 4268 1568 4351 sepulcralem
1614 4267 1717 4333 VI
1748 4274 1927 4333 1381.

681 4383 803 4448 917
851 4384 927 4449 L.
961 4386 1226 4452 Clodius
1261 4388 1522 4472 Fronto,
1573 4390 1676 4453 cui
1711 4388 1939 4452 civitas
1972 4386 2436 4451 Veliocassium
2487 4387 2700 4472 posuit
2731 4389 2774 4449 t.
2809 4385 2913 4450 VI
2929 4389 3117 4451 1382.
3186 4383 3388 4448 Homo

806 4489 1038 4553 nobilis
1077 4490 1343 4554 videtur.
1895 4496 1900 4501 ’

680 4607 805 4671 918
853 4617 1171 4673 CLODIVS
1235 4619 1693 4690 GRANIANVb',
1758 4608 2100 4694 proconsul
2159 4607 2446 4674 Achaiae
2503 4630 2672 4672 anno
2724 4608 2842 4672 118
2899 4611 3283 4674 memoratur
3320 4606 3383 4670 in

809 4714 850 4773 t.
897 4710 1174 4775 Phocico
1220 4710 1319 4777 CI
1320 4712 1381 4778 G
1424 4716 1610 4778 1732.

680 4831 805 4893 919
853 4840 913 4895 C.
964 4841 1283 4896 CLODIVS
1330 4841 1650 4904 LICINVS‚
1700 4830 1924 4896 consul
1971 4832 2280 4896 suffectus
2327 4852 2495 4894 anno
2542 4833 2580 4895 4
2626 4852 2688 4916 p.
2725 4830 2798 4895 C.
2832 4852 2979 4894 cum
3012 4828 3131 4894 Cn.
3164 4831 3385 4894 Sentio

808 4934 1177 5001 SaturninO.
1254 4936 1338 4999 In
1371 4936 1732 4999 consulatu:
1778 4935 1850 5000 C.
1885 4933 2154 5000 Clodius
2184 4935 2452 4999 Licinus
2480 4934 2641 5015 fasti
2669 4931 3037 5016 Capitolini,
3086 4931 3187 4997 VI
3204 4936 3383 4997 1263.

805 5042 988 5113 1264,
1035 5036 1109 5103 C.
1157 5036 1425 5103 Clodius
1472 5038 1784 5122 Licin[us]
1839 5038 2004 5120 fasti
2045 5037 2387 5101 Arvalium
2432 5036 2581 5102 CIL
2626 5036 2707 5100 1²
2742 5058 2813 5118 p.
2850 5040 2949 5111 70,
2998 5032 3071 5099 C.
3120 5032 3386 5099 Clodius

801 5140 965 5223 fasti
1004 5142 1158 5210 min.
1203 5140 1324 5206 XI
1330 5141 1365 5205 b
1400 5163 1472 5223 p.
1505 5146 1605 5205 68.
