3859 5992
658 579 1011 634 CAEDICIA
1953 568 2079 633 258

655 773 738 838 88
785 781 1143 836 CAEDIOIA
1190 772 1501 854 (traditur
1544 771 1857 856 Cadicia),
1904 772 2121 837 Flavii
2159 772 2464 838 Scaevini
2510 795 2678 839 uxor
2723 796 2806 837 ex
2851 773 3043 838 Italia
3085 772 3374 857 relegata

784 899 843 941 a.
878 876 961 940 65
1005 896 1182 940 ream
1228 875 1429 940 fuisse
1472 898 1542 940 se
1570 876 2068 960 (coniurationis
2100 876 2517 959 Pisonianac)
2549 886 2800 942 tantum
2846 897 3058 962 poena
3102 886 3374 961 experta

793 978 941 1043 Tac.
989 999 1050 1045 a.
1095 982 1194 1055 15,
1244 982 1341 1042 71.

656 1082 740 1147 89
784 1078 1097 1146 Caedicia
1130 1081 1275 1145 Luc
1300 1129 1315 1144 .
1343 1129 1358 1144 .
1387 1128 1402 1144 .
1429 1128 1444 1144 .
1469 1130 1485 1162 ‚
1546 1079 1624 1145 L.
1671 1080 1736 1163 f.,
1782 1085 2172 1145 memoratur
2215 1081 2285 1144 in
2326 1081 2686 1163 fraymento
2730 1085 2774 1144 t.
2820 1080 3198 1146 Salonitani
3239 1081 3371 1144 III

783 1187 949 1250 1988
977 1184 1184 1266 positi
1219 1182 1581 1268 Respe[cto]
1628 1181 2029 1266 [claJrissimo
2075 1183 2315 1266 iuveni,
2362 1203 2626 1264 quocum
2668 1183 3123 1248 necessitudine
3163 1185 3373 1247 nescio

779 1307 907 1369 qua
949 1287 1285 1350 coniuncta
1328 1286 1528 1367 fuisse
1568 1285 1833 1352 videtur.

655 1389 741 1453 90
785 1386 1208 1469 Caelestinus,
1261 1398 1333 1452 ut
1376 1408 1593 1452 rerum
1638 1389 1919 1474 scriptor
1956 1388 2039 1453 de
2069 1388 2417 1453 Valeriano
2463 1389 2714 1453 iuniore
2755 1392 2994 1454 citatur
3037 1390 3147 1456 vit.
3189 1388 3370 1453 Valc-

784 1491 965 1555 riani
1004 1494 1064 1568 8,
1104 1496 1163 1555 1.

656 1630 743 1639 —
783 1602 1219 1657 PVLLAIENA
1265 1601 1672 1657 CAELIANA.

656 1715 731 1779 91
786 1712 1166 1793 Caelianus,
1227 1711 1391 1778 Afer
1448 1711 1773 1797 quondam
1835 1713 2086 1797 rhetor,
2147 1717 2456 1799 magister
2510 1715 2627 1797 (M.
2684 1713 2952 1800 Opellii)
3012 1712 3377 1778 Diadume-

786 1817 1019 1899 (nia)ni
1063 1816 1172 1881 vit.
1216 1814 1603 1881 Diadumen.
1648 1820 1709 1892 8,
1757 1821 1816 1881 9.

657 1955 744 1965 -
784 1919 876 1984 Μ.
923 1918 1317 2005 Calpurnius
1363 1916 1729 1983 Caelianus.

657 2057 744 2067 —
783 2031 878 2086 TI.
928 2031 1300 2086 CLAVDIVS
1349 2030 1727 2084 SAETHIDA
1774 2031 2222 2086 CAELIANVS.
2290 2074 2298 2083 .

657 2159 742 2169 —-
784 2134 853 2189 L.
901 2132 1154 2188 Ivmvs
1201 2132 1653 2188 woronmvs
1695 2122 2129 2210 [F)1.(AV1vs)
2179 2134 2623 2189 cAEmANVS.

657 2263 743 2273 —
787 2226 1206 2312 Sempronius
1253 2225 1619 2292 Caelianus.

657 2346 740 2411 92
787 2344 1079 2428 Caelius,
1127 2342 1293 2411 latro
1340 2344 1626 2410 famosus
1670 2356 1883 2412 aetate
1928 2347 2188 2411 Horatii
2234 2345 2463 2415 Horat.
2498 2352 2620 2412 sat.
2661 2354 2716 2424 1,
2760 2353 2822 2425 4,
2867 2353 2949 2413 69
2994 2370 3136 2412 ciem
3179 2347 3376 2415 schot.

657 2466 740 2531 93
784 2476 852 2533 L.
901 2464 1304 2551 CAELI[VS],
1354 2467 1425 2531 in
1452 2487 1635 2532 versu
1677 2467 1898 2531 ultimo
1945 2471 1989 2531 t.
2031 2466 2259 2550 Gyspm'i
2301 2467 2515 2531 mutili
2541 2468 2674 2533 III
2707 2473 2869 2534 6051
2913 2518 2928 2532 .
2954 2516 2970 2532 .
3001 2516 3017 2531 .
3043 2469 3151 2532 ino
3200 2478 3267 2532 et
3299 2468 3376 2533 L.

784 2566 966 2633 Caeli
991 2616 1006 2633 .
1033 2617 1049 2634 .
1077 2618 1093 2633 .
1120 2617 1135 2633 .
1180 2570 1508 2634 nominari
1546 2569 1840 2634 videntur
1884 2570 2166 2635 consules
2209 2570 2370 2634 anni
2409 2570 2653 2637 incerti.

657 2687 742 2753 94
785 2688 1058 2773 Apicius
1106 2686 1426 2755 *Caelius.
1516 2689 1652 2755 Sub
1709 2688 1810 2754 his
1865 2689 2226 2754 nominibus
2283 2689 2490 2770 fertur
2549 2689 2816 2767 libellus,
2880 2691 2991 2772 qui
3020 2695 3378 2773 praeccpta

770 2791 1161 2873 ‘coquinaria
1192 2792 1483 2857 continet.
1534 2792 1707 2856 Num
1738 2793 1826 2857 ad
1852 2792 2111 2857 eundem
2137 2792 2331 2857 verba
2363 2797 2665 2874 corrupta
2707 2794 2814 2857 vit.
2847 2791 3027 2857 Aelii
3068 2792 3376 2858 Caesaris

784 2896 847 2971 5,
894 2897 934 2957 9
993 2893 1132 2975 (ubi
1190 2893 1471 2958 traditur
1528 2893 1699 2958 idem
1760 2894 1983 2960 Ovidii
2044 2894 2126 2960 ab
2183 2894 2326 2959 aliis
2395 2894 2598 2959 relata
2657 2894 2831 2960 idem
2892 2895 3109 2981 Apicii
3169 2894 3377 2959 libros

787 3017 1077 3060 amorum
1120 3005 1232 3073 BP,
1294 2996 1512 3081 Apicii
1558 2996 1764 3062 Caelii
1811 2997 2015 3062 relata
2064 2998 2318 3080 scripsit
2362 2997 2575 3079 Peter)
2607 2998 2994 3080 pertineant,
3031 2997 3234 3081 plane
3279 2999 3378 3062 in·
3785 3028 3786 3087 χ

791 3102 1027 3162 cenum
1093 3102 1200 3162 est.
1309 3098 1560 3164 Titulus
1624 3100 1825 3165 libelli
1878 3121 2008 3165 non
2065 3121 2263 3165 sanus
2319 3099 2586 3177 videtur,
2648 3101 2776 3181 fuit
2834 3101 3109 3182 fortasse
3168 3099 3377 3166 Caelii
3785 3100 3786 3157 ἰ

786 3199 1059 3287 Apicius
1127 3202 1209 3283 cf.
1279 3199 1560 3280 Teuffel·
1579 3202 1917 3279 Schwabe,
1983 3202 2351 3267 Gescliz'chte
2418 3201 2527 3267 der
2593 3201 2975 3268 Ramisclien
3038 3204 3379 3268 Literatur
3785 3162 3786 3249 i

785 3303 835 3387 §¹
877 3307 1030 3381 283,
1075 3307 1125 3370 2
1141 3305 1188 3370 ⁶.

659 3424 743 3490 95
792 3433 1110 3490 CAELIVS
1175 3474 1189 3490 .
1218 3476 1232 3491 .
1261 3475 1276 3490 .
1301 3434 1655 3489 ILLIANVS
1725 3434 2109 3509 MAXIMVS,
2182 3424 2494 3511 [curator]
2561 3426 2818 3491 aedium
2886 3448 3218 3491 sacrarum
3289 3428 3379 3512 [et

789 3526 1080 3612 operum]
1127 3526 1535 3614 publicorum
1579 3550 1747 3593 anno
1799 3528 1921 3593 159
1969 3527 2073 3593 VI
2102 3532 2226 3594 857
2241 3549 2292 3592 e.

660 3648 744 3711 96
791 3656 1110 3711 CAELIVS
1170 3657 1582 3732 ATTIANVS,
1648 3646 1909 3714 Caelius
1968 3648 2274 3714 Attianus
2332 3650 2439 3712 vit.
2486 3648 2812 3716 Hadrian.
2857 3655 2915 3726 1,
2962 3655 3002 3714 4
3048 3648 3374 3731 (Caelium

786 3749 1132 3814 Tatianum
1178 3750 1312 3815 cod.
1361 3749 1598 3828 Pazat„
1647 3750 1899 3817 Celium
1939 3752 2299 3816 Tacianum
2332 3750 2722 3834 Bambery.)‚
2758 3757 3028 3817 ceterum
3059 3752 3370 3817 Attianus

789 3854 1108 3937 (corrupte
1140 3854 1421 3918 traditur
1448 3855 1557 3918 vit.
1590 3853 1915 3921 Hadrian.
1949 3859 2010 3931 8,
2046 3859 2088 3917 7
2117 3854 2475 3934 Atutinum‚
2512 3854 2751 3919 Zonar.
2786 3858 2886 3932 11,
2918 3859 3008 3920 23
3037 3854 3374 3935 Τατιανός).

917 3956 1136 4041 Eques
1202 3958 1531 4021 Romanus
1595 3959 1705 4021 vit.
1776 3957 2098 4025 Hadrian.
2159 3962 2216 4034 1,
2274 3962 2351 4033 4;
2413 3962 2471 4032 4,
2530 3963 2597 4033 2,
2663 3958 2999 4042 municeps
3065 3958 3140 4023 P.
3204 3956 3378 4021 Aelii

787 4058 1107 4123 Hadriani
1151 4057 1284 4123 Dio
1311 4063 1409 4135 69,
1446 4064 1485 4123 1
1528 4060 1599 4123 id
1642 4064 1731 4123 est
1777 4058 2084 4124 oriundus
2130 4080 2206 4123 ex
2243 4060 2399 4123 urbe
2435 4059 2695 4123 Italica.
2768 4058 2976 4124 Tutor
3022 4068 3086 4123 et
3129 4061 3378 4124 amicus

788 4160 1107 4226 Hadriani
1143 4161 1250 4227 vit.
1283 4160 1631 4239 Hadrian„
1677 4162 1810 4227 Dio
1841 4162 1881 4228 l.
1915 4162 1955 4227 l.
2026 4161 2306 4226 Traiano
2353 4173 2608 4225 mortuo
2655 4183 2802 4225 cum
2846 4161 3104 4227 Plotina
3135 4162 3378 4227 dicitur

787 4263 1196 4328 Hadrianum
1242 4262 1324 4328 ad
1371 4265 1713 4350 imperium
1760 4266 2160 4349 promovisse
2204 4264 2336 4328 Dio
2376 4264 2415 4328 l.
2449 4264 2489 4329 l.
2537 4265 2800 4348 (Zonar.
2835 4270 2930 4341 11,
2976 4264 3093 4347 239
3138 4266 3220 4347 cf.
3264 4266 3375 4329 vit.

790 4367 1119 4433 Hadrian.
1168 4372 1229 4443 9,
1275 4371 1332 4431 6.
1427 4368 1565 4433 Sub
1622 4370 1848 4454 primis
1910 4369 2159 4453 imperii
2222 4367 2448 4431 diebus
2494 4367 2897 4432 Hadrianum
2955 4369 3238 4450 monuit,
3306 4380 3381 4432 ut

793 4469 1202 4535 adversarios
1264 4493 1299 4534 e
1359 4470 1568 4534 medio
1627 4469 1879 4535 tolleret
1928 4472 2037 4535 vit.
2086 4470 2412 4535 Hadrian.
2456 4474 2515 4546 5,
2561 4475 2619 4535 5.
2721 4468 3054 4555 Reliquias
3107 4471 3375 4535 Traiani

792 4596 922 4639 una
966 4594 1115 4637 cum
1163 4571 1422 4638 Plotina
1465 4583 1529 4636 et
1570 4572 1844 4637 Matidia
1889 4595 1974 4637 ex
2003 4572 2165 4637 Asia
2194 4572 2461 4636 Romam
2507 4570 2740 4636 detulit
2781 4572 2909 4639 ibd.
2941 4577 3001 4649 5,
3033 4578 3094 4652 9.
3178 4574 3373 4638 Prac-

787 4677 994 4741 fectus
1040 4677 1359 4761 praetorio
1408 4674 1728 4740 Hadriani
1788 4676 1948 4758 (sine
2007 4676 2197 4740 dubio
2255 4676 2384 4738 iam
2433 4676 2548 4738 sub
2602 4675 2887 4740 Traiano
2933 4676 3382 4758 praetorianis

779 4781 1148 4865 praefuit),·
1193 4802 1335 4843 cum
1379 4779 1755 4844 Hadrianus
1801 4781 2153 4865 potentiam
2201 4779 2338 4841 eius
2383 4776 2552 4841 ferre
2599 4799 2727 4841 non
2773 4788 3005 4863 posset,
3053 4779 3232 4842 nisus
3278 4791 3379 4843 cst

787 4906 934 4950 eum
990 4881 1413 4963 obtruncare,
1475 4882 1589 4947 sed
1649 4892 1991 4946 revocatus
2037 4892 2151 4961 est,
2211 4882 2363 4966 quia
2409 4881 2536 4945 iam
2583 4890 2891 4966 quattuor
2935 4879 3373 4945 consularium

786 4987 1146 5052 occisorum
1192 4986 1303 5069 (cf.
1345 4986 1453 5050 vit.
1501 4984 1830 5050 Hadrian.
1880 4990 1936 5061 7,
1983 4989 2077 5071 2),
2123 5005 2397 5068 quorum
2446 4982 2706 5068 quidem
2754 5005 2978 5047 necem
3023 4984 3090 5047 in
3121 4982 3373 5048 Attiani

785 5089 1055 5155 consilia
1098 5088 1519 5172 refundebat,
1584 5087 2000 5174 premebatur
2061 5086 2338 5168 invidia3
2385 5088 2488 5150 cui
2536 5108 2684 5149 cum
2732 5106 3171 5151 successorem
3218 5085 3376 5150 dare

787 5216 916 5259 non
962 5204 1208 5282 posset,
1257 5194 1413 5281 quia
1456 5214 1586 5258 non
1632 5191 1923 5279 petebat,
1980 5190 2043 5254 id
2093 5190 2255 5274 egit,
2305 5199 2376 5254 ut
2418 5199 2696 5277 peteret,
2752 5201 2951 5276 atque
2995 5212 3146 5254 eum
3189 5212 3372 5277 prae-
