3859 5992
653 538 1007 597 emon-IVS
1940 528 2069 594 328
3016 536 3357 595 ΟΕῙΟΝΠΒ

780 734 1122 820 adoptatus
1163 740 1271 801 est.
1364 732 1606 800 Consul
1642 734 1713 799 Π
1755 756 1814 799 a.
1857 734 1981 800 137
2019 734 2199 816 fasti.
2292 732 2535 798 Eodem
2594 756 2765 798 anno
2821 734 3190 799 Pannonias
3246 758 3355 821 pro

778 838 1047 906 consule
1100 839 1272 903 rexit
1327 837 1571 903 nummi
1624 837 1694 901 in
1753 856 1979 902 aversa
2036 837 2334 920 inscripti
2375 837 2715 902 Pannonia
2753 836 2963 902 Cohen
3018 858 3082 902 n.
3128 842 3338 903 24-33

779 946 821 1011 t.
855 947 896 1006 1
933 943 1016 1024 cf.
1050 945 1093 1009 t.
1128 944 1223 1019 15,
1258 942 1394 1006 vita
1420 944 1480 1018 3,
1517 941 1627 1008 vit.
1659 939 1985 1005 Hadrian.
2015 945 2121 1016 23,
2162 939 2233 1004 id
2270 944 2361 1004 est
2396 941 2661 1023 imperio
2680 939 3154 1023 proconsulari,
3186 941 3357 1023 quale

777 1046 996 1127 fuerat
1059 1043 1314 1111 Tiberio
1370 1047 1432 1109 et
1485 1042 1867 1109 Germanico
1922 1041 2239 1125 Boryhesi
2288 1064 2428 1127 opp.
2484 1042 2670 1108 VIII
2687 1064 2762 1126 p.
2809 1046 2939 1109 457
2985 1044 3069 1126 cf.
3116 1043 3357 1108 titulum

779 1147 878 1232 [T.
912 1146 1173 1230 Statilii]
1219 1145 1489 1211 Maximi
1535 1145 1793 1210 iuridici
1838 1167 1958 1231 pro
1999 1154 2297 1231 praetore
2341 1147 2685 1231 utriusque
2729 1146 3105 1210 Pannoniae
3134 1145 3267 1210 III
3290 1145 3354 1213 S.

776 1254 1003 1333 10336,
1057 1270 1237 1332 quem
1281 1270 1351 1314 eo
1395 1269 1651 1313 munere
1694 1247 1950 1313 insolito
1993 1248 2279 1329 functum
2323 1268 2454 1313 esse
2494 1249 2608 1313 sub
2654 1247 2845 1313 Aelio
2891 1247 3169 1314 Caesare
3210 1248 3357 1313 vidit

784 1352 857 1420 O.
890 1350 1285 1433 Hirschfeld.
1351 1350 1517 1417 Cum
1545 1351 1628 1415 de
1662 1351 2000 1436 provincia
2037 1350 2292 1432 (eodem
2336 1350 2535 1432 anno)
2581 1350 2855 1416 redisset
2897 1361 3096 1438 atque
3139 1351 3356 1416 oratio·

780 1477 926 1519 nem
966 1463 1287 1540 parasset,
1349 1475 1481 1540 qua
1523 1452 1824 1517 kalendis
1867 1453 2194 1517 Ianuariis
2239 1452 2576 1517 Hadriano
2621 1455 2789 1538 patri
2833 1455 3079 1536 gratias
3122 1466 3359 1537 ageret,

776 1568 1045 1643 accepta
1102 1557 1392 1642 potione,
1455 1578 1586 1642 qua
1629 1579 1699 1621 se
1742 1556 2113 1620 aestimaret
2169 1557 2416 1637 iuvari,
2476 1555 2776 1621 kalendis
2834 1557 2994 1642 ipsis
3050 1557 3357 1623 Ianuariis

776 1683 834 1725 a.
886 1660 1005 1725 138
1051 1661 1245 1746 periit
1294 1661 1638 1746 iussusque
1681 1658 1764 1724 ab
1807 1659 2164 1742 Hadriane,
2228 1660 2383 1744 quia
2427 1669 2580 1723 vota
2635 1659 3173 1742 interveniebant,
3234 1682 3355 1724 non

775 1762 985 1847 lugeri
1028 1763 1163 1827 vita
1206 1768 1266 1840 4,
1298 1767 1451 1827 7-8.
1526 1761 1833 1847 Sepultus
1877 1771 1977 1826 est
2018 1762 2103 1826 in.
2131 1761 2459 1826 mausoleo
2491 1760 2814 1826 Hadriani
2856 1763 2967 1826 vit.
3010 1761 3161 1827 Veri
3196 1767 3291 1840 11,
3320 1769 3356 1828 1

776 1866 860 1947 cf.
907 1869 951 1931 t.
990 1869 1047 1929 6.
1136 1864 1509 1930 Hadrianus
1553 1874 1800 1929 statuas
1845 1865 1904 1928 ei
1959 1886 2077 1951 per
2121 1874 2326 1929 totum
2370 1863 2592 1929 orbem
2636 1864 2917 1930 colossas
2961 1867 3116 1951 poni
3162 1867 3355 1949 iussit,

775 1966 1019 2052 templa
1068 1970 1264 2032 etiam
1323 1968 1389 2032 in
1443 1966 1771 2032 nonnullis
1830 1966 2103 2033 urbibus
2160 1967 2302 2032 fieri
2345 1968 2481 2032 vita
2524 1972 2583 2045 7,
2628 1973 2686 2036 1.
2732 2004 2820 2015 -
2871 1967 3360 2048 Quindecimvir

776 2072 977 2134 saeris
1019 2068 1344 2135 faciundis
1389 2074 1432 2135 t.
1477 2075 1536 2135 1.

903 2174 1124 2240 Gener
1168 2172 1269 2254 (C.
1317 2172 1569 2255 Avidii)
1628 2172 1886 2256 Nigrini
1947 2173 2057 2238 vit.
2100 2171 2440 2238 Hadriani
2477 2177 2583 2250 23,
2630 2178 2711 2238 10
2766 2172 2933 2256 falso
2991 2178 3065 2238 ut
3118 2173 3359 2238 videtur

776 2277 858 2358 cf.
884 2295 1086 2360 supra
1105 2276 1172 2340 A
1193 2280 1370 2341 1169.
1419 2275 1681 2341 Liberi:
1711 2276 1789 2343 L.
1817 2274 2124 2341 Ceionius
2150 2274 2540 2341 Commodus
2571 2278 2684 2362 qui
2714 2287 2937 2362 postea
2960 2277 3038 2344 L.
3058 2276 3358 2341 Aurelius

773 2379 987 2443 Verus
1033 2378 1393 2463 Augustus,
1441 2378 1710 2445 Ceionia
1752 2378 1976 2462 Fabia,
2025 2377 2296 2443 Ceionia
2335 2377 2607 2444 Plautia.

902 2481 1299 2548 Subiecimus
1342 2486 1603 2547 stemma
1641 2481 2042 2548 Ceioniorum
2097 2480 2609 2548 Commodorum:

1742 2616 1809 2671 L.
1848 2615 2116 2671 Ceionius
2154 2615 2491 2672 Commodus

1954 2702 2063 2741 cos.
2102 2704 2154 2740 a.
2189 2691 2262 2742 78

1821 2788 1910 2830 (xo
1943 2770 2134 2843 Appia
2169 2771 2385 2828 Severa

1091 2839 3090 2962 ——J-———

1091 2976 1160 3032 L.
1195 2975 1465 3101 Οθίἷιὲἰῑιε
1500 2976 1837 3103 Οῗίιῗέωοᾱιιε
1886 3014 1950 3145 Τ
1986 2977 2298 3050 [Plautia?]
2340 3016 2400 3130 Τ
2438 2976 2501 3033 C.
2538 2975 2786 3033 Avidius
2826 2977 3103 3050 Nigrinus

1373 3063 1416 3101 s.
1454 3065 1507 3101 a.

814 3199 881 3254 L.
918 3198 1187 3255 Ceionius
1224 3199 1566 3256 Commodus
1705 3201 1782 3256 M.
1818 3200 2086 3256 Ceionius
2234 3198 2448 3256 Avidis
2482 3200 2715 3255 Plautia

867 3293 938 3315 =
971 3269 1039 3324 L.
1075 3268 1277 3324 Aelius
1312 3268 1525 3325 Caesar
1637 3268 1838 3325 Civica
1873 3269 2163 3325 Barbarus

812 3342 2953 3441 ——-ss—---—--—-

814 3458 882 3514 L.
919 3455 1186 3512 Ceionius
1222 3457 1561 3514 Commodus
1711 3457 1951 3513 Ceionia
1985 3457 2167 3513 Fabia
2451 3458 2681 3514 Ceionia
2716 3457 2948 3513 Plautia

900 3550 968 3571 ---
1002 3525 1071 3582 L.
1109 3525 1296 3581 Verus
1331 3524 1481 3596 Aug.
2312 3541 2400 3585 ω
2435 3526 2503 3591 Q.
2541 3526 2820 3583 Servilius
2855 3527 3103 3584 Pudens.

894 3609 984 3654 cx>
1017 3592 1208 3648 Annia
1241 3594 1471 3649 Lucilla

642 3719 770 3786 504
811 3728 882 3784 L.
915 3725 1260 3783 CEIONIVS
1293 3725 1704 3781 COMMODVS
1737 3746 1816 3770 =
1851 3726 1915 3781 L.
1943 3727 2213 3781 AELIVS
2243 3725 2616 3781 AVRELIVS
2650 3727 3062 3783 COMMODVS
3092 3748 3175 3772 Ξ
3206 3729 3354 3785 ΙΜΡ.

772 3829 1067 3886 CAESAR
1113 3828 1179 3884 L.
1225 3828 1601 3883 AVRELIVS
1648 3829 1893 3884 VERVS
1940 3829 2346 3902 AVGVSTVS,
2395 3818 2568 3884 filius
2612 3821 2689 3884 L.
2723 3820 2975 3886 Ceionii
3020 3820 3357 3887 Commodi

772 3926 883 4010 qui
915 3923 1000 3988 ab
1030 3920 1366 3987 Hadriano
1398 3921 1743 4009 adoptatus
1774 3922 1849 3989 L.
1884 3920 2112 3987 Aelius
2146 3922 2387 3988 Caesar
2417 3921 2630 3988 dictus
2670 3934 2766 3988 est
2793 3925 2927 3988 vita
2956 3929 3015 4001 1,
3048 3925 3159 3989 vit.
3186 3923 3363 3988 Aelii

769 4032 836 4103 2,
869 4030 910 4091 9
925 4046 946 4103 ,·
988 4028 1201 4102 5,12‚·
1247 4028 1304 4101 7,
1335 4029 1395 4101 1,
1439 4025 1547 4089 vit.
1591 4024 1704 4088 Pii
1736 4030 1796 4102 4,
1839 4028 1900 4101 5,
1947 4022 2079 4088 Dio
2114 4029 2214 4102 69,
2259 4030 2386 4103 21,·
2425 4028 2523 4101 71,
2569 4030 2627 4092 1.
2732 4025 2902 4091 Ante
2961 4026 3357 4109 adoptionem

770 4129 848 4194 L.
883 4127 1133 4193 Ceionii
1160 4126 1488 4192 Commodi
1507 4128 1729 4210 patris
1766 4127 2001 4191 dicitur
2044 4127 2350 4193 Ceionius
2385 4126 2775 4193 Commodus
2796 4130 2905 4193 vit.
2928 4129 3172 4194 Pertin.
3192 4135 3288 4206 10,
3312 4135 3360 4195 2

776 4230 1182 4313 (quamquam
1214 4231 1310 4294 ibi
1343 4231 1532 4295 etiam
1566 4230 1639 4295 de
1657 4235 1854 4312 patre
1883 4231 2158 4313 coyitari
2172 4235 2427 4317 potest),
2462 4231 2539 4297 L.
2573 4230 2965 4297 Commodus
2993 4233 3103 4297 vit.
3138 4232 3361 4297 Marci

770 4338 828 4410 5,
860 4338 939 4411 1;
982 4337 1037 4409 7,
1071 4337 1128 4398 6.
1205 4332 1362 4397 Post
1405 4333 1805 4415 adoptionem
1837 4333 2060 4415 patris
2087 4332 2303 4397 eadem
2327 4334 2576 4398 ratione
2602 4339 2788 4417 atque
2817 4332 3113 4401 Ceioniae
3140 4334 3359 4401 Fabia

773 4439 832 4501 et
861 4433 1139 4498 Plautia
1180 4453 1431 4499 sorores
1468 4454 1694 4499 nomen
1732 4434 2127 4517 ,qentilicinm
2169 4456 2297 4499 non
2338 4436 2624 4512 mutavit,
2671 4436 2782 4500 sed
2810 4457 2868 4501 a.
2904 4441 3026 4501 138
3056 4437 3126 4502 in
3154 4438 3359 4520 teyula

770 4537 1027 4602 urbana
1069 4536 1442 4619 inscriptum
1490 4541 1582 4601 est
1625 4559 1708 4600 ex
1749 4537 2066 4621 pr(aedis)
2099 4538 2176 4602 L.
2209 4536 2518 4621 Ce(ionii)
2563 4537 2959 4621 Com(modi)
3007 4538 3355 4624 C(aesaris)
3430 4581 3435 4586 ·

771 4637 950 4722 f(ilii)
1008 4638 1211 4721 Nigro
1273 4649 1339 4704 et
1393 4638 1797 4722 Camerinfo)
1859 4662 1988 4705 οοε.
2031 4639 2180 4705 XV
2199 4644 2339 4705 732.
2429 4640 2658 4724 Itaque
2717 4647 2831 4705 aut
2873 4646 3071 4723 pater
3129 4642 3359 4709 liberos

771 4747 916 4808 ante
947 4741 1347 4825 adwtionem
1376 4743 1802 4826 emancipavit
1832 4748 1945 4807 aut
1974 4742 2377 4820 Hadrianus,
2423 4748 2497 4807 ut
2533 4745 2797 4809 coniecit
2827 4744 3184 4811 Mommsen
3222 4746 3262 4812 l.
3294 4745 3355 4822 1.,

764 4849 1023 4927 patrem
1083 4845 1211 4927 leye
1271 4845 1594 4929 si'nynlari
1650 4847 1746 4910 ita
1809 4846 2167 4929 adoptavit,
2228 4850 2303 4910 ut
2358 4845 2546 4911 liberi
2587 4868 2726 4911 eum
2768 4868 2896 4912 non
2936 4854 3356 4929 sequerentur.

766 4946 1132 5030 Adoptatus
1174 4949 1254 5013 ab
1286 4948 1615 5013 Antonino
1653 4948 1776 5013 Pio
1816 4949 1894 5014 L.
1934 4947 2158 5014 Aelius
2181 4948 2488 5015 Aurelius
2534 4949 2928 5015 Commodus
2970 4950 3041 5014 in
3072 4955 3114 5015 t.
3147 4950 3240 5015 II
3256 4956 3355 5017 47.

770 5055 951 5129 1643,
997 5051 1131 5117 ΙΙΙ
1158 5055 1345 5129 3843,
1406 5051 1592 5117 VIII
1617 5056 1720 5118 50.
1766 5055 1922 5130 228,
1969 5051 2041 5116 Χ
2077 5055 2239 5118 5051
2278 5057 2387 5118 etc.
2436 5055 2587 5119 item
2644 5054 2714 5118 in
2764 5052 3100 5119 consulatu
3143 5054 3355 5137 primo

773 5175 835 5220 a.
864 5158 985 5220 154
1013 5154 1065 5218 I
1066 5153 1181 5221 GI
1197 5158 1383 5233 1052,
1410 5155 1608 5220 altero
1641 5178 1700 5222 a.
1734 5159 1862 5231 161,
1908 5154 2011 5219 VI
2027 5159 2209 5221 1984.
2255 5156 2603 5238 Imperium
2632 5156 2898 5239 adeptus
2924 5157 3089 5242 Imp.
3122 5156 3360 5222 Caesar
