3859 5992
509 579 931 639 CORNELrvs
1798 570 1924 641 465
2789 577 3212 639 coRNEmvs

2392 684 2399 687 .
2426 682 2781 688 .-..—..—....—.-—--
2800 682 2954 690 ——-

644 779 839 846 Verus
898 781 1151 845 dicatur
1197 782 1638 858 ArmeniacuS,
1686 781 1855 863 quod
1892 801 2120 846 nomen
2160 782 2397 864 recepit
2448 782 2565 845 sub
2624 782 2815 864 finem
2874 781 3033 845 anni
3074 784 3214 855 163,

634 884 747 949 sed
788 884 948 949 desit
985 884 1333 961 AntoninO,
1394 885 1506 967 qui
1560 885 1795 968 recepit
1839 905 2006 948 anno
2050 888 2171 949 164
2215 884 2323 967 (cf.
2370 883 2613 948 Eckhel
2658 882 2801 949 VII
2822 906 2892 967 p.
2935 888 3039 949 72.
3088 881 3243 963 90),

635 988 916 1071 efficitur
960 1008 1166 1053 annus
1193 986 1681 1071 proconsularis
1722 986 1918 1070 Orfiti
1961 1008 2022 1051 a.
2069 987 2353 1053 163l164.
2390 1024 2477 1033 —·
2504 986 2723 1050 Filiae
2761 1008 2987 1052 nomen
3017 985 3222 1069 periit

635 1091 704 1154 in
751 1094 794 1155 t.
832 1096 899 1157 2.

512 1193 677 1257 1185
724 1191 1065 1258 Cornelius
1095 1212 1100 1219 ·
1125 1193 1430 1276 Seneci0,
1494 1214 1694 1279 eques
1738 1194 2069 1257 Romanus
2132 1191 2510 1278 splendidus
2568 1214 2644 1256 ac
2697 1191 2918 1273 dives,
2971 1191 3219 1254 amicus

641 1295 926 1359 Senecae
970 1294 1358 1382 philosophi,
1406 1295 1618 1361 subito
1663 1305 1956 1359 mortuus
2002 1293 2247 1359 Seneca
2290 1296 2469 1377 epist.
2503 1299 2643 1371 101,
2674 1300 2825 1360 1-4.

515 1398 681 1461 1186
728 1408 794 1474 Q.
822 1407 1244 1463 CORNELIVS
1279 1407 1601 1463 SENECIO
1632 1407 2040 1461 ANNIANVS.
2097 1397 2346 1462 Titulus
2376 1398 2511 1462 eius
2533 1396 2918 1464 Omeiemis
2940 1397 3033 1462 II
3049 1400 3219 1461 1929

635 1500 901 1566 honores
946 1501 1165 1567 ordine
1205 1503 1453 1567 inverso
1498 1500 1762 1566 exhibet.
1811 1540 1890 1548 -
1938 1500 2163 1565 Patris
2204 1521 2430 1565 nomen
2460 1501 2682 1584 periit,
2729 1500 2903 1566 tribu
2935 1499 3218 1566 Galeria.

767 1603 1092 1686 Quaestor
1135 1604 1441 1685 urbanuS,
1490 1603 1792 1669 tribunus
1833 1602 2062 1689 plebis,
2111 1614 2388 1689 praetor,
2434 1615 2699 1668 curator
2732 1606 2880 1668 viae
2924 1602 3218 1683 Latinae,

641 1705 893 1790 legatus
939 1705 1211 1789 legionis
1243 1706 1377 1771 VII
1393 1705 1723 1771 Geminae
1765 1705 2027 1787 Felicis,
2073 1716 2334 1771 curator
2375 1707 2523 1770 viae
2557 1707 2831 1793 Appiae,
2877 1702 3221 1791 proconsul

641 1809 833 1874 Ponti
866 1820 933 1875 et
960 1810 1325 1896 Bithyniae,
1374 1809 1597 1874 consul
1629 1808 1957 1895 (suffectus
1990 1830 2159 1874 anno
2187 1809 2485 1893 incerto),·
2515 1809 2980 1893 proconsulatu
3006 1813 3221 1872 utrum

639 1914 991 1979 consularis
1039 1935 1129 1978 an
1172 1914 1544 1997 praetorius
1597 1913 1854 1995 functus
1906 1914 2023 1991 sit,
2086 1934 2162 1977 ea:
2207 1913 2392 1978 titulo
2447 1933 2577 1978 non
2620 1917 2892 1997 apparet
2934 1911 3017 1994 cf.
3062 1930 3223 1992 quae

642 2016 947 2080 adnotavi
983 2037 1186 2100 supra
1230 2017 1318 2082 ad
1357 2016 1423 2081 A
1468 2022 1627 2095 934,·
1683 2018 1756 2081 in
1797 2018 1923 2101 fine
1969 2016 2285 2081 sacerdoti
2339 2016 2645 2081 Herculis
2704 2021 2887 2082 extra
2943 2014 3224 2080 ordinem

637 2119 1025 2202 reliquorum
1066 2119 1373 2186 honorum
1412 2119 1692 2197 additur,
1736 2120 1903 2184 unde
1946 2125 2111 2185 recte
2140 2119 2411 2185 Habner
2451 2119 2761 2185 intellexit
2801 2118 3224 2184 sacerdotium

642 2222 940 2287 Herculis
980 2221 1316 2288 Gaditani.

516 2325 680 2389 1187
729 2334 793 2402 Q.
829 2331 1249 2390 CORNELIVS
1284 2334 1605 2389 SENECIO
1644 2334 2048 2407 PROCVLVS,
2092 2324 2296 2389 frater
2327 2323 2775 2391 Corneliarum
2804 2321 3120 2389 Proculae
3163 2331 3226 2385 et

643 2426 968 2511 Placidae,
1014 2428 1192 2511 filius
1234 2449 1380 2510 erqo
1425 2427 1501 2492 L.
1549 2427 1842 2493 Stertinii
1889 2426 2280 2508 Quintiliani
2326 2427 2524 2492 Acilii
2572 2425 2910 2493 Strabonis
2949 2425 3031 2506 Q.
3065 2423 3220 2489 Cor-

641 2528 794 2594 nelii
852 2531 1102 2595 Rustici
1149 2530 1426 2616 Apronii
1474 2530 1851 2596 Senecionis
1899 2529 2161 2594 Proculi
2216 2529 2320 2595 VI
2350 2534 2519 2595 1387
2560 2533 2643 2613 cf.
2689 2550 2892 2613 supra
2934 2550 2999 2593 n.
3041 2531 3221 2603 1163,

643 2634 1070 2718 praetoricius
1105 2631 1357 2715 legatus
1395 2634 1770 2719 provinciae
1800 2633 1999 2697 Asiae
2030 2631 2133 2697 VI
2150 2636 2318 2697 1388
2348 2638 2391 2697 t.
2423 2633 2800 2716 sepulcralis
2831 2654 2872 2696 a
2900 2630 3225 2696 sororibus

627 2737 917 2818 positus,·
961 2735 1206 2818 leqatus
1243 2737 1464 2819 patris
1495 2735 1901 2819 proconsulis
1942 2734 2146 2800 Asiae
2191 2735 2519 2801 decessisse
2560 2735 2825 2803 videtur.

517 2838 681 2903 1188
729 2837 1072 2903 Cornelius
1106 2838 1323 2904 Senex
1362 2840 1531 2904 inter
1559 2837 1906 2922 legatarios
1936 2838 2235 2903 Dasumii
2268 2840 2641 2903 nominatur
2671 2838 2771 2902 VI
2789 2842 3007 2903 10229
3031 2857 3087 2903 υ.
3111 2839 3219 2901 28.

520 2941 682 3005 1189
728 2940 1070 3006 Cornelius
1102 2941 1407 3024 Severus,
1456 2950 1647 3027 poeta
1690 2942 1920 3005 aetatis
1951 2939 2254 3024 Augusti,
2300 2941 2385 3005 ad
2416 2962 2611 3026 quem
2643 2940 2923 3006 Ovidius
2964 2939 3226 3025 scripsit

642 3064 719 3107 ex
747 3043 953 3107 Ponto
992 3049 1052 3121 4,
1098 3049 1181 3122 2,·
1246 3054 1450 3108 ‘vates
1497 3064 1882 3127 magnorum
1927 3044 2210 3107 maxime
2255 3054 2504 3126 regum’
2554 3043 2684 3108 ibd.
2728 3065 2786 3107 v.
2831 3048 2906 3120 1,-
2955 3042 3225 3128 ‘quique

642 3145 822 3209 dedit
862 3145 1053 3210 Latio
1112 3168 1374 3210 carmen
1427 3144 1646 3228 regale
1692 3144 1999 3210 Severus’
2040 3144 2128 3208 id.
2175 3167 2253 3210 ea·
2295 3145 2502 3211 Ponto
2545 3151 2604 3224 4,
2656 3150 2753 3223 16,
2801 3150 2860 3211 9.
2950 3145 3223 3209 Etiamsi

643 3248 1045 3312 versificator
1088 3272 1282 3335 quam
1341 3260 1534 3335 poeta
1590 3248 1850 3331 melior,
1908 3250 1963 3312 si
2024 3258 2240 3313 tamen
2296 3248 2382 3313 ad
2426 3250 2759 3335 exemplar
2820 3249 3011 3334 primi
3072 3247 3221 3312 libri

649 3350 885 3415 bellum
930 3351 1223 3417 Siculum
1280 3354 1792 3438 perscripsisset,
1839 3350 2206 3416 vindicaret
2245 3350 2368 3415 sibi
2415 3353 2555 3415 iure
2600 3351 2953 3416 secundum
3012 3350 3226 3415 locum

645 3453 906 3535 (scilicet
946 3455 1116 3518 inter
1143 3457 1374 3537 poetas
1416 3455 1721 3519 carminis
1763 3452 1965 3534 heroi)
2020 3453 2285 3534 Quintil.
2330 3455 2529 3521 instit.
2564 3461 2663 3532 10,
2694 3459 2753 3530 1,
2785 3457 2888 3518 89.

561 3593 641 3600 —
688 3556 796 3618 M'.
843 3564 1135 3618 ACILIVS
1182 3565 1508 3620 GLABRIO
1558 3566 1674 3621 CN.
1723 3564 2145 3619 CORNELIVS
2193 3566 2548 3625 SEVERVS.

517 3658 684 3723 1190
729 3665 1149 3722 CORNELIVS
1199 3668 1540 3743 SlSENNA,
1589 3668 1863 3741 senator,
1913 3658 2019 3722 cui
2065 3680 2232 3722 anno
2267 3658 2382 3723 741
2422 3690 2506 3711 =
2541 3660 2618 3724 13
2664 3680 2723 3722 a.
2765 3655 2838 3723 C.
2885 3657 2953 3720 in
2996 3668 3226 3721 senatu

643 3770 909 3845 propter
954 3763 1176 3825 uxoris
1222 3763 1424 3826 vitam
1470 3763 1741 3825 crimina
1786 3761 2039 3826 obiecta
2083 3772 2237 3825 sunt
2280 3760 2413 3827 Dio
2453 3765 2553 3839 54,
2600 3766 2708 3830 27.

770 3864 856 3928 In
908 3866 1179 3929 nummis
1236 3864 1312 3948 I)
1371 3867 1484 3930 sub
1543 3864 1835 3947 Auqusto
1891 3885 2021 3929 non
2080 3869 2228 3929 ante
2286 3885 2345 3931 a.
2396 3870 2522 3931 742
2572 3894 2657 3918 --
2708 3868 2795 3929 12
2839 3887 2898 3929 α.
2942 3864 3012 3930 0.
3060 3865 3228 3929 cusis

645 3964 754 4050 (cf.
798 3965 1154 4030 Mommsen
1173 4017 1188 4043 ,
1233 3968 1636 4032 Munzwesen
1673 3990 1746 4050 p.
1784 3967 1927 4049 744)
1973 3972 2405 4032 memorantur
2446 3973 2747 4051 quattuor
2789 3968 3016 4032 IIIviri
3076 3991 3227 4032 aere

644 4078 915 4151 argento
976 4091 1134 4133 auro
1194 4068 1407 4133 flando
1470 4070 1771 4134 feriundo
1825 4070 2135 4153 Sisenna,
2196 4069 2560 4156 AproniuS,
2624 4069 2862 4152 GaluS,
2923 4069 3228 4134 Messalla

642 4170 950 4248 Babelon,
1000 4171 1345 4236 Monnaies
1389 4171 1462 4236 de
1509 4172 1573 4236 la
1603 4171 1999 4255 Republique
2026 4172 2344 4239 Romaine
2374 4173 2426 4238 I
2447 4195 2516 4256 p.
2550 4177 2698 4239 432.
2783 4174 2947 4238 Item
2989 4174 3232 4238 nummi

643 4273 736 4338 II
732 4272 760 4346 )
807 4273 1039 4338 aetatis
1076 4272 1360 4357 Auyusti
1403 4275 1470 4339 in
1516 4273 1749 4340 Sicilia
1791 4279 1863 4339 ut
1904 4275 2155 4340 videtur
2198 4277 2335 4341 cusi
2384 4277 2455 4340 in
2486 4280 2683 4358 parte
2727 4275 2993 4340 adversa
3037 4281 3231 4359 caput

642 4375 925 4459 Auyusti
951 4375 1243 4441 exhibent
1268 4378 1565 4459 inscripti
1578 4376 1936 4461 Augustus,
1971 4380 2040 4443 in
2064 4400 2288 4443 aversa
2305 4379 2580 4445 Sisenna
2608 4401 2705 4463 pr.
2731 4401 2860 4446 cos.
2883 4378 2962 4446 L.
2982 4378 3228 4444 Statius

641 4477 934 4561 Flaccus,
987 4479 1063 4543 P.
1111 4479 1302 4544 Cotta
1343 4478 1484 4543 Bal.
1529 4479 1785 4563 IIvir(i)
1829 4501 2110 4545 museum
2152 4480 2581 4557 Berolinense,
2629 4480 2907 4545 collectio
2952 4480 3225 4563 Imhoof,

646 4580 960 4664 Boryhesi
1017 4603 1156 4664 qap.
1204 4572 1296 4646 II
1324 4603 1395 4664 p.
1440 4584 1600 4659 324,
1667 4582 2096 4647 Numismatic
2156 4582 2470 4648 chronicle
2513 4582 2702 4647 XIV
2735 4579 2955 4669 (1852)
2990 4606 3064 4667 p.
3101 4589 3230 4649 123

647 4683 729 4764 cf.
773 4683 1003 4748 XVII
1037 4682 1245 4765 (1855)
1278 4706 1349 4767 p.
1381 4688 1531 4749 218.

776 4784 1084 4851 Nummos
1129 4807 1337 4851 omnes
1375 4786 1463 4851 ad
1490 4786 1749 4851 eundem
1777 4785 2087 4851 hominem
2116 4792 2529 4852 memoratum
2561 4810 2600 4851 a
2630 4787 2842 4853 Dione
2868 4789 3230 4870 referendos

646 4910 774 4954 esse
818 4891 1057 4954 censuit
1099 4889 1417 4972 Borqhesi
1457 4890 1499 4954 l.
1548 4889 1587 4954 l.
1621 4912 1694 4972 p.
1733 4894 1878 4966 326,
1927 4910 2069 4954 cum
2110 4910 2395 4955 nummos
2439 4891 2489 4955 I
2509 4890 2716 4974 paulo
2756 4896 2909 4974 post
2938 4913 3231 4976 puynam

647 4992 988 5058 Actiacam
1047 5013 1226 5057 cusos
1286 5013 1414 5057 esse
1470 4991 1641 5073 falso
1687 4994 2079 5075 opinaretur.
2169 4991 2515 5075 Postquam
2568 4998 2779 5058 autem
2820 4994 2985 5059 illud
3023 5016 3228 5060 mone-

647 5096 872 5161 talium
931 5096 1259 5180 colleyium
1313 5117 1443 5160 non
1502 5099 1647 5160 cmte
1707 5117 1766 5163 a.
1816 5100 1943 5162 742
1984 5096 2181 5176 fuisse
2226 5097 2524 5173 constitit,
2576 5098 2713 5161 veri
2740 5118 2983 5180 parum
3026 5098 3231 5163 simile

643 5199 891 5265 indetur
936 5197 1296 5265 Cornelium
1342 5197 1680 5264 Sisennam
1727 5199 1837 5279 qui
1875 5199 2007 5281 fuit
2048 5203 2304 5263 senator
2349 5220 2517 5264 anno
2558 5204 2697 5277 741,
2743 5205 3039 5283 quaestor
3084 5224 3229 5283 eryo

626 5307 1045 5363 Prosopographia
1073 5308 1195 5361 hup.
1226 5308 1364 5350 Rom.
1418 5307 1457 5349 1.
2754 5302 2823 5357 30
