3859 5992
693 587 1133 644 CASSIANIVS
1982 582 2110 648 310
2964 591 3390 648 CASSIANIVS

818 807 946 873 que
1004 786 1164 872 ipse-
1201 787 1545 872 imperium
1600 789 1876 873 sumpsit
1931 788 2224 853 Zosimus
2264 793 2331 865 1,
2375 791 2477 866 38,
2540 787 2838 853 Zonaras
2879 793 2987 866 12,
3027 793 3133 865 24,
3194 789 3393 853 munes

718 882 724 889 ’
821 892 1122 954 accurate
1162 889 1271 952 vit.
1314 885 1602 954 Gallieni
1641 893 1700 966 4,
1746 889 1852 955 vit.
1901 890 2049 972 triy.
2096 893 2214 972 tyr.
2240 878 2310 965 ‘3,
2358 887 2572 955 Victor
2610 888 2789 957 Caes,
2818 894 2919 968 33,
2964 890 3259 973 Epitomc
3289 895 3391 968 32,

817 991 1092 1074 Eutrop.
1122 994 1182 1068 9,
1214 994 1274 1054 9.
1339 989 1651 1074 Aynitum
1682 1011 1822 1055 eum
1851 1010 1981 1056 esse
2008 991 2080 1055 in
2104 990 2363 1068 Galliis,
2394 990 2770 1069 Britannia,
2801 991 3130 1075 Hispania
3167 994 3392 1058 Tarra-

729 1090 749 1137 ’·
817 1094 1074 1159 conensi
1113 1090 1334 1158 docent
1376 1091 1566 1157 tituli.

909 1192 1324 1263 ¹Gallienum
1385 1193 1549 1258 duas
1609 1194 2060 1280 expeditiones
2122 1205 2348 1260 contra
2392 1197 2773 1261 Postumum
2833 1194 3137 1260 rebellem
3182 1197 3393 1261 iniisse

803 1284 1019 1381 ‘refert
1046 1291 1345 1363 Zonaras
1374 1297 1415 1362 l.
1449 1297 1511 1375 l.‚
1557 1297 1670 1362 sed
1709 1299 1917 1362 nescio
1963 1317 2052 1362 an
2086 1298 2314 1375 altera,
2360 1299 2431 1363 in
2459 1320 2589 1381 qua
2628 1298 2982 1381 Gallienus,
3016 1320 3157 1364 cum
3183 1301 3393 1365 urbem

815 1396 1140 1467 Gallicam
1181 1399 1510 1476 obsideret,
1557 1401 1796 1484 sayitta
1823 1399 2194 1466 vulneratus
2224 1422 2353 1466 esse
2385 1401 2776 1485 perhibetur,
2822 1402 2970 1466 inde
3012 1401 3215 1466 solum
3259 1408 3393 1467 orta

814 1504 919 1580 sit,
965 1498 1133 1586 quod
1174 1503 1487 1579 Zonaras,
1541 1508 1615 1567 ut
1656 1523 1968 1587 persaepe
2025 1504 2097 1568 in
2151 1503 2274 1568 hac
2332 1506 2539 1587 operis
2582 1510 2795 1588 parte,
2840 1504 2915 1569 dc
2957 1505 3177 1570 eadem
3214 1525 3284 1569 re
3324 1526 3394 1568 ex

818 1607 1081 1671 diversis
1126 1605 1437 1670 chronicis
1479 1611 1775 1689 excerpta
1819 1607 2287 1672 consarcinavit
2363 1606 2477 1672 Ad
2517 1607 2791 1672 alteram
2820 1608 3117 1672 Zona-rae
3159 1611 3393 1690 spectat

814 1714 875 1775 et
914 1709 1022 1773 vit.
1066 1707 1356 1773 Gallieni
1394 1713 1453 1785 4,
1499 1714 1541 1774 4
1584 1708 1665 1790 cf.
1703 1709 1812 1772 vit.
1860 1710 2006 1792 triy.
2055 1713 2172 1793 tyr.
2203 1715 2264 1787 3,
2308 1715 2385 1788 5,·
2428 1708 2666 1792 legatio
2712 1709 2997 1776 Gallieni
3042 1709 3131 1774 ad
3176 1710 3393 1775 Postu·

819 1833 997 1876 mum
1055 1818 1449 1874 memoratur
1509 1805 1871 1875 Continuat.
1929 1806 2166 1876 Dionis
2223 1810 2286 1876 V
2318 1834 2390 1894 p.
2437 1816 2573 1878 223
2632 1811 2727 1877 ed.
2769 1811 3080 1894 Dindorf,
3136 1812 3393 1894 confusa

813 1918 962 1980 simi
1021 1934 1182 1995 quae
1236 1916 1582 1996 praetcrea
1640 1911 2005 1992 afferuntur
2060 1913 2168 1977 vit.
2218 1912 2508 1978 Gallieni
2564 1917 2622 1991 7,
2686 1920 2755 1990 1,
2818 1915 2963 1997 tri9.
3024 1919 3146 1997 tyr.
3202 1919 3299 1992 11,
3334 1918 3390 1981 3.

818 2015 1112 2081 Zosimus
1143 2020 1200 2093 1,
1229 2019 1314 2080 40
1358 2019 1605 2080 tantum
1645 2010 1955 2080 mernorat
1983 2013 2357 2080 Gallienum
2400 2016 2598 2081 rebus
2645 2015 2970 2100 Scythicis
3015 2027 3393 2102 occupatum

818 2117 1103 2183 Aureolo
1148 2117 1508 2201 mandasse,
1558 2126 1632 2182 ut
1676 2116 2057 2182 Postumum
2101 2138 2183 2181 ne
2227 2120 2296 2182 in
2340 2117 2596 2183 Italiam
2644 2120 2962 2201 transiret,
3010 2118 3390 2205 prohiberet.

753 2216 760 2267 '.
895 2261 900 2267 ,
944 2220 1292 2285 Postumus
1335 2221 1429 2284 ita
1470 2220 1848 2305 imperavit,
1910 2227 1984 2284 ut
2028 2230 2445 2306 consumptas
2491 2243 2697 2306 paene
2740 2221 3108 2306 provincias
3155 2221 3391 2303 ingenti

811 2324 1054 2389 virtute
1099 2331 1163 2387 et
1205 2321 1651 2388 moderatione
1694 2323 2099 2409 reparaverit
2125 2323 2399 2406 Eutrop.
2433 2328 2493 2401 9,
2526 2328 2585 2401 9,
2618 2326 2952 2388 restitutor
2980 2322 3389 2405 Gallim-(um)

813 2426 885 2491 in
923 2426 1195 2490 nummis
1232 2429 1362 2491 256
1398 2444 1526 2508 sqq.
1603 2426 1964 2492 Germanos
2009 2424 2257 2491 devicit
2301 2425 2460 2491 Vict.
2503 2425 2685 2492 Caes.
2716 2431 2817 2503 33,
2865 2427 3009 2510 triq.
3056 2430 3179 2509 tyr.
3222 2430 3280 2502 3,
3324 2429 3393 2502 6,·

815 2528 1243 2596 Germanicus
1305 2528 1557 2609 passim
1622 2528 1694 2592 in
1750 2528 2024 2593 nummis
2088 2528 2171 2610 cf.
2239 2529 2513 2594 victoria
2578 2530 2974 2596 Germanica
3037 2530 3107 2593 in
3166 2549 3391 2593 numm.

812 2633 1123 2698 331-335.
1200 2630 1551 2715 Imperium
1593 2630 1762 2712 quod
1805 2630 2056 2695 tenebat
2085 2629 2470 2707 Postumum,
2519 2636 2839 2713 tamquam
2867 2651 3009 2696 vere
3037 2630 3393 2695 Romanum

812 2738 986 2811 esset,
1032 2734 1382 2798 instituisse
1441 2731 1614 2796 tituli
1661 2732 2021 2814 nummio-ue
2077 2731 2385 2798 indi-cant.
2475 2733 2701 2814 Itaque
2762 2738 2822 2799 et
2878 2732 3097 2798 consul
3153 2734 3286 2816 ipse
3333 2752 3394 2797 se

814 2836 979 2901 dixit
1022 2835 1350 2917 quinquies
1393 2835 1549 2917 (cos.
1594 2834 1658 2899 V
1702 2834 1771 2898 in
1813 2836 2088 2898 nummis
2129 2838 2280 2901 239.
2324 2834 2479 2915 240)
2541 2840 2601 2899 et
2657 2835 2976 2900 invenitur
3017 2836 3088 2900 in
3129 2836 3395 2899 nummis

816 2939 1028 3004 aeneis
1085 2941 1330 3004 30-32.
1388 2941 1475 3001 37
1524 2941 1634 3002 etc.
1696 2938 2014 3019 s(enatus)
2075 2936 2446 3020 c(onsulto).
2536 2937 2741 3002 Periit
2803 2937 3081 3003 tumultu
3138 2938 3395 3003 militari

753 3030 758 3035 ’
816 3063 966 3105 cum
1009 3050 1237 3106 contra
1281 3038 1574 3125 (leium
1620 3038 2022 3123 Cornelium)
2070 3039 2451 3105 Laelianum
2509 3038 2816 3104 rebellem
2875 3039 3207 3126 profectus
3264 3039 3394 3104 Mo·

811 3144 1185 3228 gontiacum
1245 3141 1502 3226 urbem,
1567 3144 1749 3207 cuius
1794 3141 2047 3208 incolae
2090 3142 2473 3208 Laelianum
2518 3144 2836 3221 iuverant,
2882 3141 3197 3207 militibus
3243 3142 3393 3207 diri-

812 3245 1116 3334 piendam
1145 3245 1402 3311 tradere
1435 3245 1729 3313 noluerat
1774 3245 2007 3323 Victor,
2048 3246 2325 3328 Eutrop.
2361 3245 2401 3311 l.
2435 3246 2475 3310 l.
2552 3246 2914 3331 Imperavit
2941 3267 3146 3310 annos
3177 3244 3391 3309 decem

810 3350 1106 3434 Eutrop„
1150 3370 1415 3432 quocum
1459 3350 1852 3415 consentiunt
1880 3350 2123 3413 nummi
2149 3348 2509 3414 indicantes
2536 3348 2685 3413 trib.
2717 3358 2850 3434 pot.
2881 3347 2950 3413 X
2979 3369 3043 3416 n.
3068 3352 3218 3414 239.
3248 3353 3391 3423 240,

811 3453 1023 3537 vo(ta)
1067 3453 1202 3518 XX
1247 3456 1398 3518 240.

948 3555 1328 3621 Trebellium
1371 3553 1743 3631 Pollionem,
1804 3554 1983 3618 cuius
2024 3552 2298 3619 indolem
2338 3558 2505 3619 recte
2548 3554 2682 3618 iam
2713 3552 2971 3637 pridem
3000 3558 3396 3636 perspectam

807 3660 1036 3725 habuit
1099 3656 1374 3734 Eckliel,
1435 3656 1600 3721 idem
1667 3657 1737 3720 in
1801 3655 2078 3720 historia
2135 3655 2427 3721 Postumi
2474 3656 2630 3739 plus
2692 3657 2880 3721 semel
2944 3657 3205 3722 mentiri
3264 3657 3396 3720 iure

739 3758 745 3763 ’
807 3749 1051 3828 monuit
1094 3761 1178 3842 cf.
1205 3781 1273 3843 p.
1302 3748 1442 3827 446.
1488 3762 1628 3823 448.
1690 3756 1896 3823 Veluti
1937 3759 2284 3823 Postumus
2329 3759 2560 3843 iunior,
2576 3761 2706 3846 qui
2738 3783 2779 3825 a
2808 3768 2992 3846 patre
3037 3758 3281 3825 Caesar
3320 3778 3397 3821 ac

812 3865 1121 3959 deinceps
1187 3863 1524 3946 Augustus
1590 3871 2007 3948 nuncupatus
2073 3872 2171 3927 est
2234 3862 2343 3926 vit.
2403 3863 2545 3945 triy.
2610 3868 2730 3946 tyr.
2773 3867 2913 3940 4,1
2969 3863 3155 3945 fictus
3215 3867 3305 3927 est
3356 3883 3397 3926 a

808 3955 1099 4033 Pollione
1159 3965 1248 4031 ad
1306 3985 1637 4030 numerum
1696 3964 1968 4047 triyinta
2025 3968 2441 4047 tyrannorum
2498 3964 2873 4047 explendum
2935 3984 3131 4046 neque
3195 3964 3398 4047 maqis

811 4073 1158 4153 aynoscunt
1213 4068 1457 4134 nummi
1514 4065 1636 4146 (M.
1699 4065 2110 4147 Piavonium)
2170 4066 2559 4131 Victorinum
2617 4089 2660 4131 a
2717 4066 3019 4132 Postumo
3070 4068 3141 4131 in
3185 4068 3397 4150 parti-

809 4173 1088 4255 cipatum
1133 4170 1387 4253 imperii
1425 4173 1729 4234 vocatum.
1804 4168 1965 4234 Cum
2001 4167 2212 4234 Pollio
2243 4170 2647 4252 propositum
2688 4169 2964 4248 haberet,
3008 4174 3082 4234 ut
3126 4170 3397 4254 impera-

808 4280 975 4340 tores
1025 4273 1400 4340 Galliarum
1440 4273 1701 4337 summis
1745 4271 2043 4336 laudibus
2099 4271 2195 4336 vel
2250 4272 2558 4336 ementitis
2616 4270 2901 4350 efferret,
2963 4278 3189 4337 contra
3254 4293 3396 4338 con-

812 4397 1063 4443 sensum
1089 4375 1477 4458 reliquorum
1502 4376 1884 4459 scriptorum
1914 4374 2103 4457 finxit
2135 4372 2479 4459 plerosque
2510 4374 2853 4439 tradidisse
2882 4374 3085 4439 filium
3120 4373 3398 4442 Gallieni

807 4492 935 4544 non
981 4501 1023 4544 a
1063 4479 1410 4561 Postumo,
1475 4476 1590 4541 sed
1649 4499 1689 4541 a
1735 4474 1945 4543 Gallis
2008 4477 2288 4540 occisum
2351 4498 2492 4541 esse
2546 4477 2655 4541 vit.
2705 4478 2852 4559 tria.
2901 4481 3019 4559 tyr.
3062 4482 3122 4553 3,
3166 4481 3227 4542 3.
3319 4478 3400 4543 In

806 4581 997 4647 liuius
1056 4580 1364 4646 ‘auctoris
1421 4579 1649 4645 totiens
1703 4579 2046 4644 mendacis’
2098 4580 2451 4644 testimonio
2492 4580 2683 4645 unius
2725 4646 2729 4651 ,
2728 4580 3013 4662 positum
3064 4572 3174 4657 est,
3236 4577 3428 4662 quod-

803 4685 935 4751 viri
974 4684 1144 4751 docti
1191 4703 1384 4766 usque
1424 4682 1630 4748 adhuc
1674 4683 1857 4765 requi
1908 4683 2189 4764 spatium
2234 4681 2528 4746 Postumi
2585 4684 2763 4747 intra
2806 4704 2868 4747 a.
2912 4686 3230 4748 258-268
3270 4687 3399 4747 sta·

807 4777 1094 4866 tuerunt,
1155 4783 1536 4871 quamquam
1576 4783 1820 4851 Eckhel
1876 4785 2017 4849 iure
2062 4785 2130 4848 in
2174 4784 2435 4848 dubium
2476 4788 2826 4852 vocaverat.
2901 4783 2987 4848 In
3032 4785 3196 4849 actis
3238 4785 3401 4850 enim

804 4892 973 4977 fictis
1000 4891 1108 4959 vit.
1143 4889 1415 4957 Claudii
1446 4894 1505 4967 4,
1538 4895 1614 4969 4,
1659 4893 1718 4966 7,
1749 4892 1880 4953 4-5
1926 4892 2150 4955 auctor
2192 4884 2456 4952 simulat
2493 4886 2805 4951 Tetricum
2842 4882 3107 4951 Gallias
3147 4887 3398 4962 rescisse,

805 5015 946 5063 cum
997 4993 1320 5062 Claudius
1375 4993 1712 5077 imperium
1769 4991 1981 5068 iniret,
2041 4990 2141 5055 ita
2188 4994 2260 5055 ut
2304 4989 2674 5055 Postumum
2717 4989 3046 5071 aliquanto
3092 4992 3240 5053 ante
3282 4988 3395 5053 sub

810 5086 1108 5167 Gallieno
1152 5098 1424 5164 occisum
1470 5115 1597 5162 esse
1630 5115 1870 5179 ponere
1911 5113 2157 5159 necesse
2201 5097 2373 5158 esset.
2457 5091 2639 5175 Quod
2663 5086 3061 5156 mendacium
3090 5111 3213 5173 quo
3245 5110 3395 5174 pro-

813 5201 1093 5269 babilius
1158 5201 1466 5285 efficeret,
1534 5218 1799 5283 reqnum
1865 5194 2159 5262 Postumi
2213 5197 2283 5260 in
2348 5204 2591 5281 septem
2653 5216 2856 5259 annos
2915 5193 3237 5259 contraxit
3291 5193 3396 5256 vit.
