3859 5992
507 412 1015 470 ARTAXERXES
1815 406 1938 471 152
2716 415 3220 473 ARTAXERXES

508 611 634 677 960
680 609 1116 692 Artaxerxen,
1185 611 1433 697 primus
1492 620 1638 695 post
1695 610 1971 676 Parthos
2038 633 2239 696 regno
2307 610 2611 697 depulsos
2678 634 2799 678 rex
2860 613 3223 678 Persarum.

647 714 894 779 Titulus
935 716 1070 779 eius
1105 736 1332 796 yraeee
1374 715 1648 796 scriptus
1679 715 1746 778 in
1778 714 1910 780 loco
1945 713 2503 780 Naschki-Ruban
2541 715 2709 781 CIG
2742 720 2905 782 4675
2944 718 3010 782 τὸ
3054 716 3227 803 πρόσ-

636 842 799 882 ωπον
866 814 1239 881 Μασδάσπου
1306 817 1452 881 θεοῦ
1519 813 1892 902 Ἀρτ[αΕοίρου
1969 816 2331 904 βα]σιλ[έ]ως
2407 817 2700 905 βασιλέων
2783 814 3056 904 Ἀριανῶν
3136 819 3225 902 [ἐκ

636 917 920 1005 γ]έν[ου]ς
993 919 1152 983 θεῶν
1220 920 1347 982 υἱοῦ
1414 919 1557 984 θεοῦ
1631 916 1971 1001 ΙΙαποί[κο]υ
2040 918 2396 1005 βα[σιλ]έως.
2504 918 2606 985 De
2670 921 2898 1002 formis
2952 923 3226 1004 persicis

632 1021 908 1085 nominis
949 1019 1437 1103 Artaehsathra,
1485 1019 1931 1103 Artachsathr,
1979 1020 2320 1086 Artachsir
2366 1022 2445 1103 cf.
2498 1021 2799 1100 Noldelce,
2858 1023 3225 1089 Geschichte

637 1122 745 1188 des
786 1123 1129 1187 Artachsir
1174 1124 1202 1187 i
1257 1122 1578 1206 Pepakan
1609 1145 1678 1206 p.
1719 1128 1818 1190 35.
1907 1124 2110 1207 Apud
2163 1126 2503 1207 scriptores
2555 1145 2819 1208 yraecos
2877 1126 3226 1208 latinosque

629 1226 1003 1311 plerumque
1032 1226 1436 1291 Artaxerxes
1468 1226 1657 1310 (male
1685 1227 1945 1291 Xerxes
1987 1225 2200 1292 Victor
2233 1227 2413 1292 Caes.
2437 1233 2542 1305 24,
2567 1233 2634 1305 2,
2666 1228 3024 1312 Eutropius
3047 1232 3112 1306 8,
3130 1231 3227 1294 22

635 1328 813 1414 [inde
873 1329 1300 1412 Hieronymus
1358 1329 1568 1395 chron.
1632 1328 1720 1393 ad
1775 1350 1834 1395 a.
1895 1329 2060 1393 Abr.
2103 1329 2330 1413 2239],
2392 1329 2627 1395 Festus
2682 1336 2794 1408 22,
2856 1333 2966 1413 qui
3017 1352 3227 1396 omnes

638 1432 848 1498 codem
892 1438 1147 1496 auctore
1201 1432 1307 1497 usi
1360 1434 1568 1517 sunt);
1626 1429 1975 1519 Ἀρταξάρης
2034 1431 2211 1515 apud
2247 1432 2601 1515 Ayathiam
2646 1433 2816 1517 ande
2860 1430 3223 1520 Ἀρταξέρξου

636 1541 740 1601 τοῦ
783 1539 880 1602 καὶ
927 1531 1270 1621 Ἀρταξάρου
1319 1534 1648 1617 Syncellus
1678 1556 1752 1617 p.
1783 1538 1925 1611 678,
1960 1537 2044 1618 6).

567 1702 574 1707 .
768 1638 1007 1724 Papaei
1053 1639 1224 1721 regis
1268 1636 1439 1701 filius
1485 1639 1612 1714 tit.,
1665 1636 1868 1702 ‘Sohn
1915 1636 2032 1701 des
2077 1637 2309 1703 Pabak
2355 1618 2514 1716 gab,
2566 1638 2817 1722 Kenigs
2862 1661 2992 1704 von
3038 1639 3221 1706 Chir‘

646 1741 891 1809 Tabam?
947 1739 1040 1805 ed.
1090 1739 1373 1805 Noldeke
1427 1762 1488 1822 p.
1539 1746 1614 1817 1,·
1675 1738 1954 1827 Παβέκου
2012 1738 2138 1811 υἱός
2192 1739 2514 1822 Ayathias
2564 1746 2630 1817 2,
2677 1746 2771 1807 27
2824 1740 2934 1823 (cf.
2981 1741 3057 1806 de
3106 1742 3228 1808 hac

634 1845 848 1927 forma
874 1843 1244 1925 neopersica
1277 1842 1579 1919 Noldelce,
1622 1842 1988 1908 Geschichte
2019 1865 2092 1926 p.
2122 1846 2205 1907 35
2247 1847 2376 1909 not.
2406 1844 2496 1924 2).
2576 1842 2821 1909 Contra
2857 1844 3091 1930 λέγεται
3119 1848 3225 1931 τὴν

636 1952 740 2014 τοῦ
787 1944 1128 2033 Ἀρταξάρου
1183 1946 1411 2033 μητέρα
1458 1944 1714 2032 Παβέκῳ
1761 1945 2098 2034 (Παμβεκῷ
2145 1946 2426 2011 traditur
2472 1947 2648 2030 ap'ucl
2691 1947 3076 2030 Syncellum)
3121 1951 3228 2015 τινὶ

638 2049 1032 2136 Ευνῳκηκέναι
1075 2053 1411 2115 παντάπασι
1457 2051 1563 2135 μὲν
1604 2052 1962 2136 ἀσημοτάτῳ
2008 2052 2107 2115 καὶ
2144 2049 2490 2135 σκυτοτόμῳ
2520 2053 2625 2136 τὴν
2657 2051 2876 2136 τέχνην
2907 2050 3230 2134 Ayathias

637 2159 704 2230 2,
743 2158 836 2219 27
876 2154 985 2234 (=
1024 2151 1352 2235 Syncellus
1383 2174 1454 2235 p.
1487 2154 1651 2237 677),
1696 2152 1812 2215 ubi
1854 2156 1911 2216 et
1958 2151 2095 2216 alia
2138 2152 2439 2234 fabulosa
2477 2151 2825 2216 Persarum
2868 2153 2942 2218 de
2987 2154 3230 2236 oriyine

638 2256 1031 2320 Artaxerxis
1060 2255 1488 2337 proferuntur
1530 2255 1592 2320 ἐν
1629 2258 1756 2325 ταῖς
1800 2256 2114 2342 βασιλείοις
2160 2255 2469 2341 διφθέραις
2500 2255 2658 2338 (scil.
2691 2255 3062 2339 Persarum)
3094 2260 3230 2323 ἀνα·

639 2357 1041 2445 γεγραμμένα.
1124 2356 1306 2438 Quod
1349 2355 1524 2439 apud
1551 2356 1881 2421 Zonaram
1926 2363 2031 2434 12,
2079 2363 2159 2422 15
2190 2379 2262 2440 p.
2296 2362 2441 2434 121,
2489 2362 2533 2421 3
2577 2356 2775 2423 Dind.
2821 2358 3230 2424 Artaxerxes

642 2461 878 2528 dicitur
934 2462 999 2532 ὃς
1056 2461 1117 2531 ἐξ
1162 2463 1414 2544 ἀφανῶν
1458 2463 1554 2524 καὶ
1614 2459 1838 2530 ἀδόξων
1884 2460 1956 2545 ἦν
2004 2460 2113 2541 (cf.
2161 2459 2488 2542 Agathiae
2530 2461 2723 2525 verba
2765 2465 2832 2538 2,
2877 2466 2965 2528 26
3023 2462 3231 2533 ἄδοξος

641 2567 746 2651 μὲν
805 2564 880 2629 τὰ
937 2571 1142 2651 πρῶτα
1202 2566 1297 2628 καὶ
1355 2562 1806 2649 ἀφανέστατος),
1861 2583 1991 2627 non
2044 2584 2119 2627 ex
2162 2561 2376 2627 Dione
2432 2568 2685 2645 sumpta
2727 2569 2904 2642 sunt,·
2958 2586 3111 2629 nam
3156 2565 3231 2630 de

638 2668 826 2732 rebus
862 2665 1269 2741 Artaxerxis,
1314 2664 1679 2729 Alexandri
1707 2664 1944 2742 Severi,
1996 2665 2354 2730 Maximini
2382 2665 2679 2730 Zonaras
2722 2668 2997 2749 epitoma
3026 2666 3229 2733 Hero-

641 2770 825 2839 diani
864 2788 1017 2833 usus
1059 2773 1185 2844 est,
1216 2768 1323 2831 cui
1349 2772 1616 2850 praeter
1657 2767 1965 2832 nonnulla
2010 2789 2086 2833 ex
2127 2768 2408 2833 Eusebio
2452 2773 2707 2852 sumpta
2752 2769 3003 2833 addidit
3045 2791 3233 2851 quae-

642 2872 791 2941 dam
833 2893 907 2937 ex
954 2870 1265 2935 chronicis
1296 2869 1585 2952 Syncello
1626 2870 1988 2947 simillimis,
2034 2870 2229 2935 veluti
2271 2871 2354 2952 cf.
2383 2892 2453 2953 p.
2487 2875 2631 2947 121,
2662 2875 2703 2937 5
2748 2871 2857 2957 ἀφ’
2889 2873 2958 2938 οὔ
3000 2873 3232 2958 λέγεται

640 2980 738 3043 καὶ
779 2977 845 3041 τὸ
893 2972 1168 3061 Χοσρόου
1213 2975 1580 3060 κατάγεσθαι
1622 2973 1793 3059 γένος
1825 3003 1908 3027 =
1940 2973 2267 3057 Syncellus
2298 2995 2373 3056 p.
2406 2977 2546 3050 678,
2588 2978 2629 3038 6
2657 2975 2716 3045 ἐξ
2761 2974 2993 3040 ἐκείνου
3038 2975 3229 3040 τοίνυν

639 3085 746 3147 τοῦ
783 3076 1165 3165 Ἀρταξέρξου,
1210 3082 1314 3142 τοῦ
1357 3080 1455 3141 καὶ
1489 3073 1853 3161 Ἀρταὲάρου,
1901 3078 1966 3142 τὸ
2015 3075 2289 3162 Χοσρόου
2334 3080 2649 3162 κατάγεται
2691 3077 2882 3165 γένος.

773 3182 1123 3267 Postquam
1190 3180 1533 3265 imperium
1594 3180 1660 3242 in
1707 3178 1978 3243 Perside
2023 3184 2315 3265 sumpsit,
2363 3189 2591 3245 eontra
2634 3179 3043 3245 Artabanum
3088 3203 3229 3264 pro-

642 3285 851 3349 fectus
884 3281 1093 3347 tribus
1124 3280 1391 3368 proeliis
1427 3303 1573 3346 eum
1605 3282 1763 3345 vicit
1794 3291 1858 3345 et
1887 3283 2158 3367 imperio
2188 3283 2454 3368 vitaque
2488 3284 2670 3347 exuit
2697 3280 2830 3347 Dio
2856 3280 3232 3371 (Xiphilin.)

640 3390 744 3465 80,
790 3390 850 3463 3,
899 3384 1254 3450 Herodian.
1301 3389 1359 3461 6,
1409 3389 1474 3461 2,
1525 3390 1583 3460 1,
1631 3384 1928 3449 Zonaras
1973 3389 2078 3460 12,
2127 3388 2225 3461 15,
2270 3383 2592 3468 Ayathias
2637 3390 2703 3461 2,
2750 3390 2857 3463 26,
2907 3385 3236 3469 Syncellus

637 3513 712 3574 p.
743 3493 883 3555 677.
949 3488 1297 3552 Persarum
1341 3486 1850 3570 mythhistoriam
1880 3485 1956 3551 de
1988 3486 2104 3551 hoc
2137 3486 2294 3552 bello
2334 3486 2582 3551 exhibet
2617 3487 2956 3554 chronicon
2993 3489 3238 3554 Tabari

639 3614 711 3677 p.
757 3596 837 3656 11
883 3611 1013 3674 sqq.
1068 3590 1363 3655 editionis
1428 3589 1730 3656 Nozdeke.
1836 3589 2129 3672 Reynum
2187 3589 2576 3655 Artaxerxis
2632 3590 2958 3674 Ayathias
3012 3596 3086 3669 4,
3145 3598 3232 3659 24

641 3696 1027 3778 computavit
1069 3692 1216 3759 inde
1259 3693 1340 3757 ab
1388 3713 1558 3757 anno
1605 3691 2086 3757 Seleucidarum
2127 3696 2253 3758 538
2296 3722 2380 3746 =
2427 3691 2486 3757 d.
2532 3698 2571 3756 1
2614 3715 2696 3757 m.
2741 3694 2875 3760 Oct.
2907 3696 3234 3772 226l227,·

643 3796 808 3863 alios
845 3797 1102 3861 initium
1143 3796 1328 3878 reyni
1371 3795 1665 3878 posuisse
1709 3796 1779 3859 in
1819 3815 1988 3859 anno
2032 3793 2294 3860 Persico
2345 3794 2406 3859 d.
2447 3800 2540 3861 27
2583 3818 2663 3861 m.
2720 3797 2893 3879 Sept.
2943 3799 3235 3864 223l224

644 3900 1093 3968 denionstram't
1138 3898 1441 3975 No'ldelce,
1498 3898 1742 3962 Tabari
1772 3920 1843 3980 p.
1877 3903 2016 3975 410,
2058 3900 2170 3981 qui
2213 3898 2273 3964 d.
2318 3903 2409 3964 28
2449 3920 2531 3967 m.
2577 3899 2793 3982 April.
2841 3901 2948 3983 (cf.
2991 3901 3236 3965 Tabari

635 4024 711 4088 p.
743 4002 845 4085 14)
893 4025 953 4066 a.
990 4007 1126 4068 224
1171 4002 1334 4065 inter
1377 4000 1657 4065 Parthos
1714 4005 1774 4065 et
1818 3999 2058 4066 Persas
2115 4001 2494 4066 decertatum
2550 4023 2678 4067 esse
2732 4003 3052 4068 conclusit.
3141 4003 3237 4067 At

642 4107 778 4172 veri
817 4104 1090 4170 similior
1132 4103 1379 4168 videtur
1412 4103 1825 4167 ratiocinatio
1860 4103 2289 4169 Gutsclmzidii
2322 4103 2725 4184 (Geschichte
2753 4105 2952 4170 Irans
2979 4129 3050 4190 p.
3082 4110 3232 4193 162)

638 4208 939 4295 ponentis
969 4228 1261 4291 puynam
1306 4205 1366 4272 d.
1408 4211 1498 4272 28
1539 4228 1621 4270 m.
1669 4205 1884 4289 April.
1932 4228 1994 4272 a.
2026 4212 2168 4273 227
2208 4209 2603 4272 commissam
2648 4228 2797 4273 esse.

665 4298 668 4305 ⁴
778 4309 1037 4375 Parthis
1112 4308 1468 4394 profligatis
1535 4306 1939 4373 Artaxerxes
2008 4308 2173 4373 Atra
2240 4309 2356 4375 diu
2425 4312 2860 4396 oppugnavit,
2945 4309 3093 4374 dein
3171 4313 3234 4374 in

645 4413 930 4478 Mediam
962 4422 1026 4477 et
1051 4410 1426 4477 Armeniam
1455 4411 1803 4498 profectus,
1833 4434 1962 4498 quo
2001 4412 2322 4477 Artabani
2356 4413 2471 4478 filii
2513 4412 2958 4496 confugerant,
2993 4411 3237 4477 frustra

644 4515 1040 4599 subiungere
1084 4514 1335 4579 studuit
1362 4513 1498 4579 Dio
1528 4506 1899 4597 (Xiphilin.)
1927 4519 2030 4591 80,
2062 4520 2121 4580 3.
2198 4514 2391 4580 Anno
2438 4517 2563 4581 230
2608 4518 2930 4581 Romanos
2977 4515 3061 4580 ad
3105 4514 3235 4579 bel·
3331 4528 3335 4532 ’

645 4618 780 4684 lum
823 4617 1150 4683 lacessivit
1193 4628 1257 4682 et
1300 4616 1527 4681 Asiam
1572 4618 1757 4703 quasi
1803 4618 1945 4681 iure
1990 4616 2245 4682 heredis
2299 4617 2927 4682 Achaemenidarum
2977 4617 3240 4703 repetiit

645 4721 997 4787 Herodian.
1042 4726 1099 4798 6,
1148 4726 1213 4796 2,
1262 4726 1322 4784 1.
1414 4718 1517 4784 De
1562 4719 1952 4803 expeditione
1998 4719 2265 4784 Persica
2308 4719 2673 4785 Alexandri
2718 4720 2940 4787 Severi
2979 4719 3051 4784 in
3093 4739 3235 4785 con-

645 4825 890 4890 trarias
919 4828 1146 4907 partes
1191 4823 1421 4888 abeunt
1458 4824 1734 4905 scriptor
1776 4821 1884 4886 ille
1929 4823 2198 4904 iynotuS,
2258 4844 2302 4887 a
2338 4840 2458 4905 quo
2491 4824 2749 4906 pariter
2778 4821 3060 4906 pendent
3104 4822 3238 4885 vita

643 4927 1008 4994 Alexandri
1041 4930 1141 5004 55,
1187 4925 1418 5001 Victor,
1463 4925 1848 5008 EutropiuS,
1908 4924 2139 4990 Festus
2185 4924 2223 4990 l.
2273 4925 2313 4990 l.
2362 4923 2527 5005 (cum
2571 4947 2691 5008 quo
2735 4925 2948 5006 facere
2991 4924 3236 4989 videtur

646 5037 707 5098 et
750 5029 1080 5115 Syncellus
1110 5050 1182 5114 p.
1217 5032 1337 5094 674
1378 5048 1735 5093 memorans
1779 5026 2143 5093 Alexandri
2189 5031 2293 5115 τὴν
2348 5028 2500 5095 κατὰ
2539 5027 2787 5113 Περσῶν
2832 5026 3237 5112 εὐδοκίμησιν)

3732 5108 3774 5139 ¹,
