3859 5992
536 498 961 562 OLEDONIVS
1816 496 1941 565 411
2885 505 3239 567 CLEMENS

659 705 718 778 1,
751 705 855 779 12,
899 702 1009 767 vit.
1052 700 1378 768 Commodi
1404 707 1461 781 6,
1493 707 1593 780 13,
1626 704 1721 768 tit.
1783 702 2097 785 (Aelium)
2130 703 2488 787 Saoterum,
2519 706 2633 790 qui
2676 714 2828 770 ante
2872 727 3018 771 eum
3060 705 3238 772 cubi-

664 802 947 868 cularius
977 802 1313 870 Commodi
1359 805 1589 889 fuerat,
1637 805 1967 871 interfecit
1996 805 2129 872 Dio
2161 812 2267 885 72,
2298 812 2404 875 12.
2469 805 2637 873 Cum
2680 809 2969 891 graviter
3001 810 3238 874 Peren-

662 928 809 971 nem
856 907 1254 992 praefectum
1298 910 1620 994 praetorio
1667 909 1926 993 odisset,
1972 908 2053 973 ad
2089 931 2237 973 eum
2270 907 2619 974 tollendum
2651 932 2911 996 operam
2941 910 3242 996 praebuit

659 1007 793 1074 Dio
825 1013 928 1086 72,
961 1013 1021 1074 9.
1094 1007 1255 1075 Post
1296 1032 1518 1074 necem
1565 1011 1875 1076 Perennis
1918 1010 2008 1094 (a.
2041 1011 2176 1093 fere
2204 1015 2349 1098 185)
2392 1013 2576 1098 quasi
2622 1010 2881 1078 domino
2925 1012 3238 1079 liberatus

658 1133 979 1177 summam
1022 1114 1374 1198 potentiam
1419 1115 1550 1197 egit
1579 1111 1712 1180 Dio
1744 1119 1848 1191 72,
1882 1118 1984 1191 10,
2025 1113 2376 1179 Herodian.
2425 1114 2464 1179 l.
2506 1114 2567 1192 l.,
2615 1136 2699 1179 ex
2743 1115 3010 1180 arbitrio
3055 1138 3237 1203 prae-

658 1214 860 1279 fectos
903 1216 1224 1301 praetorio
1271 1217 1539 1281 retinuit
1581 1218 1856 1281 removit
1901 1215 2139 1280 occidit
2178 1217 2287 1281 vit.
2331 1214 2562 1284 Gomon.
2608 1221 2667 1295 6,
2710 1221 2789 1296 8,·
2832 1239 2978 1282 cum
3023 1217 3237 1284 Aebu-

659 1320 906 1382 tianum
949 1318 1347 1405 praefectum
1392 1319 1747 1402 occidisset,
1794 1319 1882 1383 ‘in
1929 1320 2069 1384 eius
2113 1317 2324 1383 locum
2370 1319 2509 1405 ipse
2537 1318 2861 1385 Cleander
2905 1342 3051 1386 cum
3093 1321 3238 1386 aliis

657 1418 929 1500 duobus,
978 1443 1139 1507 quos
1201 1422 1340 1507 ipse
1382 1420 1727 1506 delegerat,
1787 1422 2154 1507 praefectus
2198 1432 2296 1487 est
2337 1421 2566 1505 factus,
2631 1432 2913 1507 tuncque
2956 1425 3235 1509 primum

657 1530 790 1586 tres
847 1521 1156 1607 praefecti
1214 1525 1538 1610 praetorio
1595 1524 1806 1606 fuere,
1868 1526 2039 1589 inter
2082 1545 2245 1610 quos
2286 1523 2657 1606 libertinus,
2714 1526 2827 1610 qui
2872 1548 2912 1590 a
2951 1528 3239 1612 pugione

659 1624 1018 1711 appellatus
1064 1636 1182 1692 est‘
1231 1626 1492 1711 (scilicet
1549 1648 1592 1690 a
1636 1626 1823 1710 plebe
1868 1647 1994 1710 per
2038 1625 2406 1709 ludibrium)
2449 1627 2557 1690 vit.
2600 1625 2836 1694 Gomm,
2879 1631 2936 1705 6,
2983 1633 3238 1708 12-13,·

659 1728 1023 1814 praefectus
1054 1730 1376 1814 praetorio
1407 1728 1530 1795 sub
1551 1727 1901 1794 Commodo
1919 1728 2300 1794 Ammianus
2321 1733 2427 1807 26,
2451 1733 2509 1806 6,
2535 1731 2596 1796 8.
2654 1729 2733 1793 In
2764 1751 2965 1794 unum
2996 1753 3236 1796 annum

658 1832 891 1914 viginti
924 1833 1213 1920 quinque
1243 1831 1539 1898 consules
1572 1833 1991 1918 nuncupavit,
2025 1842 2355 1898 senatores
2401 1841 2465 1896 et
2503 1832 2807 1918 patricios
2854 1832 3044 1916 legit3
3087 1855 3236 1898 cum

661 1934 875 1998 omnia
925 1932 1319 2018 venditaret,
1381 1936 1709 2017 ingentem
1767 1935 2108 2020 pecuniam
2160 1933 2422 2018 collegit
2475 1936 2584 2001 vit.
2640 1933 2873 2000 Comm.
2926 1940 2984 2013 6,
3037 1939 3232 2014 9-10,

659 2034 793 2101 Dio
820 2040 926 2114 72,
950 2041 1055 2103 12.
1114 2037 1230 2120 (Μ.
1257 2036 1594 2103 Aurelium
1623 2038 1961 2123 Papirium
1990 2038 2411 2123 Dionysium)
2441 2060 2482 2102 a
2514 2037 2920 2123 praefectura
2947 2037 3235 2125 Aegypti

657 2141 1010 2205 summovit
1039 2139 1301 2206 Aelian.
1331 2141 1419 2223 fr.
1451 2143 1535 2205 86
1578 2139 1672 2205 ed.
1703 2139 1994 2206 Hercher
2035 2140 2121 2222 cf.
2157 2159 2359 2223 supra
2384 2140 2452 2205 A
2486 2144 2677 2207 1283.
2767 2139 3081 2206 Thermas
3125 2163 3236 2205 ex-

657 2244 864 2309 truxit
907 2254 973 2308 et
1014 2242 1154 2332 sub⁸
1179 2243 1438 2311 nomine
1484 2241 1820 2308 Commodi
1868 2242 2195 2308 dedicavit
2228 2243 2336 2308 vit.
2380 2241 2614 2310 Comm.
2657 2247 2755 2320 17,
2801 2246 2859 2321 5,
2905 2242 3040 2309 Dio
3084 2242 3125 2310 l.
3172 2243 3234 2319 L,

657 2346 992 2413 Herodian
1035 2345 1077 2413 l.
1116 2344 1158 2411 l.
1196 2345 1246 2429 5
1282 2351 1339 2414 4.
1416 2344 1583 2410 Cum
1628 2367 1713 2412 ex
1756 2347 2077 2429 gravitate
2117 2367 2412 2411 annonae
2456 2344 2566 2428 (cf.
2594 2345 2704 2411 vit.
2746 2344 2981 2411 Gomon.
3027 2351 3124 2423 14,
3171 2345 3236 2429 1)

658 2449 889 2516 seditio
933 2447 1145 2537 plebis
1189 2450 1433 2514 Romae
1478 2460 1621 2514 orta
1664 2458 1866 2532 esset,
1913 2447 2249 2515 Commodi
2308 2450 2491 2514 iussu
2544 2446 2926 2513 interfectus
2982 2456 3082 2512 est
3125 2448 3235 2512 vit.

658 2552 889 2620 Comm.
922 2557 979 2631 7,
1015 2557 1075 2631 1,
1121 2550 1253 2616 Dio
1298 2556 1402 2630 72,
1448 2556 1550 2630 13,
1592 2551 1948 2620 Herodian.
1991 2556 2049 2636 1,
2096 2556 2202 2629 12,
2246 2555 2398 2631 5-1,
2442 2555 2542 2629 13,
2588 2555 2629 2616 6
2671 2547 2963 2633 (quorum
3002 2570 3237 2614 nem-a-

657 2657 857 2722 tiones
910 2653 1201 2721 nonnihil
1259 2653 1663 2737 discrepant).
1764 2654 2026 2720 Occisus
2076 2653 2323 2718 videtur
2374 2674 2542 2719 anno
2589 2657 2711 2718 189
2726 2673 2747 2731 ;
2801 2673 2954 2718 nam
3002 2673 3078 2717 ex
3126 2652 3232 2717 vit.

659 2757 891 2825 Gomm.
930 2762 1028 2835 14,
1077 2760 1122 2821 8
1158 2760 1428 2840 apparet
1471 2755 1858 2822 Cleandrum
1899 2778 2029 2823 nori
2060 2756 2214 2840 plus
2240 2777 2432 2839 quam
2462 2757 2802 2822 triennium
2818 2755 3237 2839 praefectura

655 2862 943 2944 funcbum
986 2879 1132 2938 esse,
1179 2881 1370 2942 quam
1413 2880 1583 2925 anno
1625 2860 1761 2943 fere
1802 2862 1924 2925 186
1967 2863 2313 2942 acceperat.

784 2964 1288 3029 Damostratiam
1349 2961 1683 3030 Commodi
1736 2962 2164 3028 concubinam
2221 2960 2412 3027 duxit
2470 2982 2741 3026 uxorem
2797 2959 2932 3025 D'io
2976 2964 3083 3039 72,
3126 2964 3232 3027 12.

658 3066 1124 3154 Constupravit
1151 3065 1309 3132 alias
1341 3067 1535 3132 etiam
1558 3064 1898 3133 Commodi
1928 3063 2344 3148 concubinas,
2369 3063 2452 3129 de
2475 3064 2710 3150 quibus
2733 3062 2900 3127 filios
2931 3064 3232 3149 suscepit,

656 3172 768 3258 qui
814 3180 960 3257 post
1002 3170 1142 3235 eius
1187 3170 1522 3235 interitum
1556 3190 1703 3234 cum
1742 3167 2058 3234 matribus
2089 3168 2457 3254 interempti
2486 3176 2637 3231 sunt
2663 3166 2772 3231 vit.
2804 3164 3039 3231 Gomm.
3075 3169 3132 3242 7,
3159 3169 3236 3243 3,·

651 3273 769 3338 filii
816 3294 964 3337 cum
1007 3280 1191 3358 patre
1233 3271 1427 3336 occisi
1472 3269 1828 3339 Herodian.
1859 3274 1917 3350 1,
1944 3274 2042 3347 13,
2073 3274 2130 3347 6,
2176 3268 2348 3334 filius
2390 3267 2524 3335 Dio
2561 3272 2665 3345 72,
2697 3272 2796 3336 13.

525 3376 656 3442 884
698 3374 1049 3442 Cledonius
1100 3397 1140 3438 a
1183 3374 1430 3459 Sapore
1487 3372 1571 3438 ad
1630 3372 1748 3456 (M.
1792 3371 2129 3454 Fulvium)
2187 3371 2592 3437 Macrianum
2637 3369 2986 3436 Valeriano
3045 3376 3233 3453 capto

654 3479 884 3543 missus
926 3476 1298 3560 Anonymus
1325 3480 1478 3560 post
1518 3474 1795 3542 Dionem
1836 3475 1936 3542 ed.
1977 3473 2276 3557 Dindorf
2307 3472 2373 3540 V
2389 3496 2462 3557 p.
2496 3477 2646 3541 219.

524 3582 652 3646 885
698 3578 1016 3664 Clemens,
1061 3577 1397 3665 Agrippae
1435 3578 1729 3644 Postumi
1775 3600 2022 3661 servus,
2070 3577 2405 3643 dominum
2441 3597 2510 3640 se
2555 3596 2694 3639 esse
2739 3573 3047 3639 simulans
3091 3584 3240 3659 post

654 3691 925 3749 mortem
965 3681 1305 3769 Agrippae
1347 3704 1405 3748 a.
1453 3683 1534 3747 16
1591 3679 1941 3748 seditiones
1986 3681 2326 3763 excitavit,
2390 3679 2541 3743 dein
2601 3688 2827 3765 captus
2872 3687 2939 3742 et
2983 3676 3235 3742 occisus

658 3796 757 3852 est
792 3785 938 3851 Tac.
971 3805 1031 3854 a.
1060 3789 1127 3864 2,
1156 3788 1257 3851 39.
1288 3789 1393 3863 40,
1438 3783 1697 3854 Sueton.
1736 3783 1944 3854 Tiber.
1972 3787 2080 3861 25,
2123 3781 2259 3851 Dio
2291 3787 2393 3861 57,
2425 3787 2506 3848 16
2546 3778 2810 3861 (Zonar.
2840 3785 2940 3859 11,
2970 3778 3063 3854 2).

529 3889 656 3956 886
700 3887 1034 3969 Clemens,
1087 3886 1424 3954 Atestinus
1441 3939 1458 3969 ,
1512 3888 1785 3953 maritus
1843 3886 2159 3972 Sabinae,
2224 3886 2307 3952 ad
2365 3907 2558 3972 quem
2600 3882 2919 3950 Martialis
2977 3882 3239 3969 scripsit

657 3990 854 4075 epiqr.
892 3996 993 4071 10,
1029 3994 1130 4057 93.

528 4095 653 4162 887
701 4093 1018 4179 Clemens,
1065 4094 1311 4160 amicus
1353 4092 1611 4182 Apulei,
1655 4103 1847 4180 poeta
1890 4091 2204 4177 Apuleius
2244 4089 2459 4175 florid.
2497 4093 2556 4166 1,
2599 4094 2656 4158 7.

528 4197 654 4263 888
699 4196 1017 4281 Clemens,
1050 4218 1310 4283 praeses
1340 4207 1414 4264 ut
1440 4196 1703 4263 videtur
1728 4206 1943 4264 aetate
1973 4194 2379 4281 imperatoris
2399 4192 2607 4259 Marci
2632 4189 2931 4275 (fortasse
2958 4190 3235 4278 Daciae)

654 4298 790 4366 Dio
832 4304 932 4379 71,
967 4305 1074 4367 12.

526 4403 654 4469 889
699 4401 1014 4489 Clemens,
1048 4403 1429 4489 Byzantius,
1461 4402 1921 4469 celeberrimus
1953 4402 2433 4487 tragoediarum
2472 4410 2654 4465 actor
2688 4407 2900 4464 aetate
2939 4395 3233 4483 Septimii

657 4505 881 4573 Severi
912 4505 1295 4573 Phaostrat.
1323 4506 1434 4572 vit.
1463 4505 1639 4590 soph.
1666 4510 1732 4584 2,
1763 4510 1872 4584 27,
1902 4510 1972 4572 2.

546 4645 632 4655 -
696 4608 773 4677 L.
820 4607 1122 4696 Alpinius
1166 4608 1488 4678 Clemens.

546 4748 636 4758 —
699 4720 780 4778 M.
825 4720 1251 4779 ARRECINVS
1298 4722 1674 4779 CLEMENS.

546 4851 636 4861 —
701 4813 792 4880 Μ.
836 4814 1193 4883 Arrecinus
1237 4815 1557 4884 Clemens.

546 4954 636 4964 —
698 4917 919 4983 Attius
963 4917 1280 4988 Clemens.

548 5058 636 5067 —
700 5018 1007 5086 Aurelius
1052 5021 1416 5107 Clem[ens].

549 5160 636 5170 -—
702 5132 769 5202 Q.
813 5126 1244 5209 AVROELIVS)
1289 5125 1793 5208 PAc'rVM1E1vs
1840 5174 1857 5190 .
1883 5174 1899 5190 .
1922 5124 1959 5208 .]
2008 5122 2426 5208 CLEM[ENS].
