3859 5992
703 543 1123 600 CORNELIVS
1990 535 2117 599 466
2985 541 3410 598 CORNELIVS

826 743 1045 824 fuerat
1088 747 1254 816 ante,
1287 745 1516 823 postea
1557 739 1929 805 monetalem
1971 740 2186 821 fuisse.
2277 739 2482 803 Immo
2528 738 2649 802 duo
2689 737 2970 804 homines
3014 741 3409 821 coynomines

827 846 1059 909 aetatis
1116 844 1397 926 Auyusti
1454 842 1883 925 distinyuendi
1938 841 2098 906 mihi
2160 840 2451 905 violentur
2505 841 2633 904 sive
2678 846 2874 923 pater
2923 842 3217 924 filiusque
3278 844 3411 906 sive

824 950 1081 1030 fratres.
1159 947 1305 1011 Vter
1333 945 1683 1028 proconsul
1727 945 1993 1010 Siciliae
2035 945 2252 1026 fuerit,
2298 964 2424 1008 non
2475 945 2679 1026 mayz's
2723 944 2988 1027 definire
3032 944 3175 1009 licet
3217 966 3407 1026 quam

826 1051 915 1115 ad
971 1055 1184 1114 utrum
1247 1048 1618 1130 referendus
1676 1048 1761 1112 sit
1828 1047 2048 1112 titulus
2106 1047 2319 1112 liberti
2377 1045 2479 1110 VI
2524 1051 2723 1111 1900:
2780 1045 2860 1111 V.
2922 1047 2998 1111 L.
3060 1045 3405 1111 Cornelius

828 1153 1141 1218 Sisennae
1187 1150 1396 1215 libert.
1442 1149 1712 1215 Hilarus
1744 1155 1855 1215 ete.
1897 1187 1967 1195 —-—
2017 1148 2366 1232 Perperam
2410 1149 2749 1214 Sisennam
2790 1148 3026 1214 Diouis
3068 1152 3412 1214 memorari

829 1257 911 1320 ab
959 1255 1234 1319 Horatio
1278 1258 1401 1319 sat.
1449 1258 1508 1330 1,
1558 1258 1616 1329 7,
1659 1257 1702 1316 8
1744 1253 1973 1317 statuit
2013 1250 2345 1334 Borqhesi.

701 1374 856 1438 1191
916 1381 1336 1437 CORNELIVS
1379 1381 1616 1435 SVLLA
1665 1371 1787 1434 fuit
1831 1373 1999 1434 inter
2036 1370 2344 1455 prodigos
2390 1380 2454 1433 et
2497 1368 2580 1434 ob
2622 1369 2870 1453 flagitia
2911 1382 3192 1454 egentes,
3240 1395 3406 1458 quos

824 1474 1128 1539 Tiberius
1158 1496 1329 1539 anno
1351 1475 1428 1539 17
1455 1476 1657 1538 movit
1688 1483 1918 1538 senatu
1950 1486 2063 1537 aut
2091 1483 2319 1558 sponte
2344 1472 2572 1536 cedere
2602 1495 2830 1558 passus
2852 1483 2952 1537 est
2976 1474 3123 1538 Tac.
3149 1496 3209 1542 a.
3233 1480 3404 1551 2,48.

706 1596 869 1659 1192
913 1605 1248 1660 FAVSTVS
1295 1604 1718 1659 CORNELIVS
1766 1603 2044 1674 SVLLA,
2108 1591 2333 1657 consul
2379 1592 2683 1656 suffectus
2728 1615 2895 1657 anno
2941 1594 3045 1660 31.
3135 1596 3219 1659 In
3263 1617 3405 1659 con.-

824 1699 1073 1764 sulatu:
1136 1700 1420 1763 Faustus
1480 1696 1822 1763 Cornelius
1882 1695 2067 1760 Sulla
2110 1695 2185 1760 X
2218 1699 2388 1761 1233
2444 1696 2607 1777 fasti
2666 1695 2942 1773 Nolani,
2995 1696 3186 1762 XIV
3214 1703 3402 1774 2466,

828 1802 1131 1885 [Faustus
1185 1799 1550 1885 CorJnelius
1610 1799 1837 1883 [Sulla]
1886 1799 1990 1863 VI
2021 1803 2200 1864 2298
2214 1819 2234 1876 ,·
2290 1799 2573 1863 Faustus
2634 1796 2819 1863 Sulla
2861 1800 3022 1878 fasti
3063 1799 3403 1864 Arvalium

826 1903 975 1970 CIL
1021 1906 1071 1970 Ι
1076 1906 1102 1942 ²
1137 1926 1211 1987 p.
1245 1910 1344 1980 71,
1390 1901 1572 1969 Sulla
1616 1901 1862 1985 Diyest.
1893 1906 1995 1977 48,
2031 1906 2096 1978 2,
2128 1907 2217 1966 12
2246 1923 2352 1983 pr.

954 2006 1276 2072 Suffectus
1297 2006 1428 2070 Vll
1461 2005 1607 2069 idus
1639 2005 1792 2068 Mai.
1828 2026 2035 2089 usque
2068 2005 2133 2067 in
2164 2002 2296 2067 kal.
2321 2002 2466 2068 Oct.
2489 2027 2547 2068 a.
2573 2006 2672 2085 31,
2707 2002 2969 2085 collegis
2994 2003 3146 2069 Sex.
3172 2004 3403 2069 Teidio

825 2109 1087 2174 Valerio
1134 2107 1386 2173 Catullo
1437 2130 1643 2194 usque
1687 2110 1754 2171 in
1801 2106 1931 2172 kal.
1980 2106 2121 2188 Iul.,
2169 2105 2321 2169 dein
2366 2106 2439 2170 L.
2487 2105 2783 2170 Fulcinio
2826 2107 3068 2170 Trione
3112 2108 3287 2189 fasti.

953 2210 1168 2276 Potest
1210 2211 1375 2275 idem
1419 2230 1549 2275 esse
1591 2211 1701 2292 qui
1741 2214 2128 2274 memoratur
2171 2210 2242 2273 in
2282 2212 2324 2272 t.
2372 2208 2714 2273 Corneliae
2752 2209 2979 2272 Fausti
3023 2209 3061 2272 l.
3098 2211 3401 2276 Vrbanae

825 2316 1095 2379 nutricis
1124 2315 1408 2379 Faustae
1455 2313 1678 2397 (filiae)
1735 2312 1833 2377 VI
1853 2318 2075 2379 16470.
2150 2311 2369 2376 Ριῖίαε
2408 2310 2595 2375 huius
2637 2311 2884 2375 videtur
2925 2312 3212 2377 Faustus
3250 2313 3404 2377 Cor-

822 2417 1028 2481 nelius
1071 2417 1257 2482 Sulla
1299 2416 1371 2480 F
1366 2416 1492 2480 elia:
1536 2415 1752 2480 consul
1797 2437 1855 2480 a.
1900 2418 2007 2482 52.

699 2538 863 2602 1193
909 2547 973 2604 L.
1001 2546 1423 2601 CORNELIVS
1457 2546 1716 2617 SVLLA,
1752 2533 1978 2599 consul
2009 2555 2178 2597 anno
2213 2533 2336 2597 749
2364 2563 2445 2585 =
2468 2535 2507 2597 5
2539 2554 2597 2598 a.
2627 2531 2701 2597 C.
2734 2555 2883 2598 cum
2911 2533 3214 2617 Augusto
3243 2535 3398 2603 XII.

833 2639 1110 2705 Titulum
1156 2641 1216 2704 ei
1247 2644 1605 2721 posuerunt
1648 2638 1899 2702 elv'entts
1946 2636 2047 2701 VI
2071 2641 2252 2703 1390.

952 2743 1036 2807 In
1066 2742 1428 2807 consulatu:
1473 2741 1547 2806 L.
1584 2739 1922 2805 Cornelius
1962 2737 2145 2804 Sulla
2188 2738 2307 2803 IX
2330 2743 2510 2814 4644,
2555 2737 2630 2802 Χ
2652 2742 2855 2817 2381,·
2897 2739 2974 2804 L.
3008 2739 3191 2804 Sulla
3221 2740 3401 2807 Plin.

821 2866 883 2910 n.
931 2844 989 2912 h.
1038 2851 1094 2922 7,
1140 2850 1239 2921 60,
1289 2842 1686 2920 Cassz‘odor.;
1742 2843 1818 2907 L.
1864 2841 2231 2925 [Cornelius
2278 2839 2480 2924 Sulla]
2535 2841 2697 2921 fasti
2736 2842 2886 2908 min.
2933 2842 3096 2907 XII
3128 2841 3277 2908 CIL
3317 2844 3399 2907 12

822 2971 889 3031 p.
924 2953 1021 3025 69,
1071 2952 1341 3013 ceterum
1387 2945 1570 3012 Sulla
1613 2946 1790 3027 fasti.

957 3053 1026 3119 P.
1075 3051 1137 3135 f,
1187 3061 1464 3138 praetor,
1512 3048 1756 3131 consul,
1803 3048 2044 3113 VIIvir
2090 3047 2435 3134 epulonum
2482 3048 2579 3113 tit.

705 3174 863 3236 1194
909 3183 975 3240 L.
1037 3172 1517 3254 (CORNELIVS)
1580 3179 1854 3251 SVLLA,
1915 3169 2173 3232 iuvenis
2231 3166 2496 3251 nobilis,
2567 3166 2650 3231 cle
2715 3169 2897 3232 cuius
2965 3169 3398 3234 inreverentia

827 3276 1152 3339 Domitius
1187 3272 1469 3339 Corbulo
1517 3294 1687 3335 anno
1720 3273 1795 3336 21
1850 3272 1909 3333 in
1960 3281 2190 3334 senatu
2227 3280 2493 3356 questus
2540 3280 2670 3351 est3
2718 3271 2775 3333 ei
2821 3273 3206 3355 patrocinati
3250 3283 3397 3335 sunt

824 3378 1185 3441 Mamercus
1232 3376 1515 3442 Scaurus
1561 3384 1834 3460 patruus
1880 3372 2073 3437 simul
2120 3395 2195 3436 ac
2242 3373 2510 3437 vitricus
2549 3383 2613 3436 et
2653 3372 2730 3437 L.
2764 3373 3115 3438 Arruntius
3160 3373 3397 3460 aliique

822 3482 1167 3567 propinqui
1223 3480 1370 3544 Tae.
1419 3501 1479 3542 a.
1526 3483 1585 3554 3,
1617 3482 1716 3541 31.
1791 3476 2011 3541 Filius
2050 3476 2299 3540 videtur
2344 3476 2602 3541 Sextiae
2646 3477 2754 3560 (ef.
2800 3475 2865 3539 A
2909 3475 3101 3555 280),·
3146 3497 3281 3541 cum
3324 3477 3395 3541 de

816 3588 1010 3666 patre
1065 3582 1229 3647 nihil
1286 3586 1553 3657 constet,
1620 3581 1928 3644 incertum
1990 3584 2081 3644 est
2134 3599 2285 3643 num
2342 3577 2507 3642 idem
2564 3579 2650 3642 sit
2710 3582 2893 3661 atque
2952 3579 3029 3642 L.
3076 3578 3397 3644 Cornelius

823 3686 1013 3751 Sulla
1054 3685 1248 3750 Felix
1291 3705 1412 3751 eos,
1460 3705 1519 3750 a.
1564 3687 1665 3748 33.

697 3807 859 3870 1195
906 3816 975 3870 L.
1022 3804 1503 3887 (CORNELIVS)
1550 3813 1824 3881 SVLLA,
1888 3812 2179 3884 senator,
2242 3802 2346 3865 cui
2407 3823 2555 3864 cum
2614 3822 2768 3886 prae
2822 3802 3000 3865 senio
3059 3803 3129 3867 in
3172 3814 3393 3867 senatu

823 3908 1139 3994 quaedam
1172 3907 1399 3971 audire
1430 3929 1561 3970 non
1591 3916 1823 3992 posset,
1870 3905 1957 3970 ab
1992 3907 2376 3991 imperatore
2409 3902 2683 3969 Claudio
2713 3926 2884 3969 anno
2914 3907 2995 3969 42
3027 3927 3391 3970 concessum

822 4022 919 4075 est
961 4014 1028 4075 in
1065 4011 1405 4095 praetoriis
1453 4008 1776 4074 subselliis
1821 4008 2047 4072 sedere
2091 4006 2226 4073 Dio
2271 4012 2370 4083 60,
2416 4010 2521 4074 12.

703 4124 862 4187 1196
907 4122 1387 4204 (CORNELIVS)
1436 4120 1721 4204 [SVLLA]
1769 4129 2034 4202 FELIX,
2097 4120 2299 4183 frater
2350 4117 2612 4183 Arvalis
2671 4142 2839 4183 anno
2885 4123 2956 4184 21
3015 4119 3117 4184 VI
3145 4122 3385 4187 20231).

819 4226 1000 4289 Inter
1030 4224 1252 4291 Sullas
1278 4223 1525 4288 Felices
1553 4223 1730 4287 illius
1761 4224 2011 4299 aetatis,
2056 4223 2168 4303 qui
2202 4221 2449 4303 quidem
2495 4221 2699 4287 adhue
2743 4224 2881 4287 noti
2921 4227 3084 4299 sunt,
3132 4224 3394 4306 coyitari

815 4329 1024 4409 possit
1068 4327 1143 4391 cle
1184 4348 1309 4391 uno
1355 4325 1605 4391 consule
1650 4326 1809 4390 anni
1844 4329 1927 4389 33
1973 4322 2081 4406 (ef.
2126 4345 2190 4388 u.
2235 4323 2461 4405 1198),·
2521 4330 2592 4390 at
2648 4326 2707 4389 is
2766 4326 2872 4389 vix
2929 4346 3100 4391 aomo
3139 4330 3225 4390 21
3266 4327 3389 4407 fuit

819 4431 1028 4511 frater
1069 4428 1339 4493 Arvalis
1382 4434 1441 4493 et
1483 4428 1719 4509 flamen
1760 4432 1832 4492 ut
1873 4427 2120 4491 videtur
2165 4427 2430 4509 eolleqii.

702 4541 863 4606 1197
909 4550 1237 4604 FAVSTVS
1273 4548 1697 4604 CORNELIVS
1732 4548 1972 4603 SVLLA
2002 4547 2251 4619 FELIX,
2300 4536 2527 4602 consul
2564 4561 2731 4604 anno
2765 4541 2847 4605 52
2891 4560 3035 4602 cum
3068 4539 3141 4605 L.
3178 4538 3385 4604 Salvio

822 4642 1096 4709 Othone.
1172 4643 1256 4707 In
1288 4642 1644 4706 emt-sulatu:
1688 4642 1969 4706 Faustus
2011 4639 2350 4706 Cornelius
2397 4639 2581 4705 Sulla
2620 4640 2810 4706 Felix
2840 4641 2990 4724 dipl.
3022 4641 3152 4708 mil.
3183 4643 3312 4707 III
3328 4647 3383 4718 1,

820 4746 1100 4809 Faustus
1146 4743 1486 4809 Cornelius
1531 4742 1792 4827 Ephem.
1840 4765 1934 4826 ep.
1981 4749 2039 4820 1,
2085 4747 2221 4819 176,
2279 4744 2558 4807 Faustus
2607 4742 2789 4808 Sulla
2840 4744 2987 4808 Tac.
3034 4765 3094 4807 a.
3139 4750 3241 4821 12,
3285 4750 3386 4822 52,

825 4852 1089 4911 ceterum
1124 4845 1305 4911 Sulla
1335 4848 1510 4928 fasti.
1541 4884 1618 4892 —-
1650 4847 1936 4911 Faustus
1970 4843 2312 4911 Cornelius
2346 4845 2532 4911 Sulla
2560 4844 2749 4910 Felix
2778 4846 2848 4909 in
2877 4846 3038 4909 actis
3059 4846 3383 4909 Arvalium

831 4948 933 5012 VI
963 4955 1157 5015 2037.
1202 4953 1393 5015 2039.
1438 4955 1625 5026 2040,
1690 4947 2033 5014 Cornelius
2084 4948 2366 5012 Faustus
2429 4947 2613 5013 Sulla
2657 4948 2954 5013 Zonaras
2998 4954 3096 5025 11,
3142 4955 3180 5013 9
3212 4972 3281 5031 p.
3308 4954 3385 5012 30

820 5051 912 5116 ecl.
947 5050 1256 5133 Dindorf,
1302 5052 1581 5117 Faustus
1613 5051 1797 5118 Sulla
1827 5051 2084 5118 Sueton.
2117 5050 2351 5115 Claud.
2384 5055 2477 5117 27
2482 5071 2503 5129 ,·
2547 5049 2886 5115 Cornelius
2932 5048 3117 5115 Sulla
3153 5052 3294 5116 Tae.
3326 5073 3381 5115 a.

818 5159 922 5231 13,
953 5158 1058 5220 23.
1091 5158 1191 5229 47,
1240 5151 1423 5219 Sulla
1465 5153 1592 5221 ibd.
1628 5159 1725 5231 14,
1755 5160 1857 5221 57.
1886 5158 1988 5222 59.
