3859 5992
549 559 971 647 COQLIVS
1844 551 1964 613 461
2830 555 3250 611 CORNELIVS

677 757 962 842 ἀρχιερέα
1007 760 1102 821 καὶ
1148 758 1459 841 ἐπίτροπον
1509 754 1807 841 Καίσαρος
1859 755 1958 822 Γν.
2008 753 2337 840 Κορνήλιος
2382 756 2666 824 Φιλίσκος
2709 756 2810 818 τὸν
2854 754 3031 818 αὑτοῦ
3078 754 3250 839 φίλον

677 861 1007 945 ψηφίσματι
1057 862 1292 946 βουλῆς.

799 961 1055 1026 Boechh
1079 984 1153 1044 p.
1176 967 1306 1027 592
1338 961 1685 1026 Pulchrum
1703 966 1852 1043 post
1885 962 2278 1025 tribunatum
2312 961 2754 1025 ‘duumvirum‘
2783 962 2981 1043 fuisse
3009 962 3252 1037 statuit,

672 1086 1053 1147 quamquam
1111 1064 1319 1146 qualis
1375 1064 1478 1129 hic
1538 1064 1827 1128 duumvir
1882 1065 1986 1138 sit,
2047 1083 2112 1127 se
2154 1064 2392 1127 nescire
2420 1064 2793 1146 profitetur,·
2840 1069 3068 1146 postea
3100 1084 3255 1146 pro-

523 1210 578 1227 f
670 1174 1035 1251 praetorem
1093 1167 1232 1250 (sic)
1284 1167 1593 1243 Achaiae,
1654 1168 1898 1248 factum
1958 1186 2086 1231 esse
2104 1217 2118 1242 ,
2180 1187 2297 1247 quo
2358 1187 2610 1230 munere
2669 1187 2808 1229 cum
2864 1167 3252 1248 funye-retur,

676 1293 965 1335 annonae
1022 1276 1370 1335 curatorem
1441 1273 1505 1334 in
1565 1270 1856 1350 Achaia,
1924 1269 2215 1333 ludorum
2277 1269 2717 1349 agyonothetam
2783 1273 2842 1333 et
2892 1273 3255 1351 praetorem

673 1374 1066 1455 scribamque
1094 1373 1497 1437 Achaeorum
1527 1373 1740 1454 fuisse.
1807 1371 1900 1435 At
1929 1376 2117 1454 patet
2143 1371 2307 1435 hune
2343 1371 2653 1435 hominem
2686 1371 2926 1435 ordinis
2958 1371 3257 1451 equestris

671 1481 820 1559 post
880 1476 1268 1540 tribunatum.
1331 1476 1591 1558 legionis
1651 1475 1738 1539 ad
1781 1476 2300 1566 procurationem
2352 1474 2830 1555 imperatoriam
2876 1473 3253 1554 pervenisse,

670 1580 936 1644 honores
994 1584 1202 1643 autem
1256 1583 1314 1641 et
1371 1600 1636 1642 munera
1697 1578 1910 1641 omnia
1970 1576 2217 1657 reliqua
2273 1597 2433 1657 quae
2489 1581 2920 1640 memorantur
2962 1577 3030 1638 in
3075 1573 3257 1638 titulo

675 1702 803 1747 esse
847 1681 1269 1764 municipalia
1310 1680 1406 1745 vel
1438 1680 1890 1763 provincialia.
1979 1678 2081 1743 A&
2125 1682 2358 1764 ἀνδρῶν
2404 1681 2855 1765 ἀντιστράτηγος
2906 1677 3034 1741 nisi
3078 1675 3255 1739 intel·

547 1833 554 1837 2
676 1784 968 1866 leyendus
1008 1785 1096 1847 sit
1140 1783 1503 1868 praefectus
1548 1783 1892 1847 duovirum
1941 1781 2255 1860 Corinthi,
2303 1803 2431 1862 qua
2485 1781 2622 1845 alia
2659 1782 2908 1846 ratimze
2951 1779 3264 1862 explicari

672 1890 896 1969 possit,
928 1887 1206 1968 equidem
1235 1908 1361 1949 non
1392 1886 1588 1949 videa.
1674 1885 1848 1948 Nam
1894 1885 1968 1949 de
2003 1884 2285 1948 ‘duoviro
2318 1905 2445 1965 pro
2476 1888 2800 1965 praetore‘
2839 1881 3114 1965 coqitari
3153 1880 3259 1943 via:

669 1995 915 2073 potest;
962 1989 1239 2054 ‘duoviri
1283 1994 1638 2072 praetores‘
1690 1989 1855 2052 enim
1913 1993 1971 2051 et
2018 1987 2466 2069 ‘quattuorviri
2508 1991 2866 2067 praetores’
2916 1986 3262 2066 (nunquam

682 2104 820 2175 ‘pro
857 2093 1211 2175 praetore‘)
1239 2097 1505 2175 praeter
1535 2091 1804 2155 Italiam
1845 2110 1975 2154 non
2020 2091 2425 2154 inveniuntur
2468 2090 2596 2152 nisi
2638 2091 2707 2152 in
2747 2088 2976 2154 Gallia
3007 2086 3262 2152 Narbo-

675 2196 969 2272 nonensi‚
1029 2197 1098 2259 in
1158 2217 1285 2277 qua
1341 2216 1475 2259 una
1522 2195 1864 2275 provincia
1907 2192 2192 2257 Romani
2248 2193 2727 2274 mayistratibus
2768 2189 3264 2271 municipalibus

676 2300 1004 2380 antiquum
1052 2299 1411 2380 ‘praetoris‘
1470 2318 1692 2360 nomen
1755 2296 2147 2359 indulserunt
2206 2295 2287 2375 cf.
2352 2316 2513 2377 quae
2572 2296 2830 2376 exposui
2890 2291 3264 2374 Philoloyus

682 2400 907 2483 Suppl.
974 2400 1074 2465 VI
1123 2399 1313 2477 (1891
1333 2436 1409 2445 —
1430 2404 1616 2477 1893)
1664 2422 1736 2481 p.
1784 2403 1926 2465 672.
2029 2397 2330 2463 Coloniae
2388 2402 2598 2481 autem
2662 2395 3036 2462 Corinthum
3096 2416 3263 2459 anno

678 2508 798 2566 710
844 2531 926 2554 ==
969 2507 1049 2566 44
1095 2502 1395 2566 deductae
1454 2503 1870 2584 mayistratus
1930 2501 2041 2581 qui
2085 2504 2439 2582 praeerant
2476 2498 2623 2563 inde
2668 2500 2748 2563 ab
2794 2499 2980 2562 initio
3022 2518 3265 2581 semper

679 2605 1018 2669 ‘duoviros’
1057 2605 1410 2687 appellatos
1456 2625 1583 2669 esse
1629 2605 2009 2686 confirmant
2051 2604 2295 2666 nummi
2337 2603 2418 2683 cf.
2450 2602 2650 2665 Echel
2681 2602 2772 2666 ΙΙ
2781 2623 2851 2683 p.
2876 2606 3004 2665 238
3026 2621 3154 2682 sqq.
3188 2638 3259 2645 —

680 2708 957 2789 Propter
1003 2708 1181 2771 ludos
1224 2713 1599 2771 memoratos
1639 2706 1820 2771 homo
1866 2706 1954 2769 ad
1997 2710 2266 2770 aetatem
2311 2705 2587 2769 Traiani
2628 2704 2722 2768 vel
2751 2703 3089 2769 Hadriani
3114 2725 3263 2784 per-

680 2812 880 2874 tinere
923 2810 1189 2875 videtur.

805 2913 983 2978 Idem
1026 2913 1274 2977 videtur
1304 2911 1646 2978 Cornelius
1685 2910 1983 2989 Pulcher,
2035 2912 2138 2974 cui
2181 2909 2513 2973 dedicavit
2543 2906 2933 2972 Plutarchus
2977 2904 3263 2971 libellum

677 3019 1059 3101 inscriptum
1105 3024 1234 3087 πῶς
1279 3017 1348 3080 ἂν
1393 3041 1476 3086 τις
1521 3014 1618 3079 ὑπ’
1650 3016 1893 3100 ἐχθρῶν
1942 3015 2274 3099 ὠφέλοιτος
2321 3034 2398 3075 ex
2429 3011 2743 3093 prooemio
2788 3011 2952 3074 enim
2998 3014 3268 3091 apparet

676 3118 1028 3183 Pulchrum
1069 3118 1376 3183 hominem
1423 3119 1621 3199 fuisse
1665 3118 1733 3181 in
1777 3118 1964 3181 rebus·
1997 3116 2281 3198 publicis
2324 3114 2587 3178 midtum
2630 3118 2965 3177 versatum.

552 3223 715 3286 1165
763 3232 827 3288 L.
865 3230 1283 3286 CORNELIVS
1317 3230 1548 3303 valO‚
1600 3221 1674 3285 L.
1708 3220 1771 3299 f.,
1821 3220 1998 3284 tribu
2030 3218 2196 3294 Gal„
2237 3218 2481 3283 lIIIvir
2512 3220 2764 3280 viarum
2804 3215 3263 3296 curandarum,

680 3324 978 3389 tribunus
1024 3323 1298 3388 militum
1345 3323 1618 3406 legionis
1660 3324 1866 3387 XIIII
1912 3322 2247 3401 Geminae,
2299 3332 2622 3406 quaestor,
2689 3318 2987 3383 tribunus
3035 3316 3261 3401 plebis,

679 3436 957 3511 praetor,
1004 3426 1257 3510 legatus
1306 3426 1588 3510 Augusti
1635 3425 1906 3509 legionis
1941 3426 2105 3489 XVI
2154 3426 2326 3501 (ante
2372 3420 2849 3504 Vespasianum)
2894 3425 2934 3486 t.
2981 3421 3269 3485 urbanus

680 3529 1015 3594 Romische
1060 3529 1550 3611 Mittheilunyen
1595 3534 1766 3595 1892
1798 3552 1869 3611 p.
1901 3533 2041 3592 199.

555 3633 721 3697 1166
770 3631 1111 3697 Cornelius
1144 3632 1519 3711 Quadratus
1562 3637 1949 3695 memoratur
1981 3633 2045 3695 in
2088 3629 2319 3713 fistulis
2347 3628 2615 3692 urbanis
2646 3628 2987 3702 Laneiani,
3035 3626 3268 3708 syllogse

677 3736 952 3815 aquaria
1010 3757 1072 3801 u.
1117 3741 1197 3798 44
1259 3732 1755 3815 Cornelio(rum)
1803 3734 2208 3813 Front(0nis)
2256 3744 2321 3794 et
2367 3728 2732 3812 Quadra[ti]
2778 3734 2837 3793 et
2878 3750 2941 3792 n.
2989 3732 3070 3793 45
3111 3727 3267 3792 Cor-

677 3836 1055 3920 neli(orum)
1104 3839 1507 3917 Fronto(nis)
1556 3848 1619 3901 et
1650 3836 1992 3917 Quadrati.
2059 3835 2300 3899 Frater
2328 3833 2576 3897 ridetur
2610 3833 2707 3896 M.
2752 3831 3036 3897 Cornelii
3060 3830 3268 3895 Fron·

680 3941 846 4004 tonis
886 3939 1190 4016 rhetoris,
1246 3942 1355 4021 qui
1397 3941 1654 4022 scripsit
1705 3940 1778 4003 de
1819 3943 2042 4020 nepote
2096 3940 2327 4001 amisso
2378 3959 2447 4018 p.
2492 3941 2621 4001 235
2662 3935 2753 4002 ed.
2806 3934 3064 3999 Naber:
3121 3955 3266 3997 eum

676 4043 879 4107 fratre
925 4045 1166 4127 optimo
1214 4042 1714 4106 concordissime
1759 4043 1915 4122 vixi,
1967 4063 2156 4126 quem
2204 4041 2405 4126 patris
2437 4040 2639 4102 vestri
2675 4044 2785 4119 (z
2820 4037 2946 4118 Pii)
2982 4035 3267 4100 bonitate

677 4167 958 4209 summos
985 4146 1255 4209 honores
1268 4144 1749 4227 (consulatum12)
1765 4144 2067 4229 adeptum
2093 4143 2367 4227 gaudeo,
2388 4154 2609 4205 vestra
2624 4162 2781 4204 vero
2807 4140 3093 4203 amicitia
3115 4141 3270 4203 satis

675 4250 964 4335 quietum
987 4260 1049 4312 et
1071 4247 1340 4311 multum
1367 4270 1667 4312 securum
1689 4236 1873 4311 video
1895 4271 1912 4329 ς
1925 4252 2269 4329 praeterea
2292 4246 2494 4310 frater
2516 4248 2904 4309 memoratur
2914 4263 2986 4323 p.
3002 4247 3110 4307 32.
3131 4247 3269 4306 134.

552 4351 716 4417 1167
765 4359 1186 4414 CORNELIVS
1247 4358 1758 4426 REPENTINVS,
1825 4370 2032 4433 gener
2091 4348 2271 4413 Didii
2331 4348 2603 4417 Iuliani,
2660 4368 2856 4431 quem
2917 4347 3269 4430 imperium

682 4453 956 4539 adeptus
1001 4454 1066 4516 in
1108 4452 1320 4516 locum
1354 4451 1714 4537 Sulpiciani
1763 4453 2159 4537 praefectum
2214 4451 2355 4515 urbi
2405 4472 2572 4514 anuo
2609 4451 2728 4513 193
2774 4448 2931 4512 fecit
2960 4450 3068 4512 vit.
3104 4448 3262 4512 Did.

676 4557 916 4626 Iulian.
945 4561 1003 4632 3,
1037 4562 1111 4634 6,·
1154 4560 1213 4632 8,
1247 4560 1304 4619 6.
1399 4555 1720 4619 Maritum
1765 4576 1892 4619 esse
1938 4554 2179 4619 Didiae
2227 4552 2486 4627 Clarae,
2532 4574 2692 4634 quae
2725 4557 2921 4634 patre
2964 4555 3269 4632 remeante

672 4658 968 4740 Augusta
1023 4664 1395 4740 nuncupata
1453 4664 1543 4723 est
1601 4660 1681 4739 cf.
1729 4658 1971 4723 Eckhel
2029 4657 2169 4721 VII
2208 4680 2278 4739 p.
2328 4662 2463 4732 151,
2526 4659 2761 4719 certum
2804 4654 3087 4732 videtum
3149 4652 3270 4717 alii

676 4767 884 4826 autem
926 4763 1214 4844 coniuyes
1259 4761 1659 4844 intelleyendi
1701 4766 1847 4825 sunt
1888 4762 1994 4824 vit.
2027 4759 2271 4824 Pertin.
2304 4764 2400 4829 14,
2434 4764 2492 4834 4,
2539 4757 2653 4821 ubi
2681 4755 2925 4820 Didius
2969 4755 3268 4820 Iulianus

673 4865 880 4948 filiam
920 4864 1055 4947 filio
1099 4864 1330 4945 fratris
1376 4864 1770 4945 despondisse
1811 4867 2142 4927 narratur.

547 4968 714 5033 1168
762 4976 926 5031 SEX.
975 4976 1396 5030 CORNELIVS
1453 4975 1927 5029 REPENTINVS
1985 4967 2095 5045 qm·
2153 4969 2209 5028 et
2256 4973 2715 5027 CONTvomvs
2765 4965 3153 5026 memoratu-r
3209 4961 3277 5023 in

672 5070 894 5151 fistula
939 5069 1244 5152 plumbea
1299 5071 1554 5133 urbana
1598 5070 1924 5133 Lanciani
1977 5067 2210 5149 sylloqe
2271 5068 2548 5149 aquaria
2591 5088 2654 5129 n.
2686 5070 2817 5129 172
2862 5062 2951 5151 (1)
3000 5069 3057 5127 et
3118 5065 3187 5128 in
3233 5068 3275 5127 t.

680 5172 980 5256 acephalo
1028 5173 1129 5237 VI
1164 5178 1323 5237 1564
1369 5173 1485 5256 (2).
